4098 6200
347 254 453 309 805

343 371 514 441 ἕτερά
560 385 683 421 τινα
718 366 956 430 διελθὼν,
994 369 1239 438 ἐπιφέρει
1276 387 1288 399 ο

349 482 367 513 ι
409 460 545 531 περὶ
588 458 700 511 τῶν
738 458 1082 528 προαγόντων
1115 460 1443 531 εἰρήκαμεν,
1488 463 1775 517 ἀκόλουθόν
1806 467 1921 517 ἐστι

350 571 368 601 ι
409 550 509 603 καὶ
536 547 595 600 τὸ
618 548 795 599 λεῖπον
820 546 1226 617 ἀναπληρῶσαι.
1246 551 1433 602 Λείπει
1455 550 1610 613 δὲτὸ,
1641 570 1660 603 ι
1684 554 1832 605 κατὰ
1852 554 1923 607 τὰ

353 662 369 691 ι
414 641 527 708 ὅρη
548 640 643 693 καὶ
678 638 815 703 τοὺς
835 639 1122 704 βουνούς.
1178 641 1290 712 Πρὸ
1315 643 1422 713 γὰρ
1445 643 1539 695 τοῦ
1560 644 1628 696 τά
1656 644 1756 715 ὅρη
1775 645 1923 714 ἐδρα-

354 753 369 780 ι
413 730 627 801 σθῆναι.
678 731 827 800 φησὶ,
867 730 971 800 πρὸ
1008 731 1066 783 δὲ
1106 732 1322 785 πάντων
1365 734 1472 787 τῶν
1512 734 1735 803 βουνῶν,
1760 738 1920 806 γεννᾷ

356 843 373 873 ι
422 840 509 892 με.
541 824 676 892 Ὀρη
710 823 801 874 καὶ
832 822 1049 891 βουνοὺς
1074 825 1198 885 τοὺς
1218 824 1540 887 ἀποστόλους
1561 827 1791 889 καὶτοὺς
1812 827 1919 878 τῶν

360 930 377 962 ι
420 910 725 962 ἀποστόλων
752 910 1030 981 διαδόχους
1074 908 1208 965 εἶναι
1228 953 1241 977 ,
1269 914 1355 966 ἴνα
1384 916 1535 986 παρὰ
1576 916 1699 979 τοὺς
1729 916 1918 981 ἄλλους

360 1019 378 1050 ι
419 1000 732 1071 ἀνθρώπους
757 1000 855 1070 τὴν
901 1002 1020 1055 κατ’
1048 1002 1225 1055 αὐτῶν
1244 1004 1455 1058 δικαίαν
1486 1005 1755 1059 πολιτείαν
1783 1024 1919 1080 παρ-

362 1112 378 1141 ι
418 1091 681 1161 οιμιωδῶς
730 1093 991 1163 σημαίνῃ.
1055 1112 1072 1144 ι
1125 1094 1388 1159 Τοιαύτας
1433 1096 1582 1160 τινὰς
1625 1099 1918 1169 ἑρμηνείας

353 1187 671 1257 ἐκθέμενος,
724 1183 880 1251 αὖθις
924 1190 1014 1241 ἐπὶ
1059 1189 1156 1251 τὰς
1203 1190 1560 1254 ἀποστολικάς
1604 1190 1916 1261 μεταϐαίνει

352 1278 553 1347 φωνὰς,
572 1279 835 1332 τάναντία
862 1278 940 1349 τῷ
981 1280 1283 1350 Ἀποστόλῳ
1309 1280 1692 1352 φθεγγόμενος.
1736 1283 1791 1335 '0
1819 1285 1915 1354 μὲν

350 1373 456 1443 γὰρ
490 1372 583 1425 τὸν
646 1372 882 1442 προόντα
943 1372 1078 1425 my
1110 1373 1215 1426 τοῦ
1245 1373 1393 1426 Θεοῦ
1418 1375 1511 1426 καὶ
1538 1376 1915 1442 Πρωτότοκον

347 1460 550 1527 πάσης
587 1462 838 1524 κτίσεως
882 1458 1042 1511 αὐτὸν
1086 1455 1227 1512 εἶναι
1266 1459 1508 1513 ἐδίδασκε
1528 1477 1542 1491 ο
1568 1460 1634 1513 τά
1658 1460 1832 1513 πάντα
1857 1462 1913 1513 ἐν

348 1551 516 1621 αὐτῷ,
542 1550 637 1603 καὶ
654 1550 720 1603 δι’
746 1548 905 1603 αὐτοῦ
935 1550 1195 1604 ἐκτίσθαι⁹
1221 1550 1381 1603 αὐτόν
1414 1568 1473 1603 τε
1509 1546 1647 1603 εἶναι
1664 1551 1769 1620 πρὸ
1789 1552 1914 1604 πάν-

346 1658 454 1694 των
502 1639 713 1711 μεγάλῃ
738 1638 832 1710 βοῇ
858 1641 1284 1711 μαρτυρόμενος·
1310 1642 1339 1693 ὁ
1372 1640 1429 1693 δὲ
1460 1640 1552 1692 ἐπὶ
1591 1640 1688 1710 τὴν
1710 1642 1909 1712 σάρκα,

1472 257 1752 313 CONTRA
1794 257 2220 315 MARCELLUM
2262 260 2389 313 LIB.
2435 260 2499 315 Il.

1328 389 1343 421 ι
1376 372 1581 425 υύκοῦν
1634 375 1912 444 ἐπειδήπερ

2032 394 2049 422 ι
2097 374 2455 442 apostolorum
2482 374 2591 443 typi
2617 373 3138 441 praenuntiabantur.
3167 373 3410 430 Meminit
3437 382 3584 434 enim

3479 267 3584 322 806

2029 483 2046 513 ι
2094 473 2273 517 textus
2299 463 2389 518 ille
2413 463 2696 518 duodecim
2724 464 2950 519 Iontium
2983 465 3035 519 in
3061 466 3198 519 Etim
3223 508 3239 533 ,
3293 479 3414 519 cum
3458 484 3589 537 apo-

2029 573 2046 603 ι
2093 554 2354 609 stolarum
2397 556 2595 609 chorus
2643 565 2788 610 esset
2827 556 3207 611 duodenarius.
3240 575 3261 608 ι
3299 556 3440 611 Idem
3486 559 3588 612 ite.

2024 662 2140 699 rum
2171 646 2261 700 ille
2290 646 2491 713 regerit
2539 647 2607 699 ad
2664 646 2805 701 hunc
2836 647 3074 713 modum,
3102 648 3390 717 inquiens:
3432 668 3450 699 ι
3477 649 3587 702 Με-

2028 755 2044 785 ι
2098 737 2198 789 rito
2244 736 2407 805 igitur
2431 736 2496 789 de
2529 736 2875 805 generatione
2904 740 3194 791 secundum
3224 752 3444 792 carnem
3482 740 3588 792 Do-

2026 843 2043 873 ‹
2091 825 2267 878 minus
2319 839 2413 893 per
2452 828 2771 894 prophetam
2830 825 3173 880 Salomoncm
3206 828 3388 882 dixit:
3419 832 3583 883 Ante-

2026 934 2043 965 ι
2090 933 2245 985 quam
2274 917 2443 984 fontes
2485 935 2744 985 aquarum
2796 920 3145 987 provenirent.
3178 938 3195 969 ι
3228 917 3284 971 In
3316 923 3589 987 sequenti-

2020 1008 2150 1070 bus,
2198 1009 2440 1076 quaedam
2489 1008 2591 1061 alia
2658 1020 2976 1078 prosecutus
3036 1009 3197 1078 stylo,
3261 1008 3580 1081 intert:[tl.

2016 1096 2185 1170 XXII]
2214 1098 2507 1165 «Quocirca
2530 1114 2651 1153 cum
2672 1100 3027 1168 przecedentia
3047 1101 3307 1154 fuerimus
3324 1102 3583 1166 exsecuti,

2024 1209 2040 1240 ι
2086 1205 2422 1260 consequens
2465 1201 2566 1254 est,
2600 1201 2659 1244 tit
2694 1192 2835 1260 quod
2864 1200 3028 1245 restat
3056 1191 3229 1245 adhuc
3256 1192 3583 1260 expleamus.

2021 1302 2038 1330 ‹
2086 1281 2272 1335 Restat
2309 1291 2484 1335 autem
2533 1282 2684 1345 illud,
2721 1298 2827 1349 quo
2857 1282 3102 1335 meminit
3128 1283 3389 1335 montium
3425 1291 3583 1348 atque

2022 1390 2039 1419 ι
2083 1372 2345 1425 saltuum:
2382 1372 2454 1425 ait
2482 1373 2623 1425 enim
2655 1372 2978 1438 :Antequam
3012 1384 3207 1424 montes
3226 1370 3582 1437 ﬁrmarentur,

2022 1481 2039 1509 ι
2088 1476 2209 1514 ante
2242 1476 2419 1514 omnes
2451 1462 2622 1513 saltus
2664 1463 2838 1530 genuit
2876 1476 2971 1512 me.
3008 1458 3143 1514 Esse
3181 1475 3345 1530 porro
3376 1468 3584 1513 montes

2024 1569 2040 1600 ι
2090 1553 2254 1604 hosce
2281 1562 2443 1620 atque
2482 1551 2655 1605 saltus
2689 1553 2965 1618 apostolos
3000 1562 3051 1605 et
3080 1565 3419 1605 successores
3452 1565 3582 1618 apo-

2022 1658 2038 1687 ι
2087 1638 2341 1691 stolorum
2384 1652 2400 1692 :
2447 1647 2506 1691 ut
2545 1638 2615 1691 ita
2670 1638 2880 1692 illorum
2915 1639 3212 1708 justissima
3241 1640 3584 1694 conversatio

349 1734 444 1785 καὶ
479 1730 680 1801 ταύτην
708 1730 1032 1783 καταϐάλλει
1082 1731 1177 1803 τὴν
1229 1731 1519 1801 θεολογίαν*
1544 1734 1737 1805 μικρὸν
1754 1733 1909 1787 ὓστε-

2018 1750 2031 1777 ι
2080 1740 2245 1797 atque
2292 1729 2410 1782 vita:
2456 1730 2737 1794 institutio,
2767 1740 2892 1783 ante
2936 1745 3123 1786 omnes
3186 1731 3414 1784 aliorum
3444 1733 3583 1801 poli-

357 1838 449 1893 ρον
484 1823 576 1874 καί
624 1819 823 1889 ταύτην
855 1820 1200 1891 ἀρνούμενος.
1245 1822 1405 1890 Λέγει
1444 1822 1501 1875 δὲ
1534 1822 1708 1876 οὕτω·
1752 1844 1770 1874 ι
1814 1823 1913 1876 Διά

362 1934 380 1965 ι
420 1912 578 1966 τοῦτο
596 1913 813 1976 εἰκότως
835 1912 1105 1985 ἐπιφέρει,
1133 1913 1231 1977 ’ος
1252 1914 1422 1968 ἐστιν
1440 1913 1615 1967 εἰκὼν
1635 1915 1740 1969 τοῦ
1764 1915 1913 1969 Θεοῦ

363 2026 380 2056 ι
421 2005 526 2058 τοῦ
542 2004 811 2072 ἀοράτου.
847 2023 865 2055 ι
889 2005 1025 2058 Πότε
1053 2005 1340 2075 γενόμενος
1366 2005 1559 2071 εἰκών;
1587 2007 1657 2059 Ἦ
1674 2006 1913 2077 ὁπηνίκα

357 2097 418 2150 τδ
454 2096 572 2149 κατ’
617 2096 797 2148 εἰκόνα
820 2096 912 2150 καὶ
950 2096 1068 2148 καθ’
1092 2096 1350 2167 ὁμοίωσιν
1378 2096 1633 2168 ἀνείληφε
1654 2098 1911 2169 πλάσμα;

362 2211 378 2238 ι
420 2188 683 2259 Πρότερον
710 2187 838 2258 γὰρ,
873 2186 1060 2258 ὥσπερ
1090 2186 1345 2251 πολλάκις
1372 2188 1527 2258 ἔφην,
1555 2188 1707 2242 οὐδὲν
1733 2189 1915 2261 ἕτερον

359 2298 377 2330 ε
415 2276 482 2351 ἦν
515 2280 546 2350 ἢ
586 2280 775 2348 Λόγος·
821 2298 840 2329 ι
879 2279 973 2333 καὶ
1024 2279 1269 2349 ἐπιμένει
1300 2279 1360 2332 τό
1408 2280 1538 2333 αὐτὸ
1570 2280 1915 2352 γυμνώτερον

349 2372 645 2440 διασαφῶν,
682 2372 747 2424 δι’
784 2365 857 2425 ὧν
888 2388 1051 2442 φησιν
1072 2388 1084 2400 ·
1111 2391 1127 2423 ι
1155 2370 1361 2424 Οὐκοῦν
1396 2372 1773 2443 πρόδηλον,ὃτι
1810 2373 1916 2444 πρὸ

356 2484 375 2517 ι
400 2466 502 2534 τῆς
534 2465 626 2518 τοῦ
652 2464 919 2535 ἡμετέρου
956 2462 1204 2535 σώματος
1224 2464 1538 2534 ἀναλήψεως
1558 2467 1585 2517 ό
1602 2466 1769 2534 Λόγος
1795 2465 1914 2517 καθ’

353 2571 373 2603 ι
398 2552 589 2604 ἑαυτὸν
620 2552 718 2604 οὐκ
767 2547 834 2622 ἦν
863 2551 1022 2604 υἱκὼν
1051 2553 1143 2605 τοῦ
1164 2552 1395 2624 ἀοράτου
1433 2553 1589 2607 Θεοῦ.
1646 2555 1759 2625 Τὴν
1809 2554 1915 2625 γάρ

354 2666 373 2694 ι
402 2646 585 2698 εἰκόνα
600 2646 826 2716 ὁρᾶσθαι
848 2647 1131 2716 προσήκει,
1159 2645 1242 2698 ἵνα
1262 2646 1347 2699 διὰ
1369 2647 1468 2715 τῆς
1483 2646 1685 2709 εἰκόνος
1699 2646 1760 2699 τὸ
1781 2647 1917 2710 τέως

356 2754 373 2785 ι
404 2736 477 2806 μὴ
510 2736 781 2807 δρώμενον
818 2736 1042 2807 ὁρᾶσθαι
1080 2737 1323 2807 δύνηται.
1354 2757 1370 2788 ι
1397 2739 1505 2791 Καὶ
1523 2738 1917 2809 πάλινπροστί-

352 2828 477 2897 θησι
501 2826 670 2894 λέγων
690 2843 703 2856 ·
744 2845 761 2875 ι
803 2826 924 2889 Πῶς
951 2822 1043 2879 οὖν
1064 2827 1243 2880 εἰκόνα
1276 2826 1368 2881 τοῦ
1401 2826 1631 2900 ἀοράτου
1657 2824 1790 2879 Θεοῦ
1826 2825 1916 2878 τὸν

358 2937 378 2968 ε
418 2916 511 2968 τοῦ
534 2916 665 2969 Θεοῦ
707 2917 871 2983 Λόγον
907 2918 1174 2989 ’Λστέριος
1205 2914 1340 2971 εἷναι
1378 2920 1676 2988 γέγραφενς
1712 2917 1777 2968 Αἰ
1810 2916 1917 2987 γὰρ

358 3028 377 3060 ι
424 3009 628 3072 εἰκόνες
684 3010 903 3071 τούτων,
938 3003 1013 3063 ὦν
1044 3012 1181 3063 εἰσιν
1230 3010 1456 3074 εἰκόνες,
1509 3010 1603 3063 καὶ
1643 3009 1911 3075 ἀπόντων,

359 3120 378 3151 ι
419 3100 680 3152 δεικτικαί
721 3102 870 3153 εἰσιν·
912 3102 1050 3154 ὥστε
1083 3102 1175 3155 καὶ
1215 3102 1305 3155 τὸν
1350 3102 1553 3154 ἀπόντα
1580 3100 1687 3171 (69)
1722 3100 1787 3153 δι’
1815 3102 1911 3153 αύ-

358 3209 376 3241 ι
415 3192 522 3243 τῶν
539 3191 817 3259 φαίνεσθαι
836 3192 1025 3246 δοκεῖν.
1053 3194 1115 3245 Εἰ
1134 3192 1189 3245 δὲ
1210 3192 1301 3245 τοῦ
1326 3192 1458 3245 Θεοῦ
1487 3192 1714 3263 ἀοράτου
1738 3192 1908 3255 ὄντος,

356 3304 373 3333 ι
413 3284 639 3354 ἀόρατον
661 3280 795 3337 εἰναι
829 3290 922 3340 και
944 3286 1033 3339 τὸν
1066 3287 1236 3351 Λόγον
1266 3285 1570 3355 συμϐαίνει,
1597 3284 1714 3347 πῶς
1749 3282 1912 3337 εἰκὼν

354 3398 370 3427 ι
412 3376 506 3429 τοῦ
540 3378 771 3447 ἀοράτου
800 3378 931 3430 Θεοῦ
960 3378 1078 3431 καθ’
1101 3378 1291 3432 ἑαυτὸν
1321 3379 1349 3430 ό
1386 3378 1555 3447 Λόγος
1588 3374 1723 3431 εἶναι
1750 3377 1910 3430 δύνα-

354 3488 369 3517 ι
410 3485 521 3527 ται,
562 3470 653 3521 καὶ
694 3470 853 3533 αὐτὸς
896 3470 1120 3541 ἀόρατος
1161 3468 1272 3533 (av;
1309 3469 1568 3524 ἀδύνατον
1599 3470 1707 3541 γάρ
1739 3470 1798 3523 τὸ
1837 3469 1911 3541 μὴ

354 3580 373 3613 ι
410 3562 603 3633 ὁρατὸν
633 3562 721 3615 διὰ
757 3563 851 3616 τοῦ
888 3564 1120 3635 ἀοράτου
1159 3564 1392 3634 φανῆναί
1439 3581 1589 3617 ποτε.
1626 3585 1644 3615 ι
1698 3564 1805 3616 Καὶ
1855 3566 1912 3616 ἐν

350 3654 557 3717 τούτοις
584 3656 639 3708 δὲ
667 3657 695 3708 ό
722 3656 1036 3727 Μάρκελλος
1064 3658 1122 3710 ού
1153 3658 1371 3727 συνορᾷ,
1401 3658 1503 3721 ὃτι,
1534 3659 1581 3710 εἰ
1612 3656 1707 3728 τὴν
1736 3658 1913 3729 σάρκα

350 3745 570 3816 δοίημεν
603 3741 740 3798 εἰναι
768 3745 863 3817 τὴν
897 3747 1077 3798 εἰκόνα
1111 3747 1204 3799 τοῦ
1236 3746 1392 3809 Θεοῦ,
1426 3745 1542 3817 ὥρα
1566 3748 1659 3799 καὶ
1700 3747 1912 3799 πάντων

350 3834 445 3887 ἀνθ
454 3835 646 3906 ρώπων
662 3836 757 3897 τάς
781 3835 1007 3905 σάρκας,
1031 3836 1123 3887 καὶ
1144 3836 1212 3888 τά
1233 3836 1339 3887 τῶν
1366 3837 1628 3906 σωμάτων
1649 3835 1912 3907 πρόσωπα

350 3926 724 3990 εἰκόναςέἷναι
754 3930 926 3997 λέγειν
949 3929 1039 3982 τοῦ
1070 3928 1225 3981 Θεοῦ.
1259 3929 1418 3979 Ὥστε
1451 3930 1571 3979 κατ’
1592 3927 1751 3979 αὐτὸν
1804 3945 1909 3997 μη·-

354 4017 445 4071 δέν
496 4018 767 4090 ἐξαίρετον
806 4021 1093 4091 ἐσχηκέναι
1131 4021 1220 4072 τὸν
1254 4019 1501 4088 Σωτῆρα.
1541 4020 1595 4070 ὐ
1634 4018 1677 4070 δ’
1726 4017 1912 4089 ὥσπερ

351 4111 736 4182 ἐπιλαθόμενος
768 4108 845 4167 ὧν
878 4113 1013 4183 μετά
1046 4112 1214 4165 ταῦτα
1248 4112 1373 4181 περί
1409 4110 1506 4179 τῆς
1536 4110 1733 4179 σαρκὸς
1788 4126 1911 4161 συν-

352 4203 574 4274 έγραψε,
604 4204 787 4257 δούλου
824 4205 1033 4277 μορφὴν
1071 4202 1236 4273 αὐτὴν
1266 4199 1433 4253 εἰπὼν
1457 4191 1521 4265 ’ἐξ
1555 4198 1911 4269 ἁποστολικῆς

352 4295 719 4365 παραθέσεως,
782 4297 871 4352 καὶ
916 4296 1003 4351 διά
1062 4295 1219 4349 τοῦτο
1285 4295 1358 4365 μὴ
1417 4290 1672 4346 δύνασθαι
1736 4294 1909 4343 συνεί-

2019 1842 2036 1873 ι
2090 1823 2225 1885 tias,
2273 1822 2603 1892 intelligatur
2649 1823 2960 1877 denotari.»
3014 1822 3398 1891 llujuscemodi
3449 1838 3575 1877 suas

2015 1914 2492 1983 interpretationes
2522 1913 2609 1967 ubi
2651 1923 3024 1983 pr0posucrat,
3058 1915 3233 1986 pergit
3270 1915 3484 1970 demum
3514 1916 3579 1967 ait

2016 2008 2321 2060 testimonia
2363 2006 2677 2075 apostolica,
2721 2016 2777 2060 et
2814 2008 3071 2075 Apostolo
3112 2008 3382 2063 contraria
3426 2007 3478 2061 in
3518 2021 3582 2060 os

2013 2098 2289 2168 obgannit.
2344 2097 2486 2151 «Ille
2546 2100 2679 2151 enim
2735 2099 3148 2166 prwexiatentem
3212 2097 3403 2152 Filium
3462 2098 3579 2160 Dei,

2020 2209 2036 2239 ι
2085 2188 2265 2243 omnis
2308 2198 2570 2244 creatura:
2633 2188 3056 2259 Primogenitum
3104 2189 3331 2258 appellat
3361 2189 3579 2242 :omnia

2018 2304 2039 2327 α
2087 2283 2141 2335 in
2174 2282 2265 2337 illo
2296 2291 2350 2335 et
2378 2297 2475 2347 per
2509 2280 2657 2335 illum
2689 2282 2904 2335 condita
2958 2280 3113 2335 docet
3143 2298 3157 2333 :
3192 2294 3423 2348 eumque
3455 2290 3584 2333 ante

2022 2393 2038 2423 ι
2086 2374 2266 2427 omnia
2314 2374 2591 2429 exstitisse
2642 2391 2830 2444 magna
2861 2389 2980 2427 voce
3012 2382 3379 2438 protestatur;
3416 2381 3468 2423 at
3501 2375 3581 2424 hic

2024 2486 2040 2516 ι
2087 2467 2220 2520 hanc
2246 2467 2412 2531 ipsam
2442 2467 2753 2535 theologiam
2787 2468 2855 2517 ad
2899 2480 3109 2518 carnem
3142 2466 3350 2516 deducu
3380 2477 3397 2515 :
3422 2479 3579 2531 quam
3635 2458 3655 2471 ’

2022 2578 2037 2607 ι
2084 2568 2130 2611 et
2174 2559 2343 2625 ipsum
2372 2558 2548 2609 statim
2585 2568 2734 2626 negat
2765 2572 2781 2608 :
2811 2557 2887 2608 ait
2947 2566 3125 2607 autem
3174 2571 3187 2607 :
3227 2553 3314 2622 [Ιὶ.
3341 2552 3583 2625 LXXXI]

2021 2669 2037 2699 ι
2086 2647 2289 2703 Idcirco
2320 2649 2512 2703 merito
2545 2647 2728 2711 infert,
2765 2647 2865 2713 Qui
2910 2656 2993 2700 est
3015 2647 3187 2713 imago
3215 2646 3306 2698 Dei
3335 2645 3577 2699 invisibi-

2023 2759 2040 2791 ι
2087 2740 2174 2804 lis,
2206 2740 2421 2808 quando
2447 2750 2625 2792 autem
2672 2740 2745 2792 ita
2779 2738 2989 2792 tactus?
3017 2737 3153 2790 Num
3188 2753 3310 2791 cum
3350 2737 3571 2807 ﬁgmen-

2024 2850 2040 2880 ι
2090 2839 2201 2883 tum
2233 2829 2525 2898 assumpsit
2551 2828 2676 2884 illud
2701 2831 2842 2897 quod
2875 2829 3073 2883 factum
3100 2837 3180 2882 est
3199 2827 3265 2881 ad
3293 2827 3576 2897 imaginem

2024 2941 2041 2970 ι
2088 2930 2143 2975 et
2167 2920 2617 2975 similitudinem?
2651 2925 2708 2983 >3
2743 2919 2901 2973 Prius
2929 2921 3151 2979 etenim,
3193 2920 3334 2988 quod
3376 2918 3564 2987 aliquo

2024 3033 2040 3063 ι
2090 3013 2189 3067 ties
2238 3011 2494 3073 diximus.
2546 3012 2675 3065 nihil
2725 3012 2870 3065 aliud
2897 3026 3062 3079 quam
3118 3012 3348 3065 Verbum
3391 3021 3525 3064 erat.
3555 3032 3573 3061 ι

2015 3105 2250 3165 Perstat.
2283 3112 2336 3157 et
2376 3103 2477 3157 hoc
2510 3102 2834 3171 eXpIicatit‘ts
2887 3102 3139 3167 eiuculat,
3174 3101 3261 3155 ubi
3292 3102 3524 3172 loquitur
3559 3117 3575 3153 :

2015 3195 2102 3267 [R.
2122 3193 2312 3248 XXXII
2332 3195 2457 3248 colt.
2475 3209 2524 3263 p.
2544 3194 2614 3248 ει
2636 3194 2704 3266 Β]
2727 3213 2745 3245 ι
2775 3194 2865 3249 Est
2882 3209 3010 3265 ergo
3034 3193 3405 3258 manifestum,
3429 3196 3571 3264 qnnd

2014 3304 2115 3341 non
2152 3297 2268 3342 erat
2297 3286 2529 3341 Verbum
2572 3288 2748 3355 imago
2786 3286 3072 3339 invisibilis
3102 3285 3195 3339 Dei
3242 3295 3368 3339 ante
3397 3286 3576 3339 carnis

2014 3390 2212 3435 nostra:
2258 3379 2706 3445 assninptionem.
2741 3377 2872 3429 Nam
2916 3390 3136 3429 necesse
3175 3385 3256 3429 est
3287 3376 3575 3447 imaginem

2013 3471 2184 3524 oculis
2207 3469 2376 3533 cerni,
2393 3478 2450 3521 ut
2474 3468 2546 3520 ita
2568 3483 2662 3536 per
2681 3467 3323 3537 imaginemdiscernatnr
3346 3468 3397 3521 id
3423 3470 3565 3536 quoii

2015 3577 2116 3616 non
2136 3570 2341 3630 poterat
2358 3570 2510 3612 antea
2540 3558 2707 3612 oculis
2735 3558 3032 3621 usurpari.»
3056 3556 3182 3608 Dein
3201 3556 3348 3608 addit
3373 3557 3575 3622 κρυε-

2020 3672 2037 3703 ι
2090 3651 2211 3705 mad
2226 3667 2274 3703 ιιι
2292 3651 2451 3702 odnnt
2482 3649 2646 3717 igitur
2670 3647 2915 3701 Asterius
2941 3644 3192 3708 allii-mat,
3222 3644 3310 3698 Dei
3343 3643 3573 3697 Verbum

2018 3763 2036 3796 ι
2082 3744 2356 3798 exstitisse
2405 3743 2693 3811 imaginem
2756 3736 3043 3792 invisibilis
3107 3734 3237 3789 Dei?
3311 3734 3576 3805 Imagines

2017 3856 2034 3887 ι
2082 3837 2279 3891 etenim
2318 3844 2441 3889 sunt
2475 3849 2661 3887 earum
2705 3847 2885 3886 rerum
2938 3827 3372 3884 demonstrativa:
3409 3828 3570 3881 etiam

2018 3948 2035 3979 ι
2080 3928 2413 3991 absentium,
2452 3939 2679 3996 quarum
2719 3934 2846 3977 sunt
2890 3922 3158 3991 imagines
3196 3920 3315 3974 :ita
3374 3929 3428 3972 ut
3476 3933 3575 3987 per

2020 4036 2036 4067 ι
2086 4018 2204 4072 illas
2232 4016 2316 4070 vel
2352 4018 2628 4071 absentem
2660 4016 2925 4084 possimus
2955 4012 3175 4066 intueri.
3215 4010 3415 4078 Quodsi
3454 4011 3570 4072 Dei,

2017 4128 2035 4160 ι
2084 4126 2204 4164 cum
2236 4110 2311 4163 sit
2344 4109 2651 4173 invisibilis,
2677 4108 2896 4161 verbum
2919 4121 3133 4176 quoque
3156 4105 3427 4159 invisibile
3450 4103 3522 4156 sit
3550 4122 3565 4156 :

2017 4223 2033 4252 ι
2077 4201 2345 4270 quomodo
2379 4200 2593 4252 tandem
2632 4195 2885 4259 Verbum,
2927 4197 2978 4250 in
3008 4211 3068 4250 se
3100 4194 3392 4261 invisibile,
3428 4195 3569 4248 invi-

2016 4312 2032 4343 i
2081 4292 2252 4347 sibilis
2288 4291 2377 4345 Dei
2419 4292 2592 4359 imago
2618 4302 2738 4342 esse
2774 4299 2947 4357 potest
2973 4287 2995 4340 ?
3020 4287 3179 4342 Certe
3220 4296 3302 4341 est
3350 4301 3569 4355 prorsus

351 4404 440 4439 ναι
468 4388 683 4459 (70)τῷ
707 4390 882 4459 Λόγῳ,
919 4389 1005 4441 διὰ
1040 4387 1295 4441 τὺδούλου
1336 4384 1547 4457 μορφὴν
1575 4378 1741 4437 εἶναι’
1779 4384 1911 4436 ἀλλά

2021 4401 2039 4434 ι
2086 4382 2441 4453 impossibile,
2490 4392 2549 4435 ut
2594 4381 2735 4449 quod
2799 4396 2901 4434 non
2952 4379 3185 4443 videtur,
3228 4394 3323 4448 per
3366 4378 3568 4447 aliquid

350 4479 443 4530 καί
466 4483 642 4550 γυμνῇ
672 4482 736 4550 τῇ
766 4480 970 4551 κεφαλῇ
1006 4483 1215 4551 φήσας,
1249 4497 1267 4530 ι
1302 4477 1417 4540 πῶς
1455 4472 1684 4546 ἐγχωρεῖ
1714 4474 1810 4545 τὴν
1842 4475 1905 4528 ἐκ

357 4589 374 4619 ⁸
419 4571 519 4639 γῆς
547 4588 603 4624 τε
635 4567 818 4635 οὖσαν,
846 4574 937 4625 καὶ
968 4573 1131 4643 μηδὲν
1174 4569 1505 4639 ὠφελοῦσαν,
1536 4570 1593 4620 ἐν
1628 4569 1737 4629 τοῖς
1775 4567 1899 4637 μέλ-

354 4680 374 4710 (
415 4662 590 4713 λουσιν
616 4663 773 4716 αἰῶσι
805 4666 1039 4716 συνεῖναι
1066 4662 1143 4733 τῷ
1169 4663 1344 4731 Λόγῳ;
1371 4680 1389 4712 ι
1430 4657 1567 4711 εἶναι
1599 4658 1782 4711 εἰκόνα
1811 4657 1903 4709 τοῦ

346 4754 577 4824 ἀοράτου
597 4754 753 4822 Θεοῦ,
778 4757 876 4827 τὴν
908 4756 1084 4826 σάρκα
1116 4754 1206 4808 ἐπὶ
1240 4754 1330 4805 τοῦ
1362 4752 1623 4823 παρόντος
1648 4750 1908 4820 διισχυρί-

348 4845 500 4909 ζεται
525 4846 994 4917 διαϐεϐαιούμενος
1019 4844 1419 4915 ἀποφαντικῶς,
1446 4844 1526 4895 ὃτι
1556 4842 1661 4912 πρὸ
1684 4841 1782 4910 τῆς
1816 4839 1907 4893 τοῦ

347 4938 615 5009 ἡμετέρου
674 4940 924 5010 σώματος
974 4938 1288 5009 ἀναλήψεως
1344 4935 1445 4989 οὐκ
1485 4929 1553 5004 ἦν
1608 4932 1769 4984 εἰκὼν
1811 4931 1905 4983 τοῦ

346 5028 578 5098 ἀοράτου
594 5028 749 5092 Θεοῦ,
771 5032 799 5083 ό
818 5030 988 5099 Λόγος
1011 5028 1196 5082 αὐτοῦ.
1221 5029 1330 5081 Καὶ
1346 5022 1500 5088 αὖθις
1519 5022 1655 5095 μετά
1671 5022 1739 5075 τὰ
1754 5024 1907 5075 ἐκτε-

346 5120 511 5173 θέντα
557 5124 801 5193 ἐπιφέρει
842 5121 1031 5190 λέγων’
1078 5140 1095 5172 ι
1132 5121 1222 5174 Διὸ
1250 5117 1582 5188 πανταχόθεν
1620 5113 1797 5184 δῆλον,
1832 5115 1907 5165 εἰ-

426 5264 484 5322 >14
536 5258 631 5313 Ecl.
670 5257 863 5319 Paris..
898 5274 1017 5329 pag.
1048 5258 1140 5312 47.

416 5398 529 5463 (69)
566 5396 731 5466 Vulgo
773 5400 867 5467 atat
888 5400 953 5451 δι’
982 5398 1160 5453 αύτῶν
1196 5411 1247 5453 et
1278 5397 1370 5450 τοῦ
1400 5397 1631 5467 ἀοράτου
1673 5396 1821 5457 δντος
1856 5403 1910 5448 et

348 5470 526 5538 σάρκα
552 5468 662 5520 δείν
706 5470 801 5537 μὲν
829 5466 984 5522 εἶναι.

418 5540 531 5607 (70)
584 5538 678 5604 Μὴ
732 5538 1020 5593 δύνασθαι
1064 5539 1354 5593 συνεῖναι.
1417 5539 1525 5591 Ἀεί
1580 5538 1735 5599 forte.
1782 5550 1903 5588 nam

350 5609 474 5661 illud
514 5619 709 5676 ponant.
746 5607 925 5675 Neque
953 5612 1114 5665 fuisse
1147 5612 1421 5662 attunitam
1446 5611 1613 5663 verbo
1641 5612 1706 5660 ab
1746 5617 1897 5676 mter.

348 5694 437 5739 no.
466 5674 563 5732 nec
594 5678 824 5731 futuram
846 5674 1229 5743 adunietnlam,
1257 5694 1311 5731 ut
1346 5680 1526 5734 statim
1554 5682 1609 5731 ὲν
1632 5681 1738 5739 τοῖς
1766 5674 1889 5743 μέ).-

2017 4493 2034 4525 ι
2081 4472 2345 4527 invisibite
2379 4470 2770 4525 manifestetur.
2798 4489 2816 4521 ι
2854 4471 2967 4525 Non
3006 4471 3091 4524 hic
3139 4469 3387 4539 intelligit
3418 4468 3558 4521 Mar—

2012 4566 2206 4629 cellus,
2242 4565 2382 4633 quod
2427 4565 2470 4618 si
2513 4565 2582 4618 sit
2626 4579 2848 4619 necesse
2878 4579 3094 4618 carnem
3132 4562 3413 4631 imaginem
3449 4561 3564 4613 ﬁeri

2016 4659 2149 4723 Det,
2194 4671 2389 4710 carnes
2438 4666 2494 4710 et
2535 4671 2763 4724 corpora
2809 4656 3084 4709 hominum
3140 4652 3466 4723 singulorum
3511 4664 3565 4705 et

2014 4762 2289 4817 personae,
2343 4748 2602 4817 imagines
2647 4746 2895 4801 dicantur
2951 4758 3068 4799 esse
3107 4742 3222 4800 Dei.
3267 4742 3340 4796 Ita
3380 4754 3433 4795 ut
3471 4758 3568 4812 per

2012 4841 2359 4909 semetipsum
2409 4839 2681 4907 singulare
2725 4836 2857 4891 nihil
2904 4837 3099 4891 habeat
3138 4835 3412 4890 Servatur.
3462 4836 3565 4887 Iste

2010 4946 2158 4997 vero,
2194 4943 2446 4999 tanquam
2486 4930 2685 4985 oblitus
2713 4944 2897 4984 eorum
2934 4942 3052 4997 qua
3075 4928 3325 4997 deinceps
3351 4929 3415 4980 de
3447 4941 3563 4980 cat--

2010 5036 2077 5075 ne
2115 5023 2386 5076 mandavit
2426 5022 2640 5085 litteris.
2670 5037 2791 5076 cum
2822 5035 2887 5074 ex
2918 5019 3238 5073 auctoritate
3270 5018 3560 5086 apostolica

2015 5116 2157 5169 servi
2195 5116 2420 5169 turmam
2456 5116 2599 5170 illam
2626 5113 2980 5174 nominasset,
3010 5125 3106 5165 nec
3145 5109 3345 5164 idcirco
3374 5109 3564 5163 unien-

2007 5392 2187 5444 λουσιν
2214 5391 2392 5444 αἰῶσι.
2416 5387 2511 5442 Ubi
2540 5386 2673 5440 forte
2693 5384 2998 5451 legendum,
3026 5395 3077 5436 et
3107 5384 3563 5453 distinguendum.

2005 5458 2141 5514 εἶναι
2172 5461 2225 5513 δὲ
2251 5460 2429 5513 εἰκόνα
2452 5458 2542 5508 τοῦ
2570 5455 2971 5526 ἀοράτουΫΘεοῦ
3002 5455 3098 5525 τὴν
3128 5457 3319 5526 σάρκα,
3352 5454 3441 5506 ἐπί
3469 5456 3564 5509 τοῦ

2004 5533 2267 5602 παρόντος
2292 5525 3196 5602 διισχυρίζεταιδιαϐεϐαιούμενος.
3326 5554 3391 5563 —
3412 5525 3560 5602 Dein

2005 5596 2159 5667 νιιῑμιι
2188 5598 2322 5652 εἶναι
2347 5596 2577 5668 διισχυρ.
2599 5608 2651 5651 et
2677 5598 3028 5665 ἀποφατικῶς
3069 5608 3122 5653 et
3156 5596 3325 5650 ταῦτα
3371 5596 3434 5649 τὰ
3479 5597 3561 5650 ἐκ·

2001 5673 2159 5724 θέντα
2187 5670 2260 5739 τῷ
2289 5668 2403 5735 Θεῷ
2435 5669 2607 5735 Λόγῳ.
