4084 6208
366 275 475 333 809

1489 268 1772 332 CONTRA
1808 268 2235 330 MARCELLUM
2275 274 2404 329 LlB.
2443 273 2507 328 ll.

3485 277 3593 339 810

432 392 527 446 σία
556 390 618 445 ού
657 387 813 461 μόνον
839 389 946 440 τῶν
976 387 1067 441 ἐπὶ
1100 388 1223 459 γῆς,
1259 386 1427 461 αὐτῷ,
1458 392 1591 445 ἀλλὰ
1620 394 1714 447 καὶ
1738 394 1848 446 τῶν
1878 395 1935 448 ἐν

2050 412 2063 447 ι
2108 394 2175 449 de
2231 392 2448 462 Virgine
2504 392 2792 448 Dominum
2850 404 3097 450 nostrum
3145 405 3493 465 generatum,
3532 408 3598 477 et

474 485 686 545 "cavat;
712 481 935 535 δέδοται.
984 481 1093 534 Καὶ
1139 476 1293 545 αὖθις
1336 482 1452 553 μεθ’
1494 484 1656 555 ’ἑτερα
1699 486 1894 555 ἐπάγει
1920 504 1933 519 ’

578 572 642 640 ἄρ
671 570 795 641 περί
824 588 967 634 τινος
996 572 1152 642 δόξης
1198 573 1443 645 δοθείσης
1483 577 1629 647 αύτῷ
1658 576 1807 649 παρά
1844 578 1937 631 τοῦ

689 665 747 717 τὸ
779 664 919 735 ἱερὸν
963 666 1291 734 Εύαγγέλιον
1340 666 1508 735 λέγει,
1556 669 1756 740 ταύτην
1783 672 1810 723 6
1842 670 1936 723 ἇν-

739 755 761 793 ³ν
788 754 880 807 τοῦ
910 754 1083 823 Λόγου
1123 755 1357 825 εἰληφὼς
1390 756 1661 825 φαίνεται.
1698 758 1940 830 Μεσίτης

808 863 883 908 σς,
916 844 1056 898 κατὰ
1100 844 1189 899 τὸν
1227 846 1366 916 ἱερὸν
1426 846 1762 912 Ἀπόστολον,
1806 848 1939 902 Θεοῦ

738 936 969 1001 Δρώπων,
1002 937 1066 1006 τῇ
1099 934 1311 1003 δοθείσῃ
1349 935 1498 1005 αύτῷ
1531 936 1681 1004 παρά
1707 936 1799 989 τοῦ
1829 938 1941 990 Πα-

680 1046 729 1095 ηγ
774 1028 896 1089 τοὺς
942 1026 1210 1089 θεοσεϐεῖς
1247 1026 1494 1093 ἐδόξασεν
1541 1025 1875 1100 ἀνθρώπους.
1915 1046 1934 1079 ι

600 1140 669 1167 «ιν
716 1116 1037 1187 προστίθησι
1077 1117 1263 1171 ταῦτα·
1301 1137 1319 1168 ‹
1359 1119 1468 1171 Kal.
1496 1118 1693 1188 ἠξίωσε
1724 1120 1813 1173 τὸν
1846 1137 1942 1172 πε-

540 1232 593 1261 έχ
622 1211 709 1262 διὰ
734 1212 835 1280 τῆς
876 1212 1159 1282 παρακοῆς
1187 1210 1469 1281 ἄνθρωπον
1507 1212 1586 1282 τῷ
1624 1213 1815 1267 ἑαυτοῦ
1853 1213 1941 1267 διὰ

556 1303 832 1375 Παρθένου
869 1303 1202 1375 συναφθῆναι
1231 1306 1405 1374 Λόγῳ.
1442 1306 1576 1358 Ποία
1605 1306 1710 1377 γὰρ
1745 1310 1801 1360 ἐν
1843 1308 1942 1361 ἁν‹

380 1416 393 1443 ι
440 1395 678 1464 θρώποις
725 1394 888 1465 ἑτέρα
921 1392 1120 1464 μείζων
1148 1393 1274 1457 δόξα
1316 1394 1509 1461 γένοιτ’
1541 1395 1606 1449 ἂν
1650 1397 1748 1466 τῆς
1785 1396 1941 1467 δόξης

380 1507 395 1538 t
432 1486 675 1558 ταύτης;
708 1485 889 1539 Εἰπὼν
912 1486 989 1550 δὲ,
1018 1488 1118 1549 ὅτι,
1150 1487 1413 1553 ἐδόξασά
1438 1505 1530 1554 σε,
1563 1490 1811 1561 ἐπιφέρει
1851 1490 1939 1542 λέ-

375 1598 396 1632 t
431 1595 545 1649 γων
566 1596 578 1608 ’
608 1579 704 1632 καὶ
731 1578 917 1633 πάλιν
942 1579 1200 1647 δοξάσω,
1230 1582 1315 1634 ἵνα
1340 1582 1405 1635 δι’
1436 1583 1737 1654 ὑπερϐολὴν
1763 1582 1943 1653 φιλαν-

378 1690 396 1723 r
434 1672 700 1745 θρωπίας,
744 1673 803 1724 ἐν
840 1676 905 1744 τῇ
954 1672 1091 1743 μετά
1122 1674 1219 1743 τὴν
1266 1674 1556 1728 ἀνάστασιν
1602 1676 1700 1747 τῆς
1740 1674 1940 1747 σαρκὸς

2044 502 2064 537 ι
2112 484 2371 551 deinceps
2410 492 2583 537 ortum
2629 482 2797 538 fuisse
2842 484 3123 539 luciferum
3151 486 3243 553 qui
3274 485 3417 541 diem
3457 489 3599 546 indi-

2044 594 2063 628 ι
2108 586 2257 631 caret
2318 574 2420 647 [Β.
2459 576 2664 649 XCIV].
2696 596 2716 629 ι
2762 576 3085 646 Progressus
3143 578 3319 632 adhuc
3370 580 3599 641 ulterius

2040 666 2142 722 ista
2196 667 2478 736 loquitur:
2515 686 2534 718 ι
2568 667 2817 738 Suscepit
2863 670 3007 723 enim
3050 670 3210 725 homo
3255 689 3360 728 non
3422 675 3597 733 solum

2044 776 2064 812 ι
2108 768 2427 828 potestatem
2474 774 2653 813 rerum
2697 774 2884 814 earum
2930 775 3049 827 quae
3090 760 3143 814 in
3185 772 3327 816 terra
3359 763 3596 834 fuerant,

2044 868 2064 901 ι
2109 851 2203 905 sed
2240 860 2294 906 et
2332 851 2495 905 etiam
2527 865 2647 919 quae
2684 851 2737 904 in
2780 850 2953 905 ccelis.
2979 849 3089 906 Nec
3135 851 3351 920 injuria.
3384 854 3519 910 Nam
3550 856 3600 913 si

2045 960 2065 995 ι
2112 953 2222 997 tum
2272 959 2393 998 cum
2456 944 2617 997 homo
2676 943 2849 1010 ﬁeret,
2885 952 2956 1014 et
2997 944 3089 999 Dei
3135 948 3399 1001 mediator
3436 957 3602 1018 atque

2046 1051 2065 1085 ι
2112 1033 2416 1097 hominum,
2442 1049 2539 1102 per
2567 1048 2688 1087 eum
2721 1043 2775 1088 et
2816 1034 2869 1088 in
2903 1049 2967 1089 eo
2996 1037 3175 1089 omnia
3205 1050 3388 1092 creata
3418 1048 3599 1105 erant,

2046 1141 2066 1174 ι
2112 1134 2169 1177 ιιι
2195 1124 2391 1178 asserit
2426 1123 2753 1196 Apostolus,
2785 1140 3009 1193 quaeque
3053 1126 3106 1179 in
3139 1128 3291 1182 caelis
3337 1138 3512 1192 erant,
3546 1141 3603 1193 et

2048 1232 2067 1266 ι
2111 1230 2231 1282 quae
2266 1215 2318 1267 in
2352 1224 2494 1267 terra
2518 1216 2584 1278 ",
2615 1229 2954 1285 consequens
2992 1228 3075 1271 est
3105 1227 3298 1272 etacte
3322 1220 3601 1275 sciendum

2047 1323 2067 1357 ‹
2111 1321 2252 1372 esse,
2307 1315 2631 1374 potestatem
2671 1308 2720 1362 ei
2769 1323 3084 1363 concessam
3118 1324 3221 1364 non
3272 1320 3474 1364 tantum
3511 1327 3605 1366 eo-

2048 1415 2067 1449 r
2110 1414 2225 1451 rum
2256 1414 2376 1468 qua:
2432 1400 2481 1453 in
2529 1403 2710 1465 terris,
2765 1400 2859 1455 sed
2897 1404 3057 1454 etiam
3095 1409 3149 1454 et
3190 1417 3311 1470 quae
3341 1402 3394 1456 in
3451 1404 3606 1459 cmlis

2047 1509 2065 1542 ι
2114 1498 2290 1544 erant.
2349 1492 2406 1546 Si
2466 1490 2704 1561 loquitur
2788 1503 3190 1551 sacrosanctum
3253 1494 3602 1566 Evangelium

2045 1597 2064 1631 ‹
2112 1580 2179 1633 de
2229 1579 2406 1647 aliqua
2458 1579 2529 1634 illi
2586 1594 2612 1632 a
2658 1578 2820 1634 Patre
2873 1596 3130 1636 concessa
3182 1584 3396 1653 gloria,
3460 1588 3607 1643 hanc

2049 1690 2066 1721 ι
2110 1682 2259 1725 certe
2327 1688 2419 1740 per
2473 1671 2640 1724 Deum
2695 1672 2855 1725 homo
2907 1675 3243 1728 convincitur
3308 1678 3602 1748 accepisse.

376 1782 395 1815 ι
430 1740 659 1833 δευτέρᾳ
681 1762 806 1835 δόξῃ
847 1740 1231 1835 τδννπρότερον
1265 1764 1455 1834 θνητὸν
1499 1740 1783 1837 ἄνθρωπον
1811 1740 1943 1819 ἀθά-

2050 1781 2067 1814 ι
2114 1763 2313 1817 Factus
2360 1764 2670 1831 siquidem,
2736 1774 2794 1818 ut
2844 1775 3065 1819 sanctus
3110 1767 3223 1820 vult
3288 1740 3603 1837 Aposiolus,

377 1873 395 1906 ι
435 1871 593 1910 νατον
610 1854 1008 1925 ἀπεργάσηται,
1026 1856 1118 1908 καὶ
1141 1856 1375 1928 τοσαύτῃ
1398 1857 1554 1910 αὐτὸν
1576 1856 1771 1929 δοξάσῃ
1795 1857 1940 1928 δόξῃ,

378 1964 397 1998 t
441 1944 578 1998 ὥστε
618 1946 692 2016 μὴ
727 1946 883 2016 μόνον
918 1947 1077 2000 αὑτὸν
1109 1947 1209 2017 τῆς
1244 1948 1515 2018 προτέρας
1561 1948 1942 2019 ἀπαλλαγῆναι

382 2054 401 2087 ι
439 2036 699 2099 δουλείας,
730 2037 861 2090 ἀλλά
890 2038 985 2091 καὶ
1021 2039 1118 2109 τῆς
1152 2039 1293 2111 ὑπὲρ
1326 2039 1607 2109 ἄνθρωπον
1645 2040 1943 2110 ἀξιωθῆναι

384 2147 402 2180 ι
439 2129 611 2200 δόξης.
652 2148 670 2181 ›
708 2130 816 2183 Καὶ
850 2126 1004 2195 αὖθις
1030 2132 1289 2200 ἐπιλέγειο
1329 2151 1347 2184 t
1377 2134 1512 2197 Ἵνα,
1541 2134 1615 2197 ὡς
1636 2133 1798 2206 ἔφην,
1840 2134 1944 2187 ὑπὸ

384 2238 403 2271 ι
441 2220 532 2273 τοῦ
562 2220 808 2274 διαϐόλου
839 2222 1189 2293 ἀπατηθέντα
1220 2224 1483 2295 πρότερον
1519 2224 1610 2278 τὸν
1639 2226 1942 2297 ἄνθρωπον,

383 2332 401 2364 ι
438 2312 602 2366 αὐτὸν
623 2309 777 2377 αὖθις
802 2318 1020 2386 νικῆσαι
1045 2315 1134 2369 τὸν
1157 2317 1397 2371 διάϐολον
1421 2318 1946 2392 παρασκευάσῃ.Διά

382 2422 400 2456 ι
434 2404 594 2457 τοῦτο
612 2405 868 2477 ἀνείληφε
887 2408 981 2459 τὸν
1011 2407 1317 2478 ἄνθρωπον,
1334 2410 1419 2463 ἵνα
1441 2409 1744 2473 ἀκολούθως
1757 2410 1945 2466 τοῦτον

380 2517 400 2549 ι
439 2498 692 2569 ἀπαρχὴν
717 2499 815 2570 τῆς
842 2498 1087 2563 ἐξουσίας
1111 2501 1441 2573 παραλαϐεῖν
1473 2502 1883 2575 παρασκευάσῃ.
1919 2522 1938 2557 ι

376 2589 487 2642 Καὶ
512 2588 864 2660 προστίθησιν
895 2589 970 2642 ἔτι
1002 2590 1194 2659 λέγων·
1227 2610 1244 2642 ι
1276 2588 1440 2654 Οὗτος
1466 2592 1573 2663 γάρ
1601 2594 1745 2645 ἐστιν
1768 2594 1795 2644 6
1817 2593 1947 2662 ἀγα-

382 2700 401 2732 t
438 2681 607 2751 πητὸς
628 2720 643 2745 ,
687 2684 715 2734 6
748 2681 826 2752 τῷ
857 2683 1014 2752 Λόγῳ
1047 2682 1266 2746 ὲνωθεὶς
1299 2682 1600 2754 ἄνθρωπος,
1649 2686 1777 2755 περὶ
1814 2679 1873 2740 οὗ
1916 2687 1944 2738 6

385 2792 405 2825 ε
445 2773 830 2845 εὐαγγελιστὴς
870 2774 1005 2845 ἔφη·
1059 2772 1245 2841 Οὗτός
1291 2776 1460 2828 ἐστιν
1508 2779 1541 2829 ό
1590 2777 1720 2839 Υἱός
1760 2794 1878 2844 μου
1912 2779 1946 2829 ό

384 2886 405 2917 ι
444 2867 765 2936 ἀγαπητὸς,
785 2868 855 2920 ἐν
884 2861 931 2933 ᾦ
958 2867 1280 2935 εὐδόκησα.
1313 2887 1330 2919 ι
1354 2869 1461 2921 Καὶ
1490 2865 1642 2932 αὖθις
1675 2868 1939 2939 ἐπιφέρει·

388 2971 408 3006 ι
448 2954 568 3006 Ὅτι
601 2956 628 3007 6
650 2950 815 3023 Λόγος
843 2954 933 3008 τοῦ
968 2956 1197 3025 ἀοράτου
1228 2956 1361 3010 Θεοῦ
1408 2957 1494 3011 διὰ
1528 2958 1802 3028 Παρθένου
1832 2959 1943 3028 (77)

2049 1873 2068 1907 ι
2115 1854 2209 1907 Dei
2245 1855 2511 1907 mediator
2561 1862 2725 1922 atque
2774 1855 3053 1913 hominum
3074 1855 3139 1918 ’³,
3187 1857 3329 1912 viros
3375 1859 3490 1927 pios
3541 1874 3606 1914 ea

2049 1964 2067 1997 ι
2110 1946 2277 2015 gloria
2307 1944 2643 2014 gloriﬁcavit,
2680 1961 2840 2013 quam
2897 1947 2999 2015 ipsi
3044 1948 3341 2003 donaverat
3372 1950 3552 2006 Pater.
3580 1969 3601 2003 ι

2045 2038 2111 2091 ΕΙ.
2144 2036 2293 2091 addit
2331 2052 2517 2091 rursus
2558 2036 2651 2108 [Β.
2677 2034 2859 2109 XCVI]
2902 2055 2914 2092 :
2955 2057 2973 2089 ι
3003 2039 3068 2093 Et
3111 2039 3437 2110 dignitatern
3459 2042 3607 2097 illam

2049 2147 2069 2180 ι
2114 2128 2315 2183 homini
2369 2142 2466 2198 per
2519 2139 2802 2197 peccatum
2857 2129 3008 2200 lapso
3062 2133 3368 2195 concessit,
3413 2142 3472 2187 ut
3509 2148 3608 2187 suo

2051 2239 2071 2273 ι
2119 2220 2290 2288 ipsius
2317 2220 2492 2275 Verbo
2521 2236 2616 2289 per
2641 2220 2915 2290 Virginem
2949 2222 3213 2277 uniretur.
3251 2222 3435 2291 Ecqua
3462 2224 3608 2278 enim

2050 2329 2071 2365 ι
2114 2312 2218 2366 alia
2261 2314 2429 2367 hacce
2475 2312 2649 2381 major
2682 2312 2852 2380 gloria
2891 2314 3036 2367 inter
3065 2314 3315 2370 homines
3343 2316 3611 2383 praedica-

2051 2423 2070 2456 t
2119 2404 2242 2458 tur?
2267 2403 2400 2458 Cum
2439 2403 2665 2458 dixisset
2694 2404 2985 2474 glori/iacui
3008 2417 3075 2467 te,
3108 2403 3292 2469 iniert,
3325 2415 3376 2459 et
3415 2408 3608 2460 iterant

2052 2513 2071 2547 ι
2116 2495 2493 2566 gloriﬁcabo“
2539 2504 2647 2550 :ut
2708 2512 2772 2549 ex
2830 2496 3091 2551 immensa
3151 2512 3247 2551 sua
3300 2499 3611 2553 misericor-

2052 2605 2071 2638 ι
2118 2589 2242 2653 dia,
2312 2589 2365 2642 in
2420 2589 2675 2641 secunda.
2718 2595 2841 2656 post
2907 2589 3088 2642 carnis
3154 2589 3608 2643 resurrectionem

2052 2698 2071 2732 ι
2120 2680 2322 2748 gloria,
2407 2680 2682 2734 hominem
2763 2679 2913 2749 prius
2994 2678 3275 2732 mortalem
3357 2680 3611 2734 redderet

2052 2790 2070 2823 ι
2115 2770 2501 2838 immortalem,
2531 2780 2585 2825 et
2618 2780 2762 2825 tanta
2794 2770 2942 2824 illum
2970 2769 3137 2840 gloria
3172 2769 3523 2836 gloriﬁcaret,
3544 2777 3604 2833 ᾖ(

2053 2880 2072 2915 ‹
2114 2872 2170 2917 ut
2189 2877 2293 2916 non
2312 2863 2470 2916 modo
2503 2863 2763 2916 servitute
2786 2861 2949 2931 priori
2978 2861 3235 2914 liberetur
3258 2900 3272 2924 ,
3300 2862 3390 2914 sed
3422 2862 3612 2932 majori

2050 2972 2071 3006 ι
2114 2954 2279 3025 gloria
2318 2956 2582 3008 vestiatur
2612 2969 2773 3024 quam
2810 2953 2988 3021 capiat
3019 2953 3198 3005 homo.
3221 2970 3240 3003 ι
3292 2951 3357 3004 Et
3390 2952 3609 3018 iterum,

388 3061 410 3094 ε
446 3042 800 3112 τεχθήσεσθαι
845 3044 1056 3116 ἔμελλε,
1089 3046 1181 3098 καὶ⁵
1212 3044 1309 3117 τὴν
1348 3044 1691 3115 ἀνθρωπίνην
1742 3045 1941 3114 ἀναλή-

2050 3048 2137 3120 [Β.
2160 3046 2396 3119 XCVII]:
2420 3067 2438 3098 ι
2463 3047 2527 3101 Ut
2552 3046 2820 3100 hominem
2838 3045 2983 3098 illum
3003 3045 3193 3113 priusa
3217 3042 3429 3098 diabolo
3453 3056 3615 3110 supe-

388 3151 407 3184 ι
441 3133 635 3203 ψεσθαι
660 3136 853 3206 σάρκα.
882 3139 989 3190 Καὶ
1016 3138 1101 3190 ἵνα
1123 3136 1189 3189 δι’
1207 3137 1374 3207 αὐτῆς
1403 3138 1495 3190 τὸν
1529 3138 1789 3208 πρότερον
1817 3155 1945 3190 κατ-

386 3243 407 3276 t
451 3225 740 3295 ισχύσαντα
801 3226 887 3279 τοῦ
936 3227 1225 3299 ἀνθρώπου
1283 3222 1526 3281 διάϐολον
1577 3228 1946 3296 καταγωνισά-

382 3333 405 3367 ι
444 3333 623 3387 μενος,
650 3318 723 3390 μὴ
756 3320 912 3388 μόνον
946 3319 1221 3392 ἄφθαρτον
1248 3319 1410 3373 αὐτὸν
1441 3320 1535 3373 καὶ
1566 3321 1830 3373 ἀθάνατον
1862 3336 1948 3388 γε-

384 3424 403 3458 ι
435 3407 619 3462 νέσθαι
654 3411 1069 3485 παρασκευάσῃ,
1100 3411 1235 3465 ἀλλά
1266 3413 1360 3465 καὶ
1392 3411 1677 3483 σύνθρονον
1704 3414 1760 3464 ἐν
1784 3411 1949 3483 ούρα-

384 3516 404 3549 ι
444 3501 549 3562 νοῖς
582 3500 659 3571 τῷ
699 3501 836 3572 Θεῷ.
881 3522 899 3554 ι
955 3502 1139 3557 Ταῦτα
1166 3502 1223 3556 δὲ
1256 3503 1432 3557 πάντα
1464 3504 1756 3570 ἀναγκαῖον
1813 3518 1947 3556 κατ-

378 3584 522 3658 έχειν
547 3589 603 3641 ἐν
633 3592 821 3662 μνήμῃ
837 3591 927 3645 διὰ
950 3592 1018 3645 τά
1048 3592 1306 3663 μέλλοντα
1342 3594 1430 3646 ὑπ’
1457 3593 1620 3647 αὐτοῦ
1646 3592 1754 3663 (78)
1785 3588 1950 3664 Marp-

377 3679 569 3735 κέλλου
603 3683 744 3737 κατά
786 3686 881 3754 τῆς
928 3685 1148 3756 σαρκὸς,
1185 3681 1253 3757 ἦς
1288 3685 1576 3756 ἀνείληφεν
1606 3686 1634 3737 6
1672 3683 1766 3737 τοῦ
1811 3682 1944 3742 Θεοῦ

379 3772 569 3840 Λόγος,
611 3773 994 3845 προφέρεσθαι.
1061 3776 1146 3837 Ὠς
1177 3775 1283 3846 γὰρ
1323 3777 1709 3847 ἀμνημονήσας
1744 3777 1947 3831 τούτων

377 3864 633 3919 ἁπάντων
662 3860 738 3919 ὧν
782 3867 1013 3933 ἐξέθετο,
1052 3867 1203 3932 τέλος
1235 3870 1334 3921 οὐκ
1373 3869 1545 3922 αἴσιον
1588 3870 1694 3923 οὐδ’
1728 3870 1947 3934 εὐσεϐὲς

381 3956 576 4024 ἐπάγει
616 3957 695 4028 τῷ
736 3960 987 4029 σωτηρίῳ
1022 3958 1251 4030 σώματι.
1293 3960 1437 4029 Πρὸς
1480 3961 1687 4023 τούτοις
1722 3961 1943 4025 ἅπασιν,

381 4047 569 4119 ὥσπερ
600 4050 707 4105 τῶν
754 4053 1033 4123 προτέρων
1083 4051 1230 4121 αὐτῷ
1266 4052 1725 4123 κατωρθωμένων,
1760 4056 1948 4124 πειρᾶ-

378 4150 474 4198 ται
495 4139 763 4195 δεικνύναι
798 4143 893 4195 καὶ
918 4142 999 4205 τὸ,
1032 4146 1063 4195 ό
1094 4143 1306 4210 Κύριος
1336 4144 1748 4207 ἐϐασίλευσεν,
1768 4145 1949 4213 ἀγαλρ

378 4234 608 4287 νιιάσθω
634 4234 672 4301 ἡ
711 4232 807 4303 γῆ,
843 4237 920 4298 είς
948 4235 1044 4306 τὴν
1085 4236 1260 4307 σάρκα
1286 4235 1666 4307 ἀναφέρεσθαι.
1697 4236 1859 4304 Λέγει
1891 4236 1948 4292 δὲ

381 4324 574 4387 οὕτως·
610 4346 628 4377 ι
672 4327 728 4379 Ὀ
762 4326 890 4395 γοῦν
936 4328 1198 4390 καταϐὰς,
1247 4328 1337 4380 καὶ
1378 4328 1475 4399 τὴν
1510 4329 1685 4399 σάρκα
1722 4326 1808 4379 διὰ
1849 4327 1947 4399 τῆς

2051 3159 2071 3193 ι
2119 3152 2317 3205 ratum,
2372 3139 2634 3194 victorem
2665 3138 2865 3193 diaboli
2905 3137 3281 3191 constitueret.
3326 3134 3609 3188 Hominem

2052 3253 2071 3287 ι
2118 3234 2320 3289 idcirco
2346 3236 2399 3286 in
2437 3247 2495 3286 se
2520 3231 2811 3301 assumpsit
2830 3263 2847 3296 ι
2875 3239 2935 3283 ut
2956 3230 3095 3299 quod
3126 3242 3463 3295 consequens
3487 3225 3609 3291 fuit,

2052 3344 2071 3377 ι
2115 3325 2241 3379 huic
2274 3324 2543 3393 primitias
2581 3322 2863 3391 potestatis
2896 3336 3007 3373 sua:
3032 3320 3351 3387 impertiret.
3376 3337 3394 3370 ι
3431 3318 3494 3371 Ει
3520 3332 3616 3371 an—

2045 3417 2212 3474 nectit
2232 3412 2319 3487 [RL
2339 3412 2560 3485 XXXV]
2582 3431 2593 3466 :
2619 3430 2638 3464 ι
2662 3412 2761 3468 Hic
2775 3421 2861 3467 est
2877 3412 2962 3465 ille
2979 3411 3224 3491 dilectus,
3246 3410 3402 3463 homo
3421 3425 3615 3478 nempe

2050 3525 2072 3560 ‹
2120 3505 2296 3560 Verbo
2342 3504 2596 3557 adunitus
2627 3521 2641 3557 :
2670 3504 2736 3558 de
2780 3517 2887 3571 quo
2928 3501 3166 3570 loquitur
3217 3501 3547 3568 evangelista
3595 3519 3610 3535 -

2052 3616 2072 3650 ‹
2118 3598 2216 3652 llic
2241 3607 2321 3651 est
2353 3590 2522 3650 Filius
2556 3609 2707 3649 mens
2743 3595 2970 3649 dilectus
3002 3594 3054 3645 in
3086 3607 3192 3661 quo
3226 3593 3550 3659 complacui.
3587 3610 3609 3645 ι

2050 3686 2405 3761 Λιιῇυηείιμὶ.
2438 3685 2699 3758 XCVIII]:
2726 3704 2744 3738 ί
2768 3686 2919 3752 Quod
2948 3684 3178 3739 Verbum
3208 3682 3490 3737 invisibilis
3518 3682 3614 3737 Dei

2052 3798 2071 3830 ι
2118 3779 2207 3848 qui
2242 3779 2362 3843 fuit,
2389 3793 2485 3847 per
2523 3776 2795 3846 Virginem
2836 3784 2953 3828 erat
2990 3774 3325 3836 nasciturus,
3374 3782 3429 3825 et
3458 3786 3607 3825 sumo

2052 3889 2072 3923 ‹
2115 3880 2304 3938 pturus
2351 3871 2642 3925 humanam
2702 3884 2961 3933 carnem,
3018 3876 3072 3919 et
3126 3865 3180 3918 in
3232 3863 3319 3917 illa
3345 3862 3612 3917 diabolum

2053 3981 2072 4014 σ
2119 3963 2487 4017 debellaturus
2530 3962 2621 4031 qui
2668 3961 2795 4015 olim
2850 3958 3204 4027 praevalnerat
3242 3972 3255 4010 :
3289 3972 3394 4011 non
3447 3957 3497 4010 in
3550 3970 3617 4011 eo

2052 4071 2072 4103 ι
2120 4062 2322 4105 tantum
2365 4055 2506 4121 quod
2554 4052 2700 4104 illum
2736 4051 3042 4104 redditurus
3078 4047 3184 4101 fuit
3234 4046 3618 4115 incorruptibi-

2054 4163 2074 4197 ι
2122 4144 2223 4198 lem
2270 4153 2324 4195 et
2358 4142 2741 4207 immortalem,
2784 4142 2877 4196 sed
2932 4140 3120 4193 eodem
3170 4137 3307 4192 solio
3364 4138 3417 4191 in
3463 4137 3617 4192 caalis

2051 4252 2073 4288 ε
2117 4250 2238 4289 cum
2278 4234 2385 4288 Deo
2416 4248 2818 4288 consessurum.
2854 4251 2871 4284 ι
2922 4230 3058 4285 Sunt
3093 4231 3197 4284 ista
3241 4230 3464 4284 omnino
3501 4243 3616 4282 me-

2049 4329 2219 4381 moria
2265 4325 2564 4386 rctinenda,
2614 4334 2831 4393 propter
2862 4323 2951 4376 illa
2982 4337 3100 4391 quae
3138 4322 3394 4390 producet
3431 4319 3616 4374 statim

387 4435 408 4468 ι
444 4416 717 4489 Παρθένου
749 4415 1084 4491 προσλαϐὼν,
1122 4418 1425 4489 κατεστάθη
1448 4419 1698 4489 βασιλεὺς
1733 4419 1823 4471 ἐπὶ
1850 4417 1945 4490 τὴν

2052 4408 2279 4489 ipsemet
2334 4417 2664 4483 Marcellus,
2720 4428 2907 4471 contra
2968 4431 3186 4471 carnem
3245 4413 3390 4467 illam
3453 4427 3616 4482 quam

386 4525 407 4561 ς
457 4508 799 4579 Ἐκκλησίαν,
826 4508 1084 4579 δηλονότι,
1114 4510 1199 4562 ἵνα
1229 4508 1317 4561 διὰ
1341 4508 1435 4561 τοῦ
1469 4510 1640 4579 Λόγου
1670 4511 1698 4561 6
1723 4510 1822 4580 τῆς
1852 4510 1946 4579 βα-

385 4618 407 4653 (
448 4600 651 4663 σιλείας
691 4598 798 4652 τῶν
834 4599 1079 4669 οὐρανῶν
1128 4599 1391 4671 πρότερον
1440 4601 1808 4665 ἐκπεπτωκὼς
1855 4602 1947 4656 ἀνι

387 4709 409 4745 ι
446 4690 665 4761 θρωπος
697 4689 976 4761 βασιλείας
1018 4690 1217 4761 δυνηθῇ
1254 4694 1457 4761 τυχεῖν.
1503 4692 1700 4746 Τοῦτον
1740 4690 1829 4746 οὖν
1860 4693 1947 4747 τὸν

387 4799 410 4835 ι
442 4782 724 4853 ἄνθρωπον
749 4782 839 4835 τὸν
869 4782 1153 4853 πρότερον,
1177 4781 1263 4835 διὰ
1290 4783 1384 4853 τὴν
1413 4784 1690 4856 παρακοήν
1721 4784 1820 4854 τῆς
1855 4786 1948 4855 βα-

388 4890 409 4923 ι
450 4872 654 4935 σιλείας
698 4873 1109 4936 ἐκπεπτωκότα,
1160 4872 1361 4942 Κύριον
1398 4873 1490 4925 καὶ
1528 4872 1658 4926 Θεὸν
1696 4875 1946 4942 γενέσθαι

390 4983 409 5014 ι
448 4964 766 5034 βουλόμενος
791 4967 820 5018 6
858 4963 1008 5025 Θεὸς,
1050 4961 1251 5033 ταύτην
1294 4963 1390 5032 τὴν
1434 4964 1741 5033 οἰκονομίαν
1772 4964 1949 5033 εἰργά-

388 5073 410 5106 ι
450 5071 602 5108 σατο.
646 5055 705 5108 Ὀ
736 5050 826 5108 οὖν
858 5053 1157 5121 ἀγιὼτατος
1184 5055 1467 5124 προφήτης
1494 5053 1653 5106 Δαυῖδ
1681 5070 1947 5126 προφητι-

2052 4510 2341 4578 assumpsit
2369 4509 2460 4563 Dei
2499 4508 2758 4563 Verbum.
2794 4507 2970 4562 Veluti
2997 4508 3139 4561 enim
3166 4506 3363 4561 oblitus
3386 4507 3615 4560 istorum

2052 4602 2288 4655 omnium
2313 4614 2431 4670 quae
2459 4600 2710 4665 adduxit,
2743 4600 2902 4655 linem
2945 4601 3167 4654 minime
3194 4608 3616 4655 consentaneum

2052 4690 2262 4760 pietati,
2329 4699 2384 4745 et
2438 4689 2729 4744 infaustum
2780 4690 2915 4745 satis
2972 4690 3183 4759 corpori
3246 4688 3619 4758 superinducit

2066 4781 2398 4836 Servatoris.
2461 4780 2607 4836 Ultra
2664 4781 2765 4835 ista
2836 4782 3049 4851 quidem
3102 4780 3306 4844 omnia,
3364 4789 3617 4846 tanquam

2054 4884 2199 4928 recte
2230 4874 2613 4937 successerint,
2649 4883 2701 4927 et
2730 4889 2795 4927 ex
2825 4874 3003 4926 animo
3025 4875 3303 4943 superiora
3332 4910 3348 4934 ,
3392 4880 3620 4924 conatur

2053 4968 2359 5027 ostendere.
2390 4975 2443 5018 et
2473 4962 2619 5018 illum
2659 4966 2820 5018 etiam
2856 4974 3089 5026 textum,
3139 4962 3388 5033 Regnavit
3436 4959 3619 5013 Domi-

2056 5072 2177 5118 nus,
2216 5054 2434 5108 exsultet
2464 5067 2605 5109 terra
2641 5057 2710 5119 ",
2750 5059 2815 5109 de
2842 5070 3005 5110 carne
3045 5055 3473 5124 intelligendum.
3529 5052 3621 5105 Ait

460 5248 521 5306 >14
550 5239 645 5296 Ed.
675 5239 845 5296 Paris.
879 5255 999 5311 pag.
1025 5238 1114 5293 49.
1186 5240 1229 5270 ²²
1254 5237 1462 5292 Coloss.
1492 5253 1531 5299 ι,
1563 5235 1648 5289 16.
1726 5234 1771 5266 ’³
1795 5234 1813 5288 l
1838 5232 1945 5287 Tim

2054 5270 2068 5299 ,
2097 5233 2148 5290 5.
2228 5230 2440 5287 “Joan.
2474 5246 2567 5295 xu,
2600 5229 2689 5287 23.
2764 5231 2809 5261 ’³
2841 5228 2982 5283 Psal.
3019 5244 3157 5292 xcvr,
3197 5228 3247 5281 ‘l.

455 5440 568 5584 ξπ)
592 5440 763 5509 Vulgo
786 5444 882 5512 τῆς
910 5440 1084 5512 Παρθ.

483 5513 573 5584 78)
602 5511 919 5584 Μέλλοντα
944 5511 1045 5565 ὑπ’
1076 5534 1084 5563 ι

2068 5429 2308 5494 homine,
2330 5430 2538 5492 delirat,
2567 5445 2685 5479 etim
2710 5427 2843 5480 ultra
2862 5443 3045 5479 omnes
3063 5429 3323 5491 homines,
3343 5437 3460 5495 post
3490 5443 3617 5480 συν-

520 5498 573 5578 8δ
602 5498 919 5565 Meliora-at
944 5498 1045 5565 ὑπ’
1076 5507 1282 5564 αὑτοῦ.
1312 5506 1564 5569 Omnino,
1600 5514 1656 5578 ut
1694 5503 1945 5578 Eusebius

2065 5500 2726 5578 réletav_exinnnicnttutn.
2760 5503 2899 5578 quod
2939 5498 3087 5562 τέλος
3124 5500 3619 5578 ούκαῖσιον-χυειο

384 5575 488 5645 ait,
526 5575 641 5636 haec
672 5594 795 5635 sunt
826 5583 1181 5634 observanda.
1220 5578 1351 5631 Nam
1402 5575 1720 5645 stupendum
1758 5577 1807 5628 in
1844 5589 1953 5645 nio-

389 5641 507 5709 rem
536 5652 790 5706 insanivit
821 5648 1126 5711 Marcellus,
1150 5650 1194 5703 si
1219 5662 1343 5703 vera
1380 5641 1533 5701 nobis
1562 5645 1627 5697 de
1659 5644 1748 5699 illo
1773 5641 1953 5696 retulit

390 5721 757 5777 adversarius.
791 5719 923 5772 Nam
961 5719 1027 5773 de
1050 5720 1247 5773 ChriSIi
1285 5731 1472 5781 carne,
1502 5715 1604 5771 hoc
1625 5724 1706 5769 est
1736 5712 1953 5767 Christo

635 5816 907 5876 ΡΑτιιοι.
958 5814 1075 5875 Gn.
1144 5812 1365 5876 XXIV.

2064 5569 2537 5641 vocat.M.—l_nl'r:i
2569 5570 2722 5636 vulgo
2745 5568 2945 5641 ταύτην
2960 5571 3146 5641 pinam,
3167 5578 3214 5621 et
3231 5568 3397 5635 λέγει,
3416 5568 3497 5621 Κύ
3508 5576 3618 5641 pte;

2060 5639 2237 5705 ἐϐασ.;
2259 5642 2381 5695 dein
2412 5638 2662 5701 λαϐόντος
2682 5638 2871 5707 χρόνου
2892 5638 3032 5694 τοῦδ.
3064 5640 3125 5695 Β.

3220 5805 3298 5862 36
