4086 6202
376 271 484 329 809

1498 264 1781 327 CONTRA
1817 268 2243 326 MARCELLUM
2282 270 2411 325 LIB.
2450 269 2513 323 Il.

3492 274 3600 331 810

380 408 402 443 ι
444 388 537 443 σία
567 387 627 440 ού
667 384 825 457 μόνον
850 385 955 437 τῶν
984 382 1076 437 ἐπὶ
1110 384 1232 454 γῆς,
1269 382 1437 457 αὐτῷ,
1468 387 1600 441 ἀλλὰ
1629 391 1723 443 καὶ
1747 390 1856 442 τῶν
1887 392 1943 444 ὲν

2059 408 2070 442 ι
2115 390 2182 445 de
2238 389 2456 458 Virgine
2513 388 2799 444 Dominum
2858 400 3105 445 nostrum
3153 401 3500 461 generatum,
3540 405 3605 473 et

381 500 403 536 ι
444 481 695 554 οὐρανοῖς
721 478 944 530 δέδοται.
994 477 1103 530 Καὶ
1149 473 1302 540 αὖθις
1346 478 1461 548 μεθ’
1504 480 1666 551 ἕτερα
1708 482 1903 551 ἐπάγει
1928 501 1942 515 ο

382 588 403 622 ι
442 570 506 623 Et
544 568 651 638 γὰρ
680 566 804 637 περί
834 584 975 629 τινος
1005 567 1161 638 δόξης
1207 568 1452 640 δοθείσης
1493 572 1638 643 αὐτῷ
1668 573 1816 645 παρὰ
1854 574 1946 627 τοῦ

382 683 403 717 ε
440 663 655 734 Πατρὸς
698 661 756 713 τὸ
787 660 929 731 ἱερὸν
972 661 1301 729 Εὑαγγέλιον
1349 662 1518 731 λέγει,
1566 665 1765 736 ταύτην
1792 668 1819 719 6
1850 666 1945 719 ἄν·

385 772 407 807 ι
444 754 659 825 θρωπος
687 751 771 805 διά
796 750 889 803 τοῦ
918 750 1093 819 Λόγου
1133 750 1367 821 εἰληφὼς
1400 752 1671 821 φαίνεται.
1708 754 1948 826 Μεσίτης

387 864 405 897 ι
444 844 554 913 γὰρ
590 842 892 912 γενόμενος,
925 840 1065 893 κατά
1109 840 1199 895 τὸν
1237 842 1376 911 ἱερὸν
1434 843 1771 907 Ἀπόστολον,
1815 844 1947 898 Θεοῦ

388 954 408 987 ι
449 951 510 986 τε
541 934 629 986 καὶ
658 930 979 1002 ἀνθρώπων,
1011 933 1075 1001 τῇ
1108 930 1320 999 δοθείσῃ
1358 931 1507 1001 αὐτῷ
1540 932 1689 999 παρά
1716 931 1807 985 τοῦ
1838 934 1949 986 Πα-

388 1044 409 1076 ι
448 1023 573 1097 τρὸς
616 1023 740 1093 δόξῃ
780 1024 905 1085 τοὺς
951 1021 1219 1084 θεοσεϐεῖς
1257 1022 1502 1088 ἐδόξασεν
1550 1021 1883 1095 ἀνθρώπους.
1924 1042 1943 1075 ι

382 1118 492 1170 Καὶ
523 1114 679 1167 πάλιν
724 1112 1045 1184 προστίθησι
1085 1112 1272 1167 ταῦτα·
1310 1133 1328 1165 ι
1369 1116 1477 1167 Καὶ
1504 1114 1702 1184 ἠξίωσε
1733 1116 1822 1169 τὸν
1855 1133 1951 1168 πε-

387 1227 406 1260 ι
448 1208 605 1260 σόντα
629 1206 718 1259 διά
742 1208 843 1276 τῆς
885 1208 1168 1278 παρακοῆς
1196 1205 1477 1276 ἄνθρωπον
1516 1208 1594 1278 τῷ
1633 1209 1823 1262 ἑαυτοῦ
1863 1209 1949 1263 διὰ

386 1320 403 1353 ι
436 1302 533 1372 τῆς
560 1299 841 1371 Παρθένου
878 1299 1210 1370 συναφθῆναι
1240 1301 1413 1370 Λόγῳ.
1452 1301 1585 1354 Ποία
1613 1301 1719 1373 γάρ
1754 1305 1809 1355 ὲν
1852 1303 1951 1356 ἀν-

382 1408 403 1443 ι
445 1390 686 1461 θρώποις
735 1390 898 1461 ἑτέρα
931 1388 1128 1460 μείζων
1157 1389 1282 1452 δόξα
1325 1390 1517 1457 γένοιτ’
1550 1391 1615 1444 ἂν
1660 1393 1757 1462 τῆς
1794 1392 1949 1462 δόξης

382 1502 402 1536 ι
438 1482 684 1554 ταύτης;
716 1481 898 1535 Εἰπὼν
921 1482 998 1547 δὲ,
1027 1484 1126 1545 ὃτι,
1158 1482 1421 1548 ἐδόξασά
1447 1502 1538 1550 σε,
1572 1485 1820 1557 ἐπιφέρει
1860 1486 1948 1538 λέ-

380 1594 402 1629 t
439 1592 551 1645 γων
574 1593 585 1604 ·
615 1574 713 1629 καί
739 1575 925 1629 πάλιν
951 1575 1209 1642 δοξάσω,
1239 1578 1324 1629 ἵνα
1349 1578 1413 1630 δι’
1445 1579 1746 1651 ὑπερϐολὴν
1771 1578 1951 1649 φιλαν-

384 1686 403 1720 ι
442 1668 709 1741 θρωπίας,
753 1669 811 1720 ὲν
849 1671 914 1740 τῇ
962 1668 1099 1739 μετά
1130 1670 1228 1739 τὴν
1274 1670 1565 1723 ἀνάστασιν
1612 1672 1709 1743 τῆς
1749 1670 1949 1743 σαρκὸς

385 1779 404 1811 ι
440 1736 666 1829 δευτέρᾳ
689 1758 814 1831 δόξῃ
857 1736 1240 1831 τόν-πρότερον
1273 1760 1464 1830 θνητὸν
1508 1736 1792 1833 ἄνθρωπον
1820 1736 1951 1814 ἀθά·
1981 1736 2023 1789 Β

389 1870 407 1902 ι
447 1868 603 1906 νατον
619 1850 1017 1921 ἀπεργάσηται,
1035 1852 1127 1904 καὶ
1149 1852 1383 1925 τοσαύτῃ
1408 1852 1563 1906 αὐτὸν
1586 1852 1780 1925 δοξάσῃ
1804 1852 1949 1924 δόξῃ,

390 1960 409 1994 ι
454 1940 591 1994 ὥστε
629 1942 701 2012 μὴ
735 1942 892 2013 μόνον
927 1943 1085 1996 αὐτὸν
1118 1943 1217 2013 τῆς
1254 1945 1524 2015 προτέρας
1570 1944 1951 2015 ἀπαλλαγῆναι

393 2050 412 2083 ι
451 2032 707 2096 δουλείας,
738 2033 869 2086 ἀλλά
899 2035 993 2087 καὶ
1030 2035 1127 2105 τῆς
1161 2035 1302 2107 ὑπὲρ
1335 2035 1616 2106 ἄνθρωπον
1655 2036 1951 2105 ἀξιωθῆναι

394 2144 413 2176 r
450 2125 622 2196 δόξης.
662 2144 679 2177 ι
717 2127 824 2179 Καὶ
858 2123 1013 2191 αὖθις
1039 2128 1298 2197 ἐπιλέγει·
1337 2147 1356 2181 ι
1386 2130 1522 2194 Ἵνα,
1551 2130 1807 2202 ὡςιέφην,
1848 2130 1953 2183 ὑπὸ

395 2234 414 2267 ι
451 2216 543 2269 τοῦ
572 2216 816 2269 διαϐόλου
848 2219 1197 2289 ἀπατηθέντα
1230 2220 1492 2292 πρότερον
1528 2220 1619 2274 τὸν
1647 2222 1951 2294 ἄνθρωπον,

393 2328 411 2359 ι
448 2309 610 2362 αὐτὸν
632 2306 786 2373 αὖθις
811 2314 1029 2382 νικῆσαι
1054 2312 1143 2365 τὸν
1166 2312 1406 2367 διάϐολον
1430 2315 1955 2388 παρασκευάσῃ.Διά

392 2418 409 2452 ι
445 2400 602 2453 τοῦτο
620 2402 877 2473 ἀνείληφε
896 2404 990 2455 τὸν
1021 2404 1326 2475 ἄνθρωπον,
1343 2406 1428 2459 ἵνα
1450 2405 1753 2470 ἀκολούθως
1766 2406 1954 2461 τοῦτον

390 2513 410 2545 ¢
448 2494 701 2566 ἀπαρχὴν
726 2496 824 2566 τῆς
852 2495 1097 2559 ἐξουσίας
1120 2497 1450 2569 παραλαϐεῖν
1482 2499 1892 2572 παρασκευάσῃ.
1928 2518 1947 2553 ι

384 2586 495 2639 Καὶ
520 2585 873 2657 προστίθησιν
904 2586 979 2638 ἔτι
1012 2587 1202 2655 λέγων·
1236 2607 1253 2639 ι
1285 2584 1449 2651 Οὗτος
1474 2589 1582 2659 γάρ
1610 2590 1753 2641 ἐστιν
1778 2590 1805 2641 6
1827 2589 1956 2658 ἀγα-

391 2696 411 2728 (
448 2677 615 2747 πητὸς
637 2717 652 2741 ,
696 2680 723 2731 6
758 2677 835 2749 τῷ
866 2679 1022 2749 Λόγῳ
1056 2679 1275 2742 ὲνωθεὶς
1307 2679 1609 2750 ἄνθρωπος,
1658 2682 1786 2751 περὶ
1823 2676 1882 2736 οὗ
1925 2683 1953 2735 6

394 2788 414 2821 ι
454 2770 839 2842 εύαγγελιστὴς
879 2772 1015 2841 ἔφη·
1069 2768 1254 2838 Οὗτός
1301 2773 1470 2825 ἐστιν
1517 2775 1549 2825 ό
1599 2773 1729 2836 Υἱός
1770 2790 1887 2840 μου
1921 2775 1955 2825 ό

394 2882 414 2914 ι
453 2863 775 2932 ἀγαπητὸς,
795 2865 864 2917 ἐν
894 2857 941 2930 ᾧ
968 2863 1289 2931 εὐδόκησα.
1322 2884 1339 2915 ι
1364 2865 1470 2917 Καὶ
1499 2861 1651 2928 αὖθις
1684 2865 1949 2935 ἐπιφέρει”

398 2967 417 3002 ι
457 2950 577 3002 ’Ότι
610 2952 636 3003 6
660 2950 825 3019 Λόγος
852 2952 943 3004 τοῦ
976 2953 1206 3022 ἀοράτου
1237 2953 1370 3007 Θεοῦ
1417 2954 1503 3007 διὰ
1538 2954 1811 3025 Παρθένου
1842 2955 1952 3025 (77)

2052 498 2072 532 ι
2120 480 2379 546 deinceps
2418 488 2591 533 ortum
2637 478 2804 533 fuisse
2851 480 3131 535 luciferum
3161 481 3251 550 qui
3283 480 3425 536 diem
3466 484 3607 542 indi-

2053 590 2071 624 ι
2116 582 2265 626 caret
2326 570 2428 642 [Β.
2466 572 2672 644 XCIV].
2705 591 2723 624 ι
2770 572 3092 642 Progressus
3150 574 3327 627 adhuc
3378 575 3607 636 ulterius

2048 663 2151 717 ista
2204 663 2486 731 loquitur:
2523 681 2541 714 ι
2577 662 2825 734 Suscepit
2872 667 3014 719 enim
3058 667 3217 721 homo
3262 684 3367 724 non
3430 670 3605 728 solum

2052 772 2072 807 ι
2116 764 2434 823 potestatem
2481 769 2661 808 rerum
2705 771 2891 809 earum
2938 771 3056 823 qua:
3097 756 3150 810 in
3192 768 3333 813 terra
3366 759 3604 829 fuerant,

2052 864 2073 897 ι
2118 846 2211 901 sed
2248 856 2302 901 et
2340 846 2503 901 etiam
2535 860 2655 915 qua:
2692 846 2744 899 in
2788 846 2961 901 caelis.
2987 845 3096 903 Nec
3142 847 3358 916 injuria.
3390 850 3527 906 Nam
3558 851 3607 910 si

2053 956 2073 990 ι
2120 949 2230 993 tum
2281 954 2401 993 cum
2465 940 2625 993 homo
2684 939 2857 1005 ﬂeret,
2892 949 2964 1012 et
3005 941 3096 995 Dei
3142 944 3405 997 mediator
3443 953 3609 1014 atque

2054 1047 2075 1081 ι
2121 1029 2425 1093 hominum,
2451 1045 2547 1098 per
2576 1044 2696 1083 eum
2729 1040 2783 1084 et
2824 1030 2876 1084 in
2911 1045 2974 1084 eo
3004 1033 3183 1085 omnia
3213 1048 3394 1088 creata
3426 1044 3607 1101 erant,

2055 1137 2074 1171 ι
2120 1130 2178 1173 ιιι
2204 1120 2397 1174 asserit
2434 1119 2760 1193 Apostolus],
2792 1136 3017 1190 quaeque
3061 1122 3113 1176 in
3147 1125 3298 1179 cmlis
3343 1134 3519 1189 erant,
3553 1137 3610 1181 et

2056 1229 2075 1262 ι
2119 1226 2239 1279 quae
2274 1212 2327 1263 in
2361 1220 2501 1264 terra
2527 1213 2591 1275 “,
2624 1226 2961 1281 consequens
3000 1225 3083 1268 est
3113 1224 3306 1269 exacte
3330 1216 3608 1271 sciendum

2056 1320 2075 1353 ι
2119 1318 2260 1368 esse,
2316 1312 2638 1371 potestatem
2679 1305 2728 1358 ei
2777 1320 3091 1360 concessam
3127 1320 3229 1360 non
3280 1317 3482 1360 tantum
3518 1323 3611 1362 eo-

2057 1411 2075 1445 ι
2118 1411 2233 1448 rum
2265 1411 2384 1464 quae
2440 1397 2489 1450 in
2538 1399 2718 1461 terris,
2773 1397 2866 1452 sed
2905 1400 3065 1451 etiam
3103 1406 3157 1451 et
3198 1414 3319 1466 qua:
3349 1399 3403 1453 in
3459 1400 3613 1456 cmlis

2056 1506 2074 1538 ι
2122 1495 2298 1540 erant.
2357 1488 2414 1542 Si
2475 1487 2713 1557 loquitur
2796 1500 3198 1549 sacrosanctum
3261 1491 3608 1563 Evangelium

2054 1594 2073 1626 ι
2121 1576 2187 1629 de
2237 1576 2413 1642 aliqua
2465 1576 2537 1629 illi
2594 1591 2619 1628 a
2666 1574 2828 1630 Patre
2881 1592 3138 1632 concessa
3190 1580 3403 1649 gloria,
3468 1584 3613 1639 hanc

2058 1686 2074 1717 ι
2119 1678 2267 1721 certe
2334 1684 2427 1735 per
2480 1667 2647 1720 Deum
2703 1668 2862 1721 homo
2915 1671 3250 1724 convincitur
3315 1674 3609 1744 accepisse.

2057 1777 2076 1810 ι
2122 1759 2320 1812 Factus
2368 1760 2632 1826 siquidem
2662 1797 2678 1823 ,
2744 1770 2802 1814 ιιι
2852 1770 3072 1815 sanctus
3116 1763 3231 1815 vult
3296 1765 3611 1833 Apostolus,

2058 1868 2077 1903 ι
2123 1849 2217 1903 Dei
2253 1850 2519 1903 mediator
2570 1857 2732 1918 atque
2783 1851 3147 1914 hominum”,
3194 1852 3337 1908 viros
3382 1855 3497 1922 pios
3548 1870 3613 1910 ea

2058 1960 2076 1992 ι
2118 1941 2286 2011 gloria
2316 1940 2651 2010 gloriﬁcavit,
2688 1956 2849 2009 quam
2905 1943 3007 2010 ipsi
3052 1945 3348 1999 donaverat
3379 1945 3558 2001 Pater.
3588 1966 3607 1999 ι

2054 2034 2119 2087 Ει
2152 2033 2301 2087 addit
2339 2048 2525 2087 rursus
2567 2032 2659 2105 [Β.
2686 2030 2867 2106 XCVI]
2910 2051 2922 2088 :
2964 2053 2981 2085 ι
3012 2035 3076 2088 Et
3119 2035 3434 2106 dignitatern
3466 2038 3613 2092 illam

2058 2143 2077 2176 ι
2123 2124 2323 2179 homini
2378 2139 2474 2194 per
2528 2135 2810 2193 peceatum
2866 2126 3016 2196 lapso
3071 2129 3376 2190 concessit,
3420 2137 3480 2182 ιιι
3517 2145 3615 2182 suo

2060 2235 2079 2269 ι
2128 2216 2299 2285 ipsius
2324 2217 2500 2271 Verbo
2530 2231 2624 2285 per
2651 2216 2924 2286 Virginem
2958 2218 3222 2273 uniretur.
3259 2218 3443 2287 Ecqua
3470 2220 3615 2274 enim

2059 2325 2080 2362 ι
2123 2309 2227 2363 alia
2271 2310 2437 2363 haece
2484 2309 2658 2378 major
2691 2308 2860 2376 gloria
2900 2310 3045 2363 inter
3074 2310 3325 2365 homines
3352 2312 3619 2379 praedica-

2060 2420 2079 2453 ‹
2128 2401 2252 2455 tur?
2276 2400 2409 2454 Cum
2448 2399 2673 2454 dixisset
2703 2400 2994 2470 gloriﬁcavi
3017 2414 3084 2463 te,
3117 2400 3301 2465 infert,
3334 2411 3384 2455 et
3424 2403 3615 2456 iterum

2061 2509 2080 2544 ι
2125 2493 2433 2563 gloriﬁcabo
2455 2492 2501 2523 "
2548 2501 2656 2546 :ut
2717 2508 2781 2545 ex
2838 2492 3101 2546 immensa
3160 2509 3256 2547 sua
3310 2494 3618 2548 misericor-

2061 2602 2080 2635 ι
2127 2586 2250 2649 dia,
2320 2586 2373 2637 in
2428 2585 2682 2637 secunda.
2727 2591 2849 2652 post
2915 2584 3097 2637 carnis
3163 2585 3616 2638 resurrectionem

2062 2695 2081 2728 ι
2128 2676 2331 2745 gloria,
2415 2676 2690 2729 hominem
2772 2675 2921 2744 prius
3004 2674 3284 2727 mortalem
3365 2675 3619 2729 redderet

2061 2787 2079 2819 ι
2123 2766 2509 2833 immortalem,
2540 2776 2594 2821 et
2626 2776 2771 2820 tanta
2802 2766 2950 2819 illum
2979 2765 3146 2835 gloria
3181 2764 3531 2831 gloriﬁcaret,
3552 2772 3611 2828 μβ

2062 2877 2081 2911 ι
2122 2868 2178 2913 ιιι
2198 2874 2302 2912 non
2321 2859 2478 2911 modo
2511 2858 2771 2912 servitute
2795 2856 2958 2927 priori
2986 2856 3243 2909 liberetur
3267 2895 3280 2919 ,
3308 2857 3398 2909 sed
3430 2857 3619 2927 majori

2060 2969 2080 3003 ι
2122 2950 2288 3022 gloria
2327 2952 2591 3004 vestiatur
2620 2965 2782 3020 quam
2819 2948 2997 3017 capiat
3028 2948 3207 3000 homo.
3230 2965 3248 2998 ι
3300 2946 3365 2999 Ει
3398 2947 3617 3013 iterum,

398 3057 419 3091 ι
454 3039 810 3108 τεχθήσεσθαι
856 3040 1065 3112 ἔμελλε,
1098 3043 1191 3095 κα)⁸
1222 3041 1318 3112 τὴν
1357 3042 1700 3112 ἀνθρωπίνην
1752 3042 1951 3111 ἀναλή-

2059 3044 2147 3117 ἷΒ.
2170 3042 2405 3115 XCVII]:
2429 3063 2446 3094 ι
2472 3042 2535 3097 Ut
2561 3043 2828 3095 hominem
2846 3041 2992 3093 illum
3012 3040 3202 3108 prinsa
3226 3037 3438 3092 diabolo
3461 3051 3623 3105 snpe-

398 3148 417 3181 ι
450 3130 644 3199 ψεσθαι
670 3131 863 3202 σάρκα.
892 3135 998 3186 Καὶ
1025 3135 1110 3187 ἵνα
1132 3133 1199 3185 δι’
1216 3134 1383 3203 αὐτῆς
1412 3135 1504 3187 τὸν
1538 3134 1799 3205 πρότερον
1826 3151 1954 3187 κατ-

397 3239 417 3272 ι
461 3221 749 3291 ισχύσαντα
810 3222 896 3276 τοῦ
946 3223 1233 3296 ἀνθρώπου
1292 3218 1535 3277 διάϐολον
1586 3225 1955 3293 καταγωνισά-

392 3330 415 3364 σ
454 3330 631 3383 μενος,
659 3314 733 3385 μὴ
766 3316 922 3385 μόνον
955 3316 1230 3388 ἄφθαρτον
1257 3316 1418 3370 αὑτὸν
1451 3317 1544 3370 κα)⁸
1575 3318 1840 3371 ἀθάνατον
1872 3333 1957 3385 γε-

392 3421 413 3454 ι
443 3403 627 3458 νέσθαι
662 3408 1077 3481 παρασκευάσῃ,
1110 3407 1244 3461 ἀλλά
1275 3408 1369 3461 καὶ
1402 3408 1687 3480 σύνθρονον
1713 3410 1769 3460 ὲν
1794 3408 1958 3479 οὐραρ

392 3512 412 3546 ι
454 3497 558 3559 νοῖς
591 3496 667 3567 τῷ
708 3497 845 3568 Θεῷ.
890 3518 908 3551 ι
964 3498 1148 3553 Ταῦτα
1175 3499 1232 3552 δὲ
1266 3500 1441 3553 πάντα
1474 3502 1765 3567 ἀναγκαῖον
1822 3515 1956 3552 κατ-

387 3580 530 3655 έχειν
556 3586 611 3638 ὲν
642 3589 829 3658 μνήμῃ
847 3587 935 3642 διά
959 3588 1027 3641 τὰ
1058 3588 1315 3659 μέλλοντα
1351 3591 1440 3643 ὑπ’
1467 3590 1629 3643 αὐτοῦ
1656 3588 1763 3659 (78)
1795 3584 1959 3661 Map-

388 3675 577 3731 κέλλου
612 3680 752 3733 κατὰ
794 3683 890 3750 τῆς
937 3681 1157 3752 σαρκὸς,
1195 3678 1263 3754 ἦς
1299 3682 1586 3753 ἀνείληφεν
1616 3683 1643 3734 6
1682 3680 1775 3734 τοῦ
1820 3679 1954 3739 Θεοῦ

390 3768 577 3837 Λόγος,
620 3769 1003 3841 προφέρεσθαι.
1070 3772 1155 3834 Ὠς
1187 3772 1293 3842 γὰρ
1333 3774 1718 3843 ἁμνημονήσας
1753 3774 1956 3827 τούτων

387 3861 641 3915 ἁπάντων
671 3857 746 3916 ὧν
790 3863 1022 3929 ἐξέθετο,
1062 3864 1213 3929 τέλος
1246 3866 1345 3917 οὐκ
1382 3864 1554 3918 αἴσιον
1598 3866 1703 3918 οὐδ’
1738 3867 1956 3931 εὐσεϐὲς

390 3952 584 4021 ὲπάγει
624 3953 704 4024 τῷ
744 3956 996 4025 σωτηρίῳ
1031 3955 1260 4026 σώματι.
1304 3956 1447 4026 Πρὸς
1489 3958 1697 4019 τούτοις
1731 3958 1952 4021 ἅπασιν,

390 4043 578 4116 ὥσπερ
610 4047 716 4100 τῶν
763 4049 1043 4119 προτέρων
1093 4048 1240 4117 αὐτῷ
1276 4048 1735 4120 κατωρθωμένων,
1770 4052 1957 4121 πειρᾶ-

388 4147 483 4194 m
505 4136 771 4191 δεικνύναι
808 4139 902 4191 καὶ
928 4139 1008 4203 τὸ,
1041 4142 1073 4191 ό
1104 4140 1316 4207 Κύριος
1346 4141 1757 4202 ἐϐασίλευσεν,
1778 4141 1958 4210 ἀγαλ-

387 4229 617 4283 υῖιάσθω
643 4230 680 4297 ἡ
720 4229 817 4299 γῆ,
852 4234 929 4295 είς
958 4232 1054 4302 τὴν
1095 4232 1269 4303 σάρκα
1296 4231 1675 4303 ἀναφέρεσθαι.
1706 4232 1868 4300 Λέγει
1900 4232 1957 4288 δὲ

390 4320 583 4383 οὕτως·
618 4342 636 4373 ι
680 4324 737 4375 '0
771 4323 899 4391 γοῦν
946 4324 1207 4387 καταϐάς,
1257 4325 1347 4377 καὶ
1388 4324 1485 4395 τὴν
1520 4325 1695 4395 σάρκα
1731 4322 1817 4375 διὰ
1859 4323 1957 4395 τῆς

2060 3156 2079 3189 ι
2128 3148 2325 3202 ratum,
2382 3135 2643 3189 victorem
2675 3134 2874 3189 diaboli
2914 3132 3290 3186 constitueret.
3335 3129 3617 3183 Hominem

2061 3250 2079 3284 ι
2126 3231 2328 3285 idcirco
2355 3232 2408 3282 in
2445 3243 2504 3282 se
2529 3227 2856 3297 assumpsit,
2884 3235 2944 3278 ut
2965 3226 3104 3294 quod
3136 3237 3472 3290 consequens
3496 3219 3618 3285 fuit,

2060 3340 2079 3374 ι
2124 3322 2248 3376 huic
2282 3320 2552 3390 primitias
2590 3317 2872 3386 potestatis
2904 3331 3015 3369 suae
3041 3316 3360 3383 impertiret.
3386 3333 3403 3364 ι
3439 3313 3503 3366 Et
3529 3328 3625 3366 an-

2054 3413 2221 3470 nectit
2240 3408 2327 3483 [R.
2348 3408 2601 3481 XXXV]:
2628 3426 2646 3459 ι
2672 3407 2769 3463 Hic
2785 3416 2870 3462 est
2886 3408 2971 3460 ille
2989 3407 3233 3487 dilectus,
3255 3406 3411 3459 homo
3430 3420 3623 3472 nempe

2059 3522 2080 3556 ς
2128 3501 2304 3556 Verbo
2350 3500 2605 3553 adunitus
2636 3517 2650 3552 :
2679 3499 2745 3553 de
2789 3512 2896 3566 quo
2937 3497 3175 3565 loquitur
3226 3495 3555 3562 evangelista
3604 3514 3619 3529 -

2060 3613 2080 3647 ι
2126 3594 2224 3648 llic
2249 3604 2329 3647 est
2361 3588 2531 3646 Filius
2566 3605 2716 3645 mens
2752 3590 2979 3644 dilectus
3012 3589 3063 3640 in
3095 3602 3200 3656 quo
3234 3588 3558 3655 complacui.
3595 3606 3617 3640 ι

2058 3683 2413 3757 Λιιῇυηείιμῖ.
2447 3681 2708 3753 XCVIII]:
2735 3700 2753 3734 ι
2777 3682 2928 3749 Quod
2958 3679 3187 3734 Verbum
3217 3677 3497 3731 invisibilis
3527 3677 3623 3732 Dei

2061 3794 2080 3827 ι
2127 3776 2215 3845 qui
2252 3776 2370 3839 fuit,
2397 3790 2493 3844 per
2533 3771 2805 3842 Virginem
2846 3780 2962 3824 erat
2999 3770 3334 3832 nasciturus,
3382 3776 3437 3820 et
3466 3780 3615 3820 sum-

2061 3886 2081 3919 ι
2124 3877 2313 3934 pturus
2359 3867 2652 3921 humanam
2712 3879 2971 3928 carnem,
3028 3871 3081 3915 et
3137 3861 3189 3913 in
3242 3859 3328 3913 illa
3354 3857 3620 3912 diabolum

2063 3977 2081 4010 ι
2128 3960 2495 4013 debellaturus
2540 3958 2630 4028 qui
2677 3956 2804 4010 olim
2859 3954 3214 4023 praevalnerat
3251 3969 3264 4006 :
3298 3968 3403 4006 non
3455 3952 3505 4005 in
3558 3965 3625 4006 eo

2062 4067 2080 4099 ι
2129 4058 2331 4102 tantum
2374 4052 2514 4118 quod
2563 4048 2710 4101 illum
2745 4048 3051 4100 redditurus
3093 4043 3194 4096 fuit
3243 4041 3626 4110 incorruptibi-

2063 4159 2083 4193 ι
2130 4141 2231 4194 lem
2278 4150 2333 4192 et
2366 4139 2750 4202 immortalem,
2794 4138 2887 4192 sed
2941 4136 3129 4189 eodem
3179 4133 3316 4188 solio
3372 4133 3425 4186 in
3472 4132 3626 4187 caelis

2060 4248 2082 4284 ι
2127 4246 2247 4285 cum
2287 4231 2395 4285 Deo
2425 4244 2828 4284 consessorum.
2863 4247 2881 4279 ι
2931 4226 3067 4280 Sunt
3103 4227 3207 4280 ista
3250 4225 3472 4280 omnino
3509 4238 3625 4277 me-

2059 4325 2227 4377 moria
2274 4321 2573 4382 retinenda,
2624 4331 2840 4389 propter
2872 4319 2960 4372 illa
2992 4334 3109 4386 quae
3148 4318 3403 4386 producet
3440 4314 3625 4369 statim

396 4431 418 4464 ‹
453 4413 726 4485 Παρθένου
758 4413 1094 4487 προσλαϐὼν,
1131 4415 1435 4484 κατεστάθη
1458 4415 1708 4485 βασιλεὺς
1743 4415 1833 4467 ἐπὶ
1860 4413 1954 4486 τὴν

2062 4404 2289 4485 ipsemet
2344 4413 2674 4478 Marcellus,
2730 4424 2916 4467 contra
2977 4427 3195 4467 carnem
3255 4409 3399 4464 illam
3462 4422 3624 4477 qnam

395 4521 417 4557 ς
466 4504 809 4574 Ἐκκλησίαν,
836 4505 1094 4575 δηλονότι,
1124 4506 1209 4558 ἵνα
1239 4504 1326 4558 διὰ
1351 4506 1445 4557 τοῦ
1479 4506 1649 4575 Λόγου
1680 4507 1707 4556 6
1733 4507 1831 4575 τῆς
1861 4505 1955 4575 βα-

394 4614 417 4648 (
458 4596 661 4658 σιλείας
700 4595 807 4648 τῶν
844 4595 1088 4666 οὐρανῶν
1138 4595 1401 4667 πρότερον
1450 4597 1817 4662 ἐκπεπτωκὼς
1865 4598 1957 4651 ἄν·

396 4705 418 4741 ι
456 4686 675 4757 θρωπος
706 4686 986 4757 βασιλείας
1028 4687 1227 4757 δυνηθῇ
1263 4691 1467 4758 τυχεῖν.
1513 4689 1709 4742 Τοῦτον
1749 4686 1839 4742 οὖν
1870 4689 1957 4743 τὸν

396 4795 420 4830 ι
452 4777 734 4848 ἄνθρωπον
758 4779 849 4831 τὸν
879 4779 1162 4850 πρότερον,
1187 4778 1273 4831 διά
1300 4779 1394 4850 τὴν
1423 4780 1700 4853 παρακοὴν
1731 4781 1829 4850 τῆς
1864 4782 1957 4851 βα-

398 4885 418 4918 ι
460 4868 663 4931 σιλείας
708 4869 1119 4932 ἐκπεπτωκότα,
1170 4869 1371 4939 Κύριον
1408 4870 1500 4922 καὶ
1538 4869 1668 4922 Θεὸν
1706 4871 1955 4938 γενέσθαι

399 4978 418 5009 ι
458 4958 775 5029 βουλόμενος
801 4963 829 5014 ὁ
867 4960 1019 5021 Θεὸς,
1060 4958 1261 5029 ταύτην
1303 4959 1400 5029 τὴν
1445 4961 1751 5030 οἰκονομίαν
1782 4960 1959 5030 εἰργά-

398 5069 418 5101 ι
460 5067 611 5103 σατο.
656 5051 715 5104 Ὀ
745 5047 837 5104 οὖν
868 5050 1167 5118 ἀγιώτατος
1194 5052 1477 5122 προφήτης
1504 5051 1662 5103 Δαυῖδ
1691 5068 1957 5123 προφητιο

2062 4506 2350 4574 assumpsit
2378 4504 2469 4559 Dei
2509 4503 2768 4559 Verbum.
2805 4503 2979 4557 Veluti
3007 4503 3148 4557 enim
3176 4502 3372 4556 oblitus
3395 4502 3623 4555 istorum

2062 4598 2298 4650 omnium
2322 4610 2440 4665 qua:
2468 4595 2720 4661 adduxit,
2754 4596 2911 4650 linem
2954 4596 3175 4649 minime
3203 4604 3625 4650 consentaneum

2062 4686 2271 4755 pietati,
2339 4694 2393 4739 et
2447 4684 2738 4740 infaustum
2789 4685 2925 4740 satis
2981 4686 3192 4754 corpori
3256 4684 3627 4754 superinducit

2076 4778 2407 4831 Servatoris.
2471 4775 2617 4831 Ultra
2674 4777 2775 4830 ista
2846 4777 3059 4846 quidem
3112 4776 3315 4839 omnia,
3374 4785 3626 4842 tanquam

2063 4880 2209 4923 recte
2240 4870 2623 4933 successerint,
2660 4879 2711 4923 et
2740 4885 2805 4923 ex
2834 4870 3012 4922 animo
3035 4871 3313 4938 superiora
3342 4906 3357 4930 ,
3402 4876 3629 4920 conatur

2063 4964 2369 5022 ostendere.
2400 4971 2452 5014 et
2484 4958 2629 5013 illum
2669 4962 2830 5014 etiam
2866 4970 3098 5022 textum,
3148 4958 3397 5028 Regnavit
3445 4955 3627 5008 Domi-

2065 5068 2186 5115 nus,
2224 5051 2445 5104 exsultet
2474 5063 2615 5105 terra
2652 5053 2720 5115 ⁸⁵,
2760 5055 2825 5105 de
2852 5066 3015 5105 carne
3056 5050 3482 5120 intelligendum.
3540 5048 3630 5102 Ait

352 5260 362 5311 ἡ
469 5243 530 5301 v14
561 5235 655 5292 Ed.
685 5235 855 5293 Paris.
889 5252 1009 5307 pag.
1035 5236 1123 5290 49.
1195 5238 1239 5267 ³³
1263 5235 1472 5290 Coloss.
1503 5250 1541 5296 I,
1575 5232 1658 5286 16.
1736 5230 1781 5262 ’³
1805 5230 1823 5284 ι
1848 5228 1954 5283 Tim

2063 5267 2077 5294 ,
2107 5229 2157 5287 5.
2237 5226 2451 5284 “Joan.
2483 5243 2576 5291 xu,
2611 5225 2699 5282 23.
2774 5227 2818 5256 ’⁵
2851 5224 2993 5278 Psal.
3030 5240 3167 5288 xcvi,
3207 5224 3257 5276 1.

464 5435 578 5579 277)
601 5436 773 5505 Vulgo
795 5441 892 5508 τῆς
920 5437 1094 5508 Παρθ.

493 5508 582 5574 78)
612 5508 927 5561 Μέλλοντα
954 5508 1055 5561 ὑπ’
1085 5530 1094 5560 ι

2078 5426 2317 5489 homine,
2341 5426 2547 5486 delirat,
2577 5440 2695 5475 eum
2719 5423 2853 5475 ultra
2872 5439 3056 5475 omnes
3073 5424 3334 5485 homines,
3354 5434 3470 5490 post
3500 5440 3626 5476 συν-

529 5495 582 5574 8]
612 5495 927 5561 Μέᾶλοιὲἑα
954 5495 1055 5561 ὑπ’
1085 5505 1292 5561 αὐτοῦ.
1322 5502 1575 5566 Omnino,
1611 5510 1665 5574 ut
1706 5499 1954 5553 Eusebius

2074 5496 2736 5574 τέλειαν-ιέχἱιιςιιιιιειιιιιιιιι,
2770 5500 2909 5574 quod
2950 5495 3097 5558 τέλος
3135 5496 3628 5574 οὐκιαῐσιονκξιεειο

395 5571 497 5642 ait,
535 5571 650 5632 Itane
682 5589 805 5630 sunt
835 5579 1191 5631 observanda.
1230 5576 1361 5627 Nam
1412 5571 1730 5642 stupendum
1768 5573 1817 5623 in
1855 5584 1963 5642 Ino-

400 5638 515 5705 rem
544 5647 799 5702 insanivit
831 5644 1136 5708 Marcellus,
1160 5647 1203 5699 si
1230 5660 1353 5698 vera
1390 5638 1543 5697 nobis
1572 5641 1637 5693 de
1669 5640 1759 5695 illo
1784 5638 1964 5692 retulit

402 5717 766 5774 adversarius.
800 5714 933 5769 Nam
971 5716 1036 5770 de
1060 5716 1257 5770 Chriin
1295 5728 1482 5778 carne,
1513 5712 1615 5767 hoc
1636 5720 1717 5765 est
1746 5708 1963 5763 Christo

645 5811 917 5873 Ριτιιοι..
969 5810 1085 5872 Gn.
1154 5809 1375 5872 XXIV.

2074 5565 2547 5636 vocat.M.—lnl'ra
2579 5568 2732 5633 vulgo
2755 5563 2955 5636 ταύτην
2971 5568 3157 5625 οἰκον..
3178 5574 3226 5617 et
3242 5564 3408 5631 λέγει,
3427 5564 3627 5636 Κύριος

2070 5635 2248 5701 Mam;
2270 5638 2391 5691 dein
2422 5634 2671 5698 λαϐόντος
2691 5635 2881 5705 χρόνον
2902 5634 3043 5691 τοῦδ.
3074 5637 3136 5691 Β.

3232 5801 3309 5859 96
