4086 6202
377 187 486 258 ειδ
1515 201 1792 256 comas
1833 201 2254 258 MARChLLUM
2294 203 2424 256 LIB.
2465 201 2530 256 Il.
3521 215 3627 270 δη

375 337 398 374 ι
441 322 543 377 ὑπ’
561 322 770 384 αὐτοῦ,
795 319 890 374 ἐπί
923 319 1076 373 Σιὼν
1102 304 1238 389 ὄρος
1264 322 1330 376 τὸ
1353 323 1520 393 ἅγιον
1544 325 1957 394 αὑτοῦ.’Έτερα

2069 343 2087 376 ι
2128 325 2242 394 ejus
2261 335 2500 378 sanctum
2518 325 2582 380 ⁸⁸.
2603 325 2760 380 Aliud
2789 325 2896 382 ibi:
2925 325 3178 382 Dominus
3207 332 3458 399 regnavit,
3483 335 3628 388 imii-

378 443 398 476 ι
433 424 516 489 δὲ,
564 425 626 477 '0
665 425 873 494 Κύριος
890 424 1268 489 ἐϐασίλευσε,
1317 425 1749 495 ὀργιζέσθωσαν
1791 427 1950 482 λαοί.

2060 434 2080 468 ι
2124 428 2345 487 gnentur
2387 417 2564 486 pepuli
2612 419 2679 470 ".
2740 437 2758 470 ι
2798 419 2959 474 Aliud
3000 437 3012 472 :
3053 419 3315 476 Dominus
3375 429 3626 495 regnavit,

379 534 401 568 ε
443 517 559 570 Καὶ
585 512 759 579 αὖθις·
803 517 862 568 '0
883 517 1096 583 Κύριος
1123 517 1542 582 ἐϐασίλευσεν,
1573 518 1953 588 ἁγαλλιάσθω

2060 525 2078 558 ι
2125 506 2347 561 exsultet
2388 518 2549 562 terra.
2599 507 2832 564 Omnino
2873 513 3145 566 sescentis
3186 512 3314 568 licet
3346 529 3413 569 ex
3459 520 3628 572 abun-

379 634 403 672 s
442 620 483 688 ἠ
519 617 615 689 γῆ.
664 619 772 672 Καὶ
819 617 956 680 ὅλως
995 618 1203 688 μυρίων
1253 619 1431 690 ῥητῶν
1471 621 1605 692 πρὸς
1651 619 1951 691 μαρτυρίαν

2061 621 2080 653 ι
2127 603 2277 656 danti
2343 604 2668 658 testimoniis
2723 604 2825 659 hoc
2884 605 3022 660 idem
3082 609 3474 675 comprobare,
3540 611 3628 665 vix

385 737 405 771 ι
443 718 593 772 ἐστιν
621 720 995 790 εὐπορήσαντα
1031 717 1221 782 δεῖξαι,
1266 719 1346 771 ὅτι
1374 720 1546 790 ἀρχὴν
1579 718 1854 788 βασιλείας
1879 719 1954 770 ετ-

2061 713 2080 746 ‹
2129 695 2275 763 regni
2324 696 2405 748 sui
2459 696 2671 750 initium
2718 698 2990 751 hominem
3040 713 3135 766 per
3179 699 3415 754 Vcrh‘um
3467 718 3627 757 acce-

383 843 406 878 ε
443 824 611 896 ληφεν
651 827 678 877 6
721 787 1004 897 ἄνθρωπος
1035 822 1122 875 διὰ
1165 821 1257 875 τοῦ
1297 787 1586 890 ΛόγουίΕί
1617 817 1710 873 οὖν
1735 820 1953 891 εἴληφεν

2060 805 2080 838 ι
2129 788 2294 858 pisse.
2330 787 2484 853 Quod
2513 789 2557 843 si
2593 791 2740 859 regni
2773 791 2985 844 initium
3025 794 3230 862 accepit
3290 795 3450 850 homo
3499 806 3628 852 ante

384 943 404 978 ι
444 925 615 998 ἀρχὴν
662 924 939 994 βασιλείας
972 925 1078 995 πρὸ
1117 923 1253 976 ἑτῶν
1283 923 1417 976 ὅλων
1461 922 1522 976 οὐ
1567 921 1827 974 πλειόνων
1867 938 1954 974 τε-

383 1038 403 1070 (
440 1019 768 1092 τρακοσίων,
826 1017 976 1070 οὐδὲν
1026 1016 1342 1087 παράδοξον,
1395 1017 1442 1069 εἰ
1506 1015 1595 1069 τὸν
1638 1016 1744 1086 πρὸ
1782 1015 1952 1079 οὕτως

383 1129 401 1161 ι
443 1111 620 1178 ὀλίγου
676 1109 867 1182 χρόνου
926 1110 1026 1180 τῆς
1083 1108 1356 1179 βασιλείας
1393 1108 1596 1180 ταύτης
1646 1109 1875 1178 τυχόντα
1920 1109 1949 1160 6

381 1220 399 1252 ι
450 1201 766 1264 Ἀπόστολὸς
782 1218 934 1272 φησι,
965 1200 1309 1272 παραδώσειν
1330 1201 1428 1272 τὴν
1448 1200 1746 1271 βασιλείαν,
1775 1199 1953 1270 δηλον-

379 1311 397 1343 ι
437 1293 516 1346 ότι
561 1292 642 1363 τῷ
682 1292 798 1364 Θεῷ
823 1293 898 1364 τῷ
941 1294 1335 1362 καταστήσαντι
1364 1293 1543 1356 αὑτὸν,
1588 1290 1662 1356 ὠς
1696 1294 1728 1362 ή
1761 1293 1948 1362 Γραφή

376 1402 395 1435 ι
438 1402 591 1454 φησι,
644 1384 887 1454 βασιλέα.
937 1404 955 1436 ι
1003 1385 1110 1438 Καὶ
1161 1386 1275 1456 μεθ’
1322 1386 1484 1456 ἕτερα
1525 1385 1668 1438 οὕτω
1711 1385 1949 1458 γράφει·

374 1496 393 1527 ι
438 1475 649 1530 Ούκοῦν
688 1477 933 1549 ἐνεργείᾳ
965 1477 1119 1548 μόνῃ,
1164 1476 1252 1529 διὰ
1288 1477 1386 1549 τὴν
1425 1477 1522 1547 τῆς
1558 1477 1760 1547 σαρκὸς
1813 1475 1947 1546 πρό-

2060 899 2080 933 ι
2127 897 2299 936 annos
2328 882 2562 936 nondum
2591 897 2716 938 cccc
2732 884 3048 954 completos,
3075 885 3204 940 nihil
3231 894 3312 940 est
3338 888 3558 943 absurdi
3580 890 3628 946 si

2060 993 2080 1026 ι
2119 976 2405 1044 Apostolus
2456 975 2701 1047 amrmet,
2753 977 2902 1032 illum
2962 979 3049 1047 qui
3107 981 3317 1048 accepit
3369 996 3622 1050 regnum.

2061 1086 2079 1118 ι
2124 1067 2283 1122 anuis
2330 1067 2526 1122 abhinc
2589 1079 2694 1122 tam
2747 1069 3086 1139 paucissimis
3124 1071 3356 1138 elapsis,
3407 1086 3622 1126 sursum

2061 1176 2080 1210 ι
2126 1159 2456 1214 redditurum
2491 1175 2610 1214 esse
2649 1177 2873 1230 regnum
2910 1163 3041 1226 Deo,
3069 1163 3158 1232 qui
3195 1164 3365 1230 illum,
3398 1176 3455 1218 ιιι
3481 1165 3628 1220 Scri-

2061 1267 2078 1300 ι
2126 1259 2278 1318 ptura
2330 1251 2445 1315 ait,
2489 1252 2770 1306 con5tituit
2820 1267 3019 1322 regem.
3075 1271 3093 1304 ι
3155 1253 3284 1308 Post
3333 1270 3499 1324 pauca
3548 1255 3623 1310 ita

2055 1343 2245 1396 scribit
2294 1341 2392 1413 [11.
2427 1342 2563 1414 CIII]
2596 1359 2610 1396 :
2643 1351 2700 1408 >14
2749 1363 2766 1394 ι
2797 1345 2962 1413 Igitur
3001 1345 3118 1400 sola
3166 1347 3476 1414 operatione
3501 1387 3515 1412 ,
3570 1357 3623 1401 et

2065 1452 2082 1483 ‹
2128 1435 2344 1500 quidem
2380 1435 2482 1489 sub
2511 1445 2774 1503 praetextu
2799 1437 3000 1499 carnis,
3039 1439 3314 1508 hucusque
3343 1449 3624 1509 separatus

2064 1542 2083 1574 ι
2132 1543 2158 1575 a
2211 1525 2366 1580 l’atre
2431 1527 2663 1590 videtur,
2724 1542 2895 1595 usque
2945 1529 3070 1582 dum
3109 1531 3388 1585 advenerit
3432 1531 3622 1600 judicii

2061 1631 2077 1663 ι
2129 1627 2360 1682 tempus,
2391 1625 2448 1668 ut
2475 1616 2703 1684 quieum
2737 1617 3118 1674 lrauslixerant
3140 1620 3190 1672 iu
3215 1634 3337 1674 eum
3372 1621 3622 1675 iutueau-

2061 1723 2079 1756 ι
2130 1716 2214 1758 tur
2243 1719 2399 1772 quem
2437 1706 2840 1770 transﬁxeraut,
2895 1717 2948 1760 et
2998 1709 3070 1762 ita
3117 1709 3328 1762 demum
3378 1712 3429 1764 id
3480 1714 3623 1782 quod

2062 1814 2082 1847 ι
2127 1798 2373 1866 sequitur
2412 1798 2861 1868 complementum
2902 1815 3058 1854 suum
3103 1803 3381 1856 sortiatur.
3430 1803 3622 1859 Omnia

2060 1907 2080 1942 ι
2126 1891 2292 1954 enim,
2347 1906 2470 1945 cmn
2525 1901 2646 1961 post
2689 1891 2951 1959 judicium
3012 1893 3346 1962 subjicienda
3401 1896 3620 1951 Christo

2061 2001 2078 2034 ι
2122 1984 2251 2042 sint.
2287 1985 2740 2052 quemadmodum
2795 1988 3058 2042 asseritur
3095 1990 3161 2042 ab
3197 1989 3474 2058 Apostolo,
3511 1999 3622 2044 tum

386 2070 405 2103 ι
452 2069 557 2104 ται.
585 2052 801 2105 Πάντων
833 2053 940 2124 γὰρ
973 2055 1031 2105 ὲν
1055 2053 1132 2124 τῷ
1158 2053 1330 2124 καιρῷ
1356 2052 1450 2106 τοῦ
1497 2053 1683 2116 τέλους
1721 2054 1954 2108 ύποτάσ-

2062 2093 2080 2126 ι
2123 2085 2171 2128 et
2199 2077 2308 2144 ipse
2351 2076 2662 2144 subjicietur
2687 2077 2787 2147 illi,
2818 2081 2909 2148 qui
2945 2080 3047 2148 ipsi
3074 2052 3262 2134 omnia.
3280 2052 3548 2151 supposuit
3575 2082 3622 2114 ³⁸

385 2164 403 2196 ι
451 2144 630 2198 σεσθαι
678 2144 979 2215 μελλόντων
1018 2145 1096 2215 τῷ
1129 2144 1371 2216 Χριστῷ,
1425 2144 1500 2208 ὡς
1548 2145 1576 2196 6
1635 2144 1953 2210 Ἀπόστολος

2060 2164 2150 2235 [εἴ.
2188 2181 2240 2234 p.
2280 2163 2384 2221 I90
2409 2166 2508 2238 A}.
2557 2144 2980 2234 Quocirca-cum
3016 2144 3387 2226 didicerimus
3423 2161 3636 2246 humaﬁ

383 2259 400 2290 ι
448 2239 549 2310 ἔφη
568 2280 582 2302 ,
609 2238 928 2306 τηνικαῦτα
951 2239 1132 2304 αὐτὸς
1160 2237 1600 2307 ὑποταγήσεται
1624 2235 1703 2302 τῷ
1731 2237 1951 2292 ὐποτὰ-

2060 2276 2076 2308 ι
2127 2273 2246 2312 nam
2273 2235 2518 2323 carnem,
2543 2276 2705 2330 quam
2725 2277 2822 2330 pro
2853 2263 3008 2318 nobis
3035 2267 3330 2335 assumpsit
3359 2266 3618 2336 Verbum,

381 2349 399 2382 ι
445 2331 615 2395 {aret
657 2330 815 2396 αὐτῷ
848 2331 918 2384 τὰ
958 2331 1173 2383 πάντα.
1220 2330 1346 2382 Ὅτε
1387 2330 1566 2383 τοίνυν
1609 2328 1951 2399 μανθάνομεν

2060 2369 2077 2402 ι
2127 2362 2251 2404 ante
2298 2367 2468 2406 annos
2502 2369 2628 2409 cccc
2662 2351 2801 2411 totos
2829 2372 2933 2410 non
2971 2369 3334 2428 assumptum,
3375 2364 3622 2418 eamdem

379 2441 398 2474 ι
447 2425 574 2494 περὶ
605 2423 705 2492 τῆς
726 2422 1071 2494 ἀνθρωπίνης
1101 2421 1320 2494 σαρκὸς,
1356 2421 1422 2491 ἢν
1463 2421 1528 2473 δι’
1553 2423 1701 2492 ἡμᾶς
1734 2420 1950 2491 ἀνείλη-

2060 2457 2076 2491 r
2127 2441 2299 2510 ipsum
2335 2451 2668 2497 retenturum
2703 2447 3102 2512 cognoscimus,
3141 2464 3247 2503 non
3279 2451 3621 2521 ultrajudicii

378 2535 394 2566 ι
444 2533 540 2585 φεν
569 2517 597 2567 6
620 2516 808 2582 Λόγος,
850 2513 952 2584 πρὸ
972 2513 1334 2584 τετρακοσίων
1363 2513 1459 2582 οὐχ
1485 2512 1620 2565 ὅλων
1655 2513 1810 2576 ἐτῶν,
1829 2513 1948 2566 τότε

2060 2547 2076 2580 ι
2128 2539 2334 2599 tempus
2356 2532 2418 2594 .iu
2454 2534 2634 2586 futuro
2662 2535 2879 2588 saeculo.
2912 2535 3144 2591 Necesse
3187 2549 3268 2592 cst
3311 2543 3454 2594 enim
3491 2559 3621 2597 con-

378 2633 397 2668 s
442 2616 646 2686 ταύτην
669 2616 762 2668 καὶ
784 2616 844 2667 ὲν
876 2617 987 2678 τοῖς
1019 2613 1302 2684 μέλλουσιν
1332 2612 1526 2665 αἰῶσιν
1563 2615 1591 2666 6
1614 2613 1784 2681 Λόγος
1816 2613 1946 2678 ἕξει,

2060 2637 2076 2670 ι
2121 2622 2378 2674 summari
2423 2637 2620 2690 opere,
2667 2626 2808 2692 quod
2858 2627 3022 2679 verbo
3067 2630 3381 2692 prmdictum
3423 2632 3530 2706 fuit
3589 2650 3622 2689 a

379 2735 396 2770 ι
442 2719 476 2790 ἢ
508 2719 633 2788 ἄχρι
664 2717 825 2788 μόνου
841 2715 932 2768 τοῦ
953 2714 1051 2784 τῆς
1079 2714 1309 2785 κρίσεως
1336 2713 1546 2785 καιροῦ.
1584 2712 1815 2783 Ἀνάγκη
1840 2713 1948 2784 γὰρ

2060 2729 2075 2760 ι
2120 2711 2400 2779 propheta.
2446 2711 2707 2767 Videbunt
2747 2717 2904 2778 enim,
2940 2716 3134 2785 inquit,
3183 2718 3234 2771 in
3276 2720 3424 2773 illum
3466 2739 3621 2792 quem

382 2829 401 2861 ι
444 2810 504 2863 τὸ
555 2809 662 2862 ὑπὸ
708 2807 799 2861 τοῦ
852 2808 1131 2878 προφήτου
1161 2805 1349 2876 λεχθὲν
1378 2805 1524 2876 ἔργῳ
1560 2804 1944 2874 βεϐαιωθῆναι.

2060 2817 2074 2849 ι
2121 2802 2511 2868 transfoderunt
2526 2803 2590 2856 ³¹.
2627 2803 2856 2859 Carnem
2887 2822 3013 2862 vero
3037 2811 3180 2878 quod
3207 2810 3373 2879 liquet
3403 2816 3620 2870 transii-

383 2920 402 2955 r
453 2903 740 2968 Ὄψονται
789 2900 920 2968 γὰρ,
981 2899 1179 2970 φησὶν,
1241 2900 1328 2964 εις
1377 2897 1449 2950 ὃν
1499 2896 1941 2965 ἐξεκέντησαν·

2060 2907 2074 2941 ι
2122 2903 2334 2947 xerunt.
2365 2912 2383 2944 ι
2429 2895 2493 2948 Ει
2543 2895 2734 2950 iterum
2791 2895 2890 2968 [Β.
2937 2897 3072 2970 CIV]
3115 2919 3182 2956 ε(
3237 2900 3351 2956 Νοιι
3396 2905 3515 2960 ideo
3562 2917 3623 2962 ut

374 1591 394 1625 ι
443 1592 608 1643 φασιν
639 1574 764 1646 ἄχρι
792 1567 1045 1629 τοσούτου
1077 1575 1422 1646 κεχωρῆσθαι
1457 1575 1548 1628 τοῦ
1575 1575 1787 1648 Πατρὸς
1824 1577 1950 1644 φαί-

376 1685 395 1718 r
443 1681 613 1730 νεται,
667 1667 824 1738 ἄχρις
860 1660 920 1720 οὗ
970 1667 1036 1721 ἂν
1072 1671 1100 1721 6
1147 1667 1386 1740 προσιὼν
1421 1668 1521 1737 τῆς
1552 1669 1785 1740 κρίσεως
1819 1669 1948 1721 ἀνα-
1983 1688 2026 1742 Β

381 1773 399 1806 ι
448 1758 587 1825 φανῇ
646 1755 873 1827 καιρὸς,
928 1756 1014 1808 ἵνα
1059 1756 1167 1809 τῶν
1243 1756 1543 1827 τηνικαῦτα
1603 1758 1955 1830 ἐκκεντησάν-

383 1867 403 1896 ο
449 1864 576 1912 των,
611 1847 747 1900 κατὰ
775 1847 872 1919 τὴν
901 1849 1260 1919 προφητείαν,
1287 1849 1606 1922 ἑωρακότων
1637 1850 1729 1902 τὸν
1762 1852 1952 1904 ἐκκεν-

385 1968 403 2000 ι
451 1951 698 2020 τηϐέντα,
733 1949 876 2003 οὕτω
903 1951 996 2002 καὶ
1025 1951 1084 2003 τὸ
1106 1951 1426 2022 λειπόμενον
1456 1950 1764 2014 ἀκολούθως
1793 1950 1954 2023 γένη-

383 3014 402 3046 ι
449 2994 801 3062 ἐξεκέντησαν
816 2993 888 3056 δὲ,
916 2991 1073 3060 δῆλον
1101 2989 1322 3061 ὃτι,τὴν
1359 2991 1591 3062 σάρκα.»
1628 2991 1739 3043 Kal.
1774 3008 1945 3062 προσ-

2060 3003 2071 3038 ι
2114 3003 2264 3041 suam
2314 2989 2601 3044 utilitatem
2657 3002 3003 3060 procuraret,
3054 3010 3269 3050 carnem
3327 3002 3620 3068 assumpsit

375 3085 558 3156 τίθησι
591 3085 706 3154 μεθ’
735 3085 892 3154 ἕτερα
919 3083 1088 3151 λέγων
1108 3099 1122 3112 ·
1155 3101 1174 3134 r
1209 3084 1330 3138 Ὀτι
1361 3081 1470 3154 γὰρ
1499 3085 1596 3153 ούχ
1623 3083 1688 3136 ἵν’
1715 3086 1743 3137 6
1775 3084 1945 3152 Λόγος

2060 3094 2075 3128 ι
2122 3089 2396 3142 nostram,
2427 3081 2520 3134 sed
2547 3091 2604 3134 ut
2638 3095 2736 3150 per
2765 3080 2924 3136 Verbi
2959 3085 3414 3152 communionem,
3465 3089 3621 3143 carni

383 3196 403 3230 ι
449 3175 722 3248 ὡφεληθῇ,
755 3178 851 3247 τὴν
878 3175 1157 3248 ἡμετέραν
1187 3173 1444 3246 ἀνείληφε
1479 3175 1676 3245 σάρκα,
1707 3175 1819 3228 ἀλλ’
1861 3177 1946 3228 ἵνα

2060 3188 2076 3221 ι
2125 3170 2410 3240 largiretur
2437 3173 2920 3230 immortalitatem.
2965 3175 3076 3230 Hoc
3111 3177 3192 3232 vel
3221 3177 3288 3230 ab
3334 3180 3446 3248 ipso
3492 3179 3618 3234 Ser-

381 3291 401 3324 ‹
446 3273 478 3342 ή
505 3269 638 3341 σὰρξ
665 3269 753 3322 διὰ
773 3268 868 3340 τὴν
890 3268 1025 3340 πρὸς
1051 3267 1142 3320 τὸν
1158 3267 1326 3335 Λόγον
1350 3268 1630 3320 κοινωνίαν
1651 3267 1947 3332 ἀθανασίας

2060 3277 2074 3310 ι
2122 3270 2311 3316 vatore
2361 3271 2526 3330 patet.
2583 3263 2656 3318 De
2707 3280 2870 3319 carne
2906 3268 3049 3320 enim
3097 3268 3148 3320 iu
3198 3285 3302 3338 qua
3349 3287 3470 3326 cum
3506 3273 3620 3328 suis

379 3384 399 3418 ι
445 3365 603 3436 τύχῃ,
635 3362 791 3434 δῆλόν
818 3363 933 3414 ἐστι
960 3359 1053 3413 καὶ
1101 3358 1192 3411 ὑπ’
1239 3358 1409 3429 αὐτῆς
1446 3358 1548 3428 τῆς
1574 3359 1668 3411 τοῦ
1696 3359 1948 3430 Σωτῆρος

2060 3370 2075 3404 ι
2123 3352 2400 3422 discipulis
2429 3357 2765 3419 versabatur,
2803 3358 2922 3410 ait:
2960 3358 3188 3415 Haecine
3235 3378 3324 3415 vos
3356 3367 3620 3421 scandali-

378 3477 397 3510 ι
442 3455 786 3524 ἀποφάσεως.
815 3453 950 3524 Περὶ
978 3451 1084 3523 γὰρ
1123 3452 1220 3523 τῆς
1254 3452 1476 3522 σαρκὸς,
1502 3453 1569 3522 ἢν
1595 3452 1730 3522 ἔχων
1753 3453 1947 3524 ὡμίλει

2060 3462 2075 3495 ι
2120 3445 2248 3496 zat?
2276 3445 2414 3508 Quid
2437 3448 2482 3498 si
2505 3449 2720 3500 videatis
2738 3447 2935 3501 Filium
2972 3451 3193 3505 hominis
3221 3469 3279 3506 eo
3308 3460 3580 3512 abeuntem
3598 3505 3614 3529 ,

379 3566 398 3600 ι
442 3549 552 3610 τοῖς
584 3541 873 3617 μαθηταῖς,
902 3543 1043 3596 οὕτω
1069 3543 1249 3611 λέγει·
1289 3544 1468 3598 Τοῦτο
1500 3542 1658 3613 ὑμᾶς
1683 3545 1948 3599 σκανδα-

2060 3557 2075 3590 ι
2125 3541 2210 3592 ubi
2240 3542 2385 3608 prius
2421 3541 2622 3607 fuerat?
2647 3545 2860 3610 spiritus
2879 3546 3123 3614 vivi/ient,
3149 3564 3270 3602 caro
3289 3560 3461 3603 autem
3490 3551 3619 3605 nihil

379 3659 399 3691 ι
443 3638 625 3701 ,ἅζευ
674 3637 783 3690 ἐὰν
811 3632 926 3692 οὖν
975 3635 1140 3704 ἴδητε
1190 3634 1296 3688 τὸν
1325 3637 1460 3688 Υίὸν
1499 3636 1605 3690 τοῦ
1631 3637 1946 3706 ἀνθρώπου

2060 3649 2076 3682 ι
2119 3635 2325 3699 prodest
2357 3632 2400 3663 ³¹
2420 3631 2514 3703 [cf.
2541 3650 2593 3703 p.
2623 3633 2692 3688 45
2719 3634 2760 3686 D
2791 3635 2937 3708 lim].
2971 3639 3121 3703 Quod
3153 3639 3195 3693 si
3226 3640 3455 3695 fateatur
3483 3642 3619 3698 nihil

383 3750 401 3782 ι
445 3732 698 3786 ἀπιόντα
745 3730 896 3784 ὅπου
959 3724 1037 3798 ἦν
1084 3727 1150 3781 τὸ
1201 3728 1531 3796 πρότερον;
1590 3729 1656 3781 τὸ
1713 3730 1948 3799 πνεῦμα

2060 3743 2075 3776 ι
2126 3725 2259 3794 ipsis
2319 3741 2537 3780 carnem
2582 3729 2872 3797 prodesse,
2928 3731 3196 3798 quomodo
3246 3735 3616 3801 concesserit,

382 3843 402 3875 ι
450 3820 728 3886 ζωοποιεῖ,
758 3821 796 3888 ὴ
825 3821 980 3888 σὰρξ
1013 3819 1194 3873 οὐδὲν
1218 3819 1452 3887 ὠφελεῖ.
1483 3820 1545 3872 Εἰ
1574 3815 1665 3873 οὖν
1695 3820 1949 3891 ὁμολογεῖ

2060 3833 2075 3866 ι
2119 3817 2264 3870 illam
2313 3833 2432 3887 quae
2457 3820 2522 3872 de
2555 3829 2698 3872 terra
2731 3804 3030 3884 oriebatur,
3077 3837 3198 3889 quae
3228 3823 3360 3877 uihil
3400 3825 3618 3892 prolue-

383 3934 403 3966 ι
447 3915 542 3986 τὴν
576 3915 750 3986 σάρκα
779 3913 938 3984 μηδὲν
961 3912 1188 3981 ὠφελεῖν
1214 3911 1396 3973 αὐτὸν,
1439 3911 1554 3975 πῶς
1583 3915 1816 3984 ἐγχωρεῖ
1849 3912 1947 3983 τὴν

2060 3925 2074 3959 ι
2121 3919 2222 3977 rat,
2266 3925 2386 3980 qua:
2423 3912 2553 3965 nihil
2585 3913 2860 3980 proderit,
2912 3913 2965 3967 in
3009 3915 3201 3969 futuris
3240 3917 3451 3972 sarculis
3493 3933 3614 3972 cum

383 4025 404 4060 ι
450 4009 513 4060 ὲκ
543 4007 648 4077 γῆς
673 4023 733 4058 τε
756 4002 918 4058 οὖσαν
952 4004 1045 4058 καὶ
1069 4003 1232 4074 μηδὲν
1265 3999 1575 4070 ὠφελοῦσαν
1593 4043 1607 4067 ,
1633 4004 1726 4056 καὶ
1751 4005 1807 4057 ὲν
1837 4007 1948 4066 τοῖς

2060 4019 2072 4052 ι
2123 3999 2300 4056 Verbo
2335 4002 2621 4070 copulari?
2666 4003 2747 4057 Ob
2776 4003 2914 4058 hanc
2939 4014 3084 4058 certe
3119 4019 3335 4058 causam
3367 4007 3616 4077 omnipo-

383 4118 404 4152 ι
451 4100 728 4168 μέλλουσιν
758 4098 946 4152 αἰῶσιν
972 4097 1046 4159 ὼς
1079 4095 1225 4166 αύτῷ
1256 4095 1634 4148 λυσιτελοῦσαν
1664 4095 1773 4167 (81)
1826 4113 1950 4149 συν-

2060 4109 2073 4139 ι
2117 4099 2234 4145 tens
2289 4091 2545 4146 Dominus
2591 4093 2804 4148 videtur
2865 4095 2993 4148 mihi
3048 4096 3126 4150 sic
3185 4095 3374 4152 allatus
3426 4099 3616 4154 illum:

383 4210 402 4242 ι
447 4195 584 4245 εἶναι
613 4190 690 4261 τῷ
714 4191 871 4261 Λόγῳ
892 4203 906 4255 ;
927 4189 1025 4242 Διὰ
1049 4187 1210 4240 τοῦτο
1229 4185 1337 4257 γάρ
1363 4201 1450 4256 μοι
1473 4187 1618 4240 δοκεῖ
1641 4188 1733 4241 καὶ
1761 4188 1788 4240 6
1815 4205 1950 4242 παν-

2060 4200 2074 4233 ι
2115 4182 2248 4236 Sede
2307 4201 2338 4236 a
2393 4185 2593 4238 dextris
2628 4187 2776 4251 meis,
2805 4202 3065 4256 quousque
3113 4205 3332 4256 posuero
3372 4191 3618 4246 inimicos

385 4301 404 4334 s
448 4284 731 4354 τοκράτωρ
761 4281 1035 4352 Δεσπότης
1066 4281 1200 4352 πρὸς
1233 4281 1392 4334 αὑτὸν
1420 4281 1618 4348 λέγειν·
1651 4279 1847 4334 Κάθου
1881 4281 1948 4334 ἐκ

2060 4291 2075 4324 ι
2115 4283 2233 4326 tuos
2260 4275 2541 4328 scabellum
2571 4278 2758 4341 pedum
2791 4287 3000 4331 tuorum
3041 4280 3104 4332 ³³.
3140 4279 3364 4348 Propter
3395 4297 3617 4337 carnem

387 4394 406 4427 s
450 4374 664 4441 δεξιῶν
685 4393 828 4444 μου,
861 4375 970 4438 ἕως
1002 4372 1077 4426 ἂν
1106 4372 1186 4428 θῶ
1217 4373 1354 4439 τοὺς
1382 4373 1634 4442 ἐχθρούς
1654 4387 1770 4426 σου
1803 4375 1950 4426 ὐπο-

2060 4383 2078 4417 ι
2128 4365 2417 4420 humauam
2467 4367 2680 4422 videtur
2744 4371 2874 4422 mihi
2939 4371 3050 4424 sola
3098 4373 3410 4440 operatione
3465 4374 3642 4429 illum.

386 4488 404 4520 ι
449 4468 658 4522 πόδιον
679 4466 797 4519 τῶν
820 4465 1019 4518 ποδῶν
1046 4481 1180 4528 σου,
1205 4465 1450 4536 ἐνεργείᾳ
1474 4464 1608 4534 μόνῃ
1630 4461 1715 4515 διὰ
1743 4463 1840 4534 τὴν
1868 4464 1957 4516 ἀν-

2068 4475 2087 4510 ι
2127 4473 2400 4526 separare,
2428 4467 2481 4512 et
2509 4460 2796 4514 terminum
2827 4462 2897 4514 illi
2920 4463 3118 4530 lingere
3137 4466 3487 4517 constitutum
3505 4480 3619 4520 ses-

384 4581 402 4613 ι
450 4557 728 4634 θρωπίνην
759 4559 957 4629 σάρκα,
987 4556 1239 4627 χωρίζειν
1257 4555 1417 4608 αὐτὸν
1437 4553 1630 4618 δοκῶν,
1655 4554 1749 4608 καὶ
1773 4552 1957 4624 ὥσπερ

2064 4566 2084 4599 ι
2125 4549 2294 4603 siouis
2348 4565 2376 4601 a
2427 4552 2634 4604 dextris
2686 4551 2803 4616 Dci,
2861 4563 3021 4621 atque
3071 4553 3217 4607 illum
3271 4557 3344 4608 ita
3397 4555 3615 4616 allatus.

384 4672 402 4704 ι
452 4653 612 4725 ῥητόν
644 4669 763 4705 τινα
805 4650 993 4722 χρόνον
1031 4648 1223 4720 ὁρίζων
1252 4647 1397 4718 αὐτῷ
1427 4647 1523 4714 τῆς
1557 4648 1613 4699 ὲν
1651 4646 1800 4716 δεξιᾷ
1822 4645 1956 4698 καθ-

2061 4658 2080 4687 (
2126 4657 2287 4709 usque
2313 4643 2436 4694 dum
2453 4658 2672 4709 posuero
2696 4643 2936 4696 inimicos
2955 4653 3068 4696 tuos
3095 4645 3373 4699 scabellum
3403 4646 3618 4713 pedibus

384 4763 403 4795 ι
451 4745 630 4815 έδρας,
684 4740 825 4795 οὕτω
863 4741 995 4809 φησὶ
1033 4739 1168 4808 πρὸς
1202 4737 1362 4789 αὑτὸν
1387 4752 1400 4766 ⁸
1435 4737 1581 4800 Ἕως
1610 4733 1789 4788 ἂνμθῶ
1815 4734 1955 4799 τοὺς

2060 4750 2077 4783 ι
2125 4733 2244 4785 luis.
2284 4728 2662 4802 Propheticum
2702 4734 2803 4788 hoc
2863 4735 3077 4789 ltavidis
3108 4737 3325 4792 effatum
3375 4740 3616 4808 explica-

383 4856 401 4888 ι
447 4835 698 4905 ἐχθρούς
713 4849 828 4886 σου
855 4830 1183 4885 ὑποπόδιον
1211 4827 1327 4881 τῶν
1341 4825 1868 4881 ποδῶν-σου.Τοῦτο
1892 4823 1948 4877 δὲ

2060 4842 2077 4875 ι
2121 4825 2225 4877 tius
2253 4824 2487 4878 elucidat
2521 4837 2744 4882 sanctus
2773 4828 3060 4896 Apostolus
3091 4829 3156 4882 ad
3185 4832 3326 4883 lumc
3355 4834 3569 4886 modum
3597 4846 3614 4884 :

383 4947 402 4977 ι
444 4927 506 4978 τὸ
542 4922 875 4995 προφητικὸν
903 4921 996 4974 τοῦ
1030 4920 1193 4973 Δαυῖδ
1236 4918 1346 4989 (82)
1393 4917 1554 4991 ῥητὸν
1607 4915 1942 4986 σαφέστερον

2060 4934 2076 4965 ι
2119 4914 2331 4984 Oportet
2364 4916 2509 4968 illum
2549 4933 2766 4985 regnare.
2806 4933 3073 4986 quousque
3113 4921 3336 4986 posuerit
3378 4921 3616 4975 inimicos

385 5039 403 5070 ι
449 5021 578 5089 ἡμῖν
601 5015 914 5088 ἑρμηνεύων
932 5015 960 5065 ὁ
989 5008 1638 5082 ἱερὸς¹Απόστολος,οὖτω
1670 5025 1786 5070 πως
1815 5008 1938 5078 ἔφη·

2060 5027 2084 5058 ι.
2122 5008 2284 5076 ipsius
2313 5009 2698 5076 suppedaneum
2725 5010 2942 5078 pedibus
2974 5012 3088 5078 ejus
3127 5011 3191 5064 ³³.
3221 5031 3239 5063 ι
3282 5011 3618 5082 Dispensatio

456 5185 512 5242 ὦ
543 5177 639 5232 Ed.
671 5177 837 5229 Paris.
869 5189 988 5244 pag.
1015 5173 1102 5227 51.
1210 5170 1426 5244 "Psal.
1454 5189 1517 5234 ιι,
1544 5170 1698 5244 6.__‘_’
1729 5169 1868 5226 Psal.
1913 5185 1957 5223 ιι

2060 5207 2072 5233 ,
2121 5170 2172 5223 1.
2253 5169 2473 5227 “ICor.
2502 5186 2586 5234 xv,
2613 5169 2702 5224 28.
2781 5170 2822 5200 ³¹
2849 5171 3080 5225 Zachar.
3104 5187 3198 5235 ιιιι,
3221 5171 3305 5226 10.
3383 5175 3426 5206 ³³
3454 5173 3613 5233 Joan.

376 5239 672 5313 vehi-66.
751 5239 1081 5309 “Psalicu,
1115 5245 1166 5297 1.
1245 5239 1695 5307 "lCor.xv,25.

446 5387 559 5456 (8t)
628 5388 1101 5442 Λυσιτελοῦσαν.
1158 5385 1315 5438 Deest
1376 5393 1501 5437 ante
1537 5383 1677 5456 hanc
1728 5399 1940 5456 vocem,

2060 5385 2143 5453 p6v
2202 5384 2349 5449 fecit;
2375 5395 2427 5438 at
2465 5386 2578 5450 ipse
2601 5385 2850 5439 Christus
2881 5391 3192 5454 pronuntiat
3219 5407 3437 5445 carnem
3478 5393 3610 5448 nihil

377 5453 582 5534 μηδέν’,
637 5460 769 5513 nihil
825 5469 934 5511 tum
991 5457 1322 5534 profuturam
1364 5469 1580 5534 carnem
1613 5453 1701 5534 “in
1763 5455 1941 5534 futuro
2047 5453 2346 5534 prodesse;_
2377 5456 2503 5523 quid
2557 5472 2684 5534 ergo
2741 5457 2862 5534 ipsi‘
2885 5453 3026 5534 opus
3075 5461 3160 5534 illa
3204 5478 3398 5534 carne,
3443 5464 3494 5515 in
3528 5470 3612 5534 Iu-

375 5522 598 5588 smculo.
654 5522 1103 5603 quemadmodum
1165 5541 1263 5603 ηερ
1312 5524 1364 5576 iu
1421 5525 1542 5603 isto.
1613 5522 1716 5579 Pro
1756 5523 1935 5603 ιὶισαύ-
2047 5522 2960 5603 ιιιιςρλεωοιιιρίηοιι.ριἰιΐιιιιιτιιἲΜ.
2989 5559 3060 5603 _-—
3097 5531 3297 5598 Scripsi
3332 5522 3407 5596 ὼς
3438 5533 3604 5603 αὐτῷ.

373 5615 483 5664 τως
524 5593 856 5668 εΙίΙιίἀὺτῷ
914 5599 1124 5665 legitur.
1187 5593 1302 5668 Est_
1353 5601 1568 5668 autem,
1630 5609 1694 5648 ac
1757 5595 1816 5668 si
1867 5597 1938 5647 ita

2114 5596 2223 5665 (82)
2275 5595 2452 5668 Τοῦτο
2468 5594 2537 5647 δὲ
2565 5595 2631 5648 τὸ
2680 5599 3050 5666 προφητικὸν
3069 5603 3173 5657 τοῦ
3198 5593 3401 5657 Λαυῖδξ
3440 5593 3605 5659 Recte

376 5661 850 5739 argumentaretur
899 5686 912 5721 :
966 5661 1110 5723 Deus
1174 5665 1306 5720 nihil
1358 5661 1558 5732 φαῦλον
1609 5674 1699 5718 aut
1763 5663 1934 5734 φλυα-
2042 5661 2310 5734 compenit
2378 5666 2463 5719 hic
2525 5661 2871 5736 Apostolum,‘
2914 5681 2966 5724 et
3013 5684 3187 5728 vatem
3228 5675 3454 5744 regium,
3503 5674 3596 5728 sed
