4086 6202
389 403 500 457 817

1514 408 1791 464 CONTRA
1832 408 2252 466 MARCELLUM
2291 411 2417 465 LIB.
2462 412 2525 466 ηε.

3517 422 3616 476 SIS

399 539 420 571 ι
473 539 588 585 σιος
612 523 800 594 εἴρηκε
821 523 1048 588 Παῦλος,
1083 525 1224 580 οὕτω
1248 545 1362 592 πως
1392 529 1575 583 είπιέινο
1612 528 1756 586 Εἶτα
1783 532 1850 585 τὸ
1876 532 1964 586 τέ-

2079 550 2090 583 ι
2144 547 2382 588 carnem.
2417 532 2569 598 Quod
2598 533 2640 588 si
2674 543 2852 588 nostra
2901 543 3106 588 tantum
3138 550 3297 590 causa
3343 541 3630 608 assumpsit

403 633 423 665 ι
471 617 608 680 λος,
640 613 785 667 ὅταν
804 615 1104 684 παραδιδῷ
1127 617 1241 686 τὴν
1257 619 1584 684 ,ϐασιλείαν
1611 619 1689 687 τῷ
1722 622 1842 688 Θεῷ
1865 623 1962 676 καὶ

409 727 426 756 ι
472 707 676 777 Πατρί.
714 727 732 760 ι
760 707 981 771 Τούτοις
1013 709 1131 778 μεθ’
1158 710 1321 782 ἔτερα
1349 712 1602 781 ἐπιλέγει·
1637 732 1654 762 ι
1681 714 1885 767 Οὐκοῦν
1905 714 1962 766 οὐ

411 814 428 846 t
475 796 542 848 δι’
575 798 781 861 ἐαυτὸν,
821 797 954 850 ἀλλά
983 797 1048 850 δι’
1084 801 1252 868 ἡμᾶς,
1289 799 1385 871 τὴν
1443 801 1787 873 ἀνθρωπίνην
1825 803 1968 856 ἀνεί-

411 908 429 939 ι
479 889 613 958 ληφε
657 889 852 960 σάρκα.
882 891 944 943 El
977 890 1032 944 δὲ
1073 891 1140 944 δι’
1164 893 1309 963 ἡμᾶς
1344 893 1647 964 ἀνειληφὼς
1697 895 1962 962 φαίνεται,

413 998 432 1030 ι
481 979 652 1032 πάντα
672 981 726 1034 δὲ
753 981 822 1035 τά
846 981 965 1036 καθ’
993 985 1241 1055 ήμᾶς,τῇ
1268 984 1430 1038 αὑτοῦ
1455 985 1676 1058 προνοίᾳ
1695 986 1787 1040 καὶ
1818 987 1968 1056 ἐνερ-

412 1091 433 1125 ι
479 1074 619 1144 γείᾳ,
650 1075 708 1126 ἐν
734 1074 812 1144 τῷ
844 1075 1020 1147 καιρῷ
1063 1076 1164 1145 τῆς
1208 1077 1440 1148 κρίσεως
1469 1078 1653 1140 τέλους
1700 1077 1963 1144 τεύξεται,

414 1181 433 1213 ι
478 1163 659 1216 οὐκέτι
701 1163 821 1217 οὐδὲ
860 1165 1064 1236 ταύτης
1100 1166 1198 1235 τῆς
1227 1168 1284 1220 ἐν
1321 1167 1474 1238 μέρει
1513 1167 1787 1238 βασιλείας
1815 1170 1965 1222 ἐσται

411 1273 430 1310 t
473 1255 652 1325 χρεία.
693 1275 712 1306 ι
751 1256 931 1309 Ταῦτα
963 1258 1278 1330 Μάρκελλος
1302 1258 1490 1323 εἰπὼν,
1520 1256 1638 1314 εἶτα
1687 1261 1966 1315 συναισθό-

406 1363 565 1414 μενος
605 1347 796 1400 ἐαυτοῦ
823 1351 898 1412 είς
932 1348 1130 1404 ἄτοπον
1173 1351 1603 1417 ἐκπεπτωκότος,
1647 1353 1968 1425 προστίθησι

402 1439 514 1500 τοῖς
551 1438 862 1508 εἰρημένοις
895 1439 1064 1494 ταῦτα
1088 1456 1102 1470 ο
1137 1459 1156 1492 ‹
1196 1442 1259 1494 El
1281 1441 1339 1495 δέ
1363 1458 1446 1505 τις
1480 1442 1649 1510 λέγοι,
1687 1443 1777 1496 διὰ
1796 1443 1968 1496 ταῦτα

405 1545 427 1579 ι
475 1527 573 1598 τὴν
597 1528 941 1601 ἀνθρωπίνην
977 1533 1153 1604 σάρκα
1179 1531 1334 1598 ἀξίαν
1372 1529 1510 1586 εἶναι
1530 1534 1624 1587 τοῦ
1658 1535 1853 1604 Λόγου,
1887 1536 1969 1588 ὅτι

409 1636 428 1668 ι
475 1618 564 1672 διὰ
593 1619 691 1689 τῆς
716 1621 1063 1686 ἀναστάσεως
1091 1623 1352 1680 ἀθάνατον
1371 1626 1542 1696 αὐτὴν
1573 1629 1967 1697 ἀπειργάσατο,

411 1728 430 1762 ι
479 1709 689 1778 γνώτω,
725 1711 807 1765 ὅτι
852 1713 912 1767 οὐ
965 1716 1069 1767 πᾶν
1121 1716 1258 1787 ὅπερ
1302 1715 1584 1782 ἀθάνατον,
1638 1720 1793 1771 τοῦτο
1822 1716 1970 1784 ἄξιον

413 1822 432 1852 ι
478 1802 630 1856 Θεοῦ.
673 1803 889 1866 Μείζων
931 1806 1040 1876 γὰρ
1092 1809 1185 1860 καὶ
1230 1808 1397 1879 αὐτῆς
1442 1812 1541 1880 τῆς
1589 1809 1883 1873 ἀθανασίας
1940 1813 1976 1864 ὁ

413 1911 436 1944 ι
474 1891 668 1959 Θεὸς,ὁ
686 1898 748 1965 τῇ
772 1895 962 1948 ἐαυτοῦ
993 1896 1236 1968 βουλήσει
1259 1899 1352 1952 καὶ
1378 1899 1444 1953 τά
1480 1899 1553 1970 μὴ
1587 1901 1711 1954 ὄντα
1727 1901 1970 1957 ἀθάνατα

418 2002 438 2035 ι
484 1987 652 2038 ποιεῖν
698 1986 1009 2056 δυνάμενος.
1053 1990 1173 2042 Ὅτι
1214 1989 1271 2042 δὲ
1318 1991 1378 2043 οὐ
1432 1993 1540 2044 πᾶν
1586 1991 1648 2044 τό
1703 1993 1966 2046 ἀθάνατον

419 2093 437 2124 ι
483 2075 716 2146 ἡνῶσθαι
727 2077 844 2148 Θεῷ
860 2077 1005 2142 ἀξιον
1016 2079 1190 2150 δῆλον,
1206 2081 1288 2134 ὅτι
1309 2083 1402 2134 καὶ
1419 2082 1525 2135 άπὸ
1539 2082 1652 2150 τοῦ,
1671 2084 1862 2154 ἀρχὰς,
1878 2087 1969 2138 καὶ

421 2184 438 2216 ι
485 2166 748 2235 ἐξουσίας,
784 2171 877 2224 καὶ
931 2171 1214 2239 ἀγγέλους,
1271 2174 1571 2240 ἀθανάτους
1611 2178 1769 2243 ὄντας
1805 2180 1968 2250 μηδὲν

413 2276 438 2311 ς
479 2260 751 2332 διαφορεῖν
781 2265 844 2332 τῇ
879 2263 1088 2334 ἐνότητι
1121 2263 1212 2319 τοῦ
1235 2265 1370 2318 θεοῦ
1405 2268 1540 2338 (88).
1567 2288 1584 2320 )
1604 2268 1766 2322 Ταῦτ’
1801 2270 1969 2323 εἰπὼν

409 2352 501 2414 καὶ
534 2351 724 2424 ὥσπερ
756 2355 837 2417 είς
882 2353 1040 2424 βυθὸν
1079 2357 1309 2422 ἀτοπίας
1347 2360 1536 2412 ἑαυτὸν
1579 2362 1971 2418 ἐκπεπτωκότα

407 2443 842 2514 συναισθόμενος,
873 2446 1254 2501 ἀνακαλεῖσθαι
1302 2453 1554 2520 πειρᾶται
1592 2452 1790 2522 τρόπον
1827 2453 1966 2518 τινὰ,

405 2533 910 2604 ἐξομολογούμενος,
943 2538 1024 2590 ὅτι
1059 2540 1222 2610 μηδὲν
1258 2542 1522 2610 ἠπίστατο
1564 2536 1638 2596 ὧν
1677 2544 1850 2612 ἔλεγε.
1880 2546 1972 2598 Διὸ

407 2627 666 2696 ἐπανάγει
689 2628 819 2699 (89)’
843 2649 862 2678 ι
885 2630 946 2682 Εἰ
965 2630 1020 2683 δέ
1046 2649 1126 2694 τις
1152 2634 1280 2704 περὶ¹
1304 2634 1401 2704 τῆς
1424 2635 1620 2706 σαρκὸς
1649 2635 1848 2706 ταύτης
1874 2638 1971 2707 τῆς

415 2735 434 2768 ι
484 2719 542 2770 ἐν
575 2718 651 2790 τῷ
685 2720 861 2790 Λόγῳ,
896 2719 1162 2776 ἀθανάτου
1193 2725 1497 2793 γεγονυίας,
1533 2725 1846 2778 πυνθάνοιτό
1893 2743 1966 2791 τι,

415 2822 439 2854 ι
483 2807 658 2877 φαμὲν
691 2807 826 2879 πρὸς
855 2809 1016 2862 αὐτόν
1040 2828 1054 2842 ’
1093 2812 1214 2865 Ὅτι
1259 2812 1604 2884 δογματίζειν
1656 2816 1752 2885 μὲν
1811 2818 1970 2886 ἡμεῖς

420 2914 441 2948 ι
489 2899 612 2970 περὶ
635 2892 709 2952 ὧν
739 2901 812 2972 μὴ
845 2902 1087 2973 ἀκριϐῶς
1130 2904 1278 2976 παρά
1311 2904 1418 2958 τῶν
1463 2905 1620 2960 θείων
1655 2907 1973 2978 μεμαθήκα-

423 3007 441 3039 ι
490 3006 587 3059 μεν
635 2991 862 3062 Γραφῶν
894 2995 992 3048 οὐκ
1031 2996 1270 3065 ἀσφαλὲς
1317 2992 1453 3053 εἶναι
1506 2998 1810 3069 νομίζομεν.
1849 2999 1971 3063 Πῶς

423 3099 440 3129 ι
488 3080 596 3153 γὰρ
643 3081 800 3136 τοῦτο
848 3086 1104 3156 πράττειν
1135 3086 1353 3142 δυνατὸν
1383 3092 1495 3152 τοῖς
1528 3091 1621 3143 καὶ
1664 3089 1730 3142 τὰ
1773 3091 1971 3162 ἐτέρων

2074 641 2104 677 t,
2142 623 2307 686 illam,
2337 636 2486 679 certe
2513 625 2690 679 omnia
2724 643 2842 696 quae
2875 636 3060 681 nostra
3099 643 3259 683 causa
3299 629 3629 698 providentia

2072 733 2093 766 ι
2141 725 2196 770 ει
2231 715 2424 770 elfertu
2457 726 2734 784 procurat,
2772 718 2976 786 judicio
3003 729 3410 783 consmnmato,
3440 737 3631 776 conse-

2075 826 2098 859 ι
2141 819 2377 875 quentur
2418 808 2577 862 linem
2605 827 2617 862 :
2646 820 2702 862 ut
2741 826 2837 864 nec
2863 826 2996 880 OplIS
3025 811 3223 865 sithoc
3255 825 3421 880 regno
3464 813 3631 878 parti-

2074 917 2092 951 ι
2141 899 2332 954 culari.
2372 918 2391 951 ι
2451 897 2574 954 Βεεε
2620 900 2711 956 ubi
2760 910 3012 971 posuerat
3059 900 3358 963 Marcellus,
3407 901 3504 955 sibi
3536 901 3630 954 dc-

2068 1007 2214 1046 mum
2269 993 2519 1048 conscius
2566 1008 2699 1062 quas
2757 994 2808 1046 in
2860 994 3125 1049 absurdas
3166 995 3447 1060 opiniones
3491 993 3627 1046 inci-

2069 1083 2254 1150 disset,
2310 1084 2376 1137 ad
2417 1083 2663 1153 superius
2691 1084 2831 1138 dicta
2866 1086 3104 1141 annectit
3148 1085 3246 1139 ista
3282 1084 3372 1156 [ιῖ.
3413 1081 3571 1155 CVII]
3608 1098 3624 1135 :

2075 1192 2094 1225 ι
2143 1174 2295 1242 Quod
2321 1175 2364 1229 si
2399 1176 2521 1244 quis
2550 1175 2681 1230 velit
2707 1177 3056 1240 pronuntiare
3080 1218 3094 1240 ,
3135 1177 3203 1232 ob
3234 1177 3347 1231 h:ec
3377 1178 3490 1245 ipsa
3515 1193 3627 1229 mc-

2074 1283 2092 1316 ι
2142 1267 2246 1320 reri
2281 1268 2567 1321 humanam
2598 1282 2840 1331 carnem,
2860 1277 2920 1322 ut
2948 1269 3124 1323 Verbo
3150 1267 3524 1337 coniungatur,
3560 1268 3630 1322 ob

2074 1375 2093 1406 ι
2151 1358 2321 1426 ipsum
2362 1359 2491 1412 illud
2528 1359 2667 1427 quod
2702 1373 2798 1427 per
2827 1361 3284 1414 resurrectionem
3331 1361 3474 1414 illam
3509 1360 3633 1416 red—

2075 1467 2095 1500 ι
2143 1450 2338 1503 diderit
2368 1450 2768 1517 immortalem,
2814 1462 3111 1521 cognoscat
3151 1452 3196 1506 is
3241 1462 3473 1522 oportet,
3524 1468 3632 1507 non

2076 1557 2094 1588 c
2141 1538 2184 1593 si
2221 1539 2347 1607 quid
2389 1539 2694 1593 immortale
2735 1541 3000 1604 exsistat,
3039 1542 3166 1595 illud
3197 1545 3378 1596 statim
3414 1544 3631 1614 dignum

2076 1648 2096 1681 ι
2151 1632 2260 1684 Deo
2321 1631 2459 1685 fieri.
2510 1632 2680 1700 Major
2729 1645 2811 1688 εει
2860 1637 3003 1689 enim
3061 1636 3173 1704 ipsa
3229 1636 3635 1692 immortalitate

2076 1739 2096 1773 ι
2140 1721 2301 1784 Deus,
2334 1722 2424 1790 qui
2453 1736 2548 1775 sua
2584 1723 2818 1791 simplici
2849 1724 3143 1789 voluntate,
3164 1736 3338 1793 potest
3369 1742 3428 1779 ca
3455 1728 3635 1783 facere

2075 1830 2095 1863 ι
2142 1811 2488 1875 immortalia,
2514 1827 2633 1881 qua:
2655 1827 2760 1866 non
2791 1824 2915 1866 sunt
2939 1813 3084 1868 talia.
3128 1812 3468 1867 Manifestum
3502 1829 3634 1870 vero

2074 1922 2092 1953 ‹
2137 1913 2240 1964 εει,
2271 1919 2375 1956 non
2402 1904 2540 1958 idem
2578 1919 2698 1959 esse
2717 1905 2937 1974 dignum
2969 1906 3080 1960 Deo
3111 1905 3530 1974 copulari,quod
3553 1916 3636 1961 est

2074 2013 2093 2045 ι
2141 1994 2460 2058 immortale,
2481 2007 2761 2064 propterea
2783 1996 2922 2063 quod
2943 1996 3296 2065 principatus,
3319 2006 3632 2065 potestates,

2075 2104 2093 2135 ι
2131 2086 2301 2155 angeli
2337 2092 2395 2148 ᾗ
2424 2102 2542 2140 cum
2574 2087 2682 2139 sint
2712 2096 2759 2140 et
2791 2087 2892 2155 ipsi
2915 2088 3265 2150 immortales,
3292 2087 3423 2140 nihil
3452 2095 3632 2140 tamen

2075 2195 2094 2227 ι
2133 2177 2328 2230 habent
2353 2191 2472 2230 cum
2510 2177 2600 2230 Dei
2636 2178 2839 2232 unitate
2863 2177 3352 2232 communcaﬂtec
3371 2178 3458 2231 ubi
3488 2160 3638 2231 dixe-

2073 2279 2194 2329 rat.
2240 2270 2508 2324 intellecto
2579 2270 2633 2324 in
2677 2286 2837 2340 quam
2888 2271 3208 2339 profundam
3281 2269 3633 2325 absurditatis

2070 2361 2322 2431 abyssum
2377 2363 2681 2427 inciderat,
2721 2378 2976 2417 revocare
3014 2373 3242 2417 conatur
3294 2362 3452 2417 modo
3500 2377 3636 2431 quo—

2048 2450 2191 2502 vdam
2213 2491 2226 2512 ,
2261 2451 2595 2506 confessione
2632 2451 2768 2505 facta
2793 2491 2808 2516 ,
2847 2469 2904 2506 se
2932 2453 3064 2510 nihil
3095 2468 3279 2507 eorum
3325 2467 3444 2520 qua:
3479 2452 3634 2517 dixit,

2073 2538 2400 2592 intellexisse
2435 2538 2526 2610 [IL
2563 2539 2716 2593 CVIII
2746 2541 2948 2608 colI.,p.
2987 2541 3087 2592 I77
3127 2540 3218 2612 A].
3271 2559 3291 2591 ι
3335 2541 3634 2607 Quocirca,

2076 2648 2094 2680 ι
2133 2630 2229 2692 ait,
2269 2630 2311 2681 si
2347 2629 2468 2697 quis
2505 2645 2607 2683 nos
2631 2631 2934 2697 interroget
2965 2633 3029 2684 de
3061 2646 3222 2684 carne
3251 2631 3348 2684 ista
3378 2670 3393 2694 ,
3425 2645 3544 2698 quae
3573 2631 3629 2684 in

2077 2736 2097 2769 ι
2137 2718 2312 2773 Verbo
2359 2731 2458 2782 est,
2499 2736 2566 2775 an
2598 2721 2669 2775 sit
2701 2719 3039 2784 immortalis,
3069 2721 3480 2790 respondemus,
3535 2735 3636 2777 nos

2076 2829 2096 2862 ι
2140 2827 2242 2864 ιιοιι
2289 2827 2449 2881 posse
2499 2813 2800 2882 dogmatice
2835 2813 3198 2866 determinare
3234 2813 3323 2866 illa
3361 2829 3480 2882 quae
3528 2828 3654 2868 nona

2078 2920 2098 2954 ι
2134 2914 2325 2956 exacte
2351 2903 2699 2957 didicerimus
2725 2918 2756 2958 e
2790 2903 3084 2972 Scripturis
3118 2905 3288 2957 sacris
3309 2945 3323 2968 ,
3349 2905 3488 2974 quod
3521 2919 3637 2958 om-

2079 3014 2096 3046 ι
2139 2994 2264 3048 ιιίιιο
2312 2996 2540 3048 intutum
2570 2994 2896 3064 judicamus.
2946 2994 3079 3048 Nam
3129 3011 3235 3064 quo
3270 3006 3424 3065 pacto
3475 2995 3525 3050 id
3563 2993 3639 3050 illt

2081 3107 2100 3139 ι
2136 3099 2396 3157 praestare
2426 3097 2700 3158 poterunt,
2735 3086 2825 3156 qui
2853 3087 2984 3140 scita
3017 3089 3336 3142 subvertunt
3367 3085 3593 3141 aliorum
3616 3085 3656 3141 ἳ-

421 3193 444 3228 ‹
480 3175 838 3247 ἀνατρέπουσι
859 3177 1129 3250 δόγματα;
1161 3180 1297 3234 Ἀλλ’
1321 3181 1551 3253 ἐροῦμεν
1571 3183 1702 3254 πρὸς
1721 3183 1971 3255 τοὺςΙ<9Ο>

2081 3201 2099 3232 ι
2140 3180 2398 3236 Dicemus
2434 3180 2595 3250 igitur
2649 3180 2714 3232 ad
2755 3179 2912 3243 illos,
2961 3180 3051 3248 qui
3101 3179 3382 3232 scientiam
3445 3180 3641 3233 harum

420 3286 442 3319 ι
488 3267 576 3320 τὸν
609 3269 808 3341 ἀκριϐῆ
846 3271 970 3341 περὶ
1013 3271 1200 3324 τούτου
1228 3272 1414 3343 μαθεῖν
1440 3274 1566 3346 amp”
1595 3275 1752 3344 ἡμῶν
1784 3275 1970 3345 βουλο-

417 3374 437 3408 t
487 3357 678 3427 μένους
708 3358 862 3428 λόγον
893 3361 1031 3430 (91),
1055 3363 1134 3414 ὅτι
1165 3361 1505 3434 πεισθόμενοι
1526 3363 1601 3433 τῷ
1638 3364 1770 3434 ἱερῷ
1814 3365 1974 3418 Ἀπο-

417 3469 436 3501 ι
483 3449 653 3520 στόλῳ
687 3451 863 3522 ἴσμεν,
895 3454 975 3510 ὅτι
1008 3454 1178 3518 οὕτως
1208 3457 1354 3526 ἡμᾶς
1376 3456 1506 3526 ὁρᾷν
1529 3455 1596 3508 τὰ
1624 3457 1974 3527 ἀποκεκρυμ-

415 3560 435 3593 ι
484 3542 618 3611 μένα
667 3546 938 3615 μυστήρια
977 3546 1264 3616 προσήκει,
1298 3544 1372 3607 ὡς
1401 3545 1562 3608 αὐτὸς
1596 3544 1725 3612 ἔφη,
1749 3544 1976 3598 Βλέπο-

416 3654 436 3687 ‹
473 3653 590 3705 μεν
615 3635 727 3708 γὰρ
757 3635 904 3706 ἄρτι,
939 3639 1090 3707 φησι,
1126 3636 1198 3689 δι’
1221 3637 1518 3704 ἐσόπτρου
1546 3637 1614 3689 ἐν
1642 3637 1938 3705 αἰνίγματι
1957 3653 1971 3666 ο

414 3743 438 3778 ι
482 3728 614 3781 τότε
645 3726 714 3780 δὲ
749 3727 1073 3794 πρόσωπον
1108 3727 1260 3794 πρὸς
1307 3727 1652 3795 πρόσωπονκ
1692 3727 1846 3793 Ἄρτι
1889 3743 1975 3794 τι-

417 3836 439 3870 (
482 3818 794 3888 νὼσκομεν
832 3818 900 3871 ἐκ
936 3817 1192 3888 μέρους,
1240 3819 1372 3871 τότε
1413 3817 1480 3870 δὲ
1531 3818 1977 3887 ἐπιγνωσόμεθα

417 3929 439 3962 ι
481 3910 673 3977 καθὼς
705 3911 800 3964 καί
837 3910 1313 3980 ἐπεγνώσθημεν.
1343 3909 1502 3961 Ὥστε
1538 3910 1610 3979 μή
1646 3924 1745 3978 μου
1777 3907 1977 3960 πυνθά-

420 4021 444 4056 ι
485 4019 576 4056 νου
612 4005 740 4073 περὶ
786 3995 860 4056 ὧν
892 4001 1074 4072 σαφῶς
1108 4001 1257 4072 παρά
1304 4000 1402 4070 τῆς
1448 3999 1596 4061 θείας
1638 3999 1676 4049 Γ
1685 3998 1857 4069 ραφῆς
1903 3997 1983 4072 μὴ,

421 4113 441 4144 ι
490 4093 802 4164 μεμάθηκα.
850 4095 948 4148 Διά
977 4092 1133 4146 τοῦτο
1159 4092 1337 4143 τοίνυν
1385 4088 1505 4142 οὐδὲ
1537 4089 1664 4160 περὶ
1702 4088 1799 4158 τῆς
1830 4088 1977 4153 θείας

420 4205 442 4239 ε
487 4187 721 4256 ἐκείνης,
751 4187 849 4256 τῆς
873 4185 950 4256 τῷ
971 4183 1098 4254 θείῳ
1130 4184 1285 4253 Λόγῳ
1320 4180 1724 4251 κοινωνησάσης
1758 4179 1975 4250 σαρκὸς,

421 4295 440 4331 ι
488 4277 670 4347 σαφῶς
701 4279 870 4330 εἰπεῖν
924 4259 1240 4347 δυνήσομαι.
1288 4272 1401 4326 Νῦν
1453 4271 1510 4326 δέ
1565 4269 1804 4324 πιστεύω
1859 4273 1980 4334 ταῖς

421 4390 440 4423 ι
484 4371 652 4434 θείαις
679 4371 939 4443 Γραφαῖς,
969 4371 1050 4422 ὅτι
1088 4364 1167 4432 εἷς
1198 4367 1348 4431 Θεὸς,
1379 4367 1474 4419 καὶ
1508 4365 1535 4416 ὁ
1567 4362 1755 4416 τούτου
1787 4363 1977 4430 Λόγος,

421 4485 440 4515 ι
489 4463 726 4534 προῆλθε
763 4463 859 4532 μὲν
886 4460 978 4514 τοῦ
1009 4460 1239 4532 Πατρός,
1268 4459 1352 4511 ἵνα
1387 4457 1564 4511 πάντα
1603 4455 1666 4508 δι’
1701 4451 1866 4508 αὐτοῦ
1891 4452 1981 4520 γέ-

2081 3292 2097 3325 ι
2135 3289 2311 3328 rerum
2336 3284 2582 3328 exactam
2609 3289 2638 3325 a
2668 3272 2821 3327 nobis
2851 3277 3130 3340 requirnnt
3154 3311 3168 3334 ,
3195 3288 3291 3326 nos
3337 3271 3411 3324 ita
3446 3270 3642 3325 intelli-

2080 3385 2098 3414 ι
2134 3381 2258 3434 gere
2284 3406 2298 3428 ,
2336 3366 2412 3418 nti
2461 3380 2557 3432 par
2608 3373 2689 3418 est
2737 3363 2854 3416 illos
2886 3363 2977 3430 qui
3014 3363 3332 3416 abscondita
3381 3361 3640 3432 mysteria

2081 3470 2102 3501 ι
2140 3461 2565 3518 perscrutantur.
2608 3447 2850 3502 Videmus
2871 3450 3028 3510 enim,
3063 3452 3138 3502 ait
3163 3461 3388 3504 sanctus
3413 3450 3643 3520 Aposto-

2082 3560 2100 3589 ι
2139 3541 2239 3601 Ιιιε,
2272 3542 2425 3609 quasi
2458 3557 2548 3608 per
2575 3541 2836 3609 speculum
2877 3543 2932 3594 in
2963 3543 3238 3610 aenigmate
3259 3554 3279 3592 :
3310 3551 3432 3593 tunc
3465 3551 3652 3596 unum»

2082 3651 2101 3682 σ
2141 3633 2274 3701 facie
2295 3635 2360 3685 ad
2385 3633 2596 3703 faciem.
2628 3632 2694 3686 In
2725 3635 2962 3702 prmenti
2996 3651 3058 3686 ea:
3083 3644 3230 3701 parte
3259 3633 3640 3701 cognoscimus,

2084 3745 2102 3777 ι
2144 3736 2264 3782 tunc
2291 3735 2470 3782 mitem,
2495 3742 2858 3795 cognoscemus
2894 3725 3151 3794 quomodo
3187 3723 3545 3794 cognoscimur
3574 3725 3639 3778 ³³.

2085 3834 2102 3868 ι
2139 3816 2255 3871 Noli
2304 3817 2468 3886 igitur
2516 3833 2600 3870 me
2640 3817 3006 3885 interrogare,
3042 3817 3106 3869 de
3138 3817 3296 3869 rebus
3327 3829 3444 3884 qua:
3495 3825 3644 3870 cet-to

2085 3928 2102 3960 ι
2141 3894 2468 3978 cognoscere
2519 3925 2623 3964 non
2677 3925 2892 3980 possum
2930 3925 2970 3964 ε-
3007 3909 3285 3977 Scriptura
3335 3922 3510 3962 saera.
3561 3906 3645 3962 Ob

2089 4019 2106 4052 ι
2146 4003 2285 4054 hanc
2316 4017 2536 4055 causam
2565 4002 2907 4055 exactissime
2938 4005 3259 4068 respondere
3291 4016 3394 4053 non
3427 4014 3641 4069 possunt

2086 4111 2104 4144 ι
2145 4093 2209 4146 de
2253 4108 2417 4146 carne
2455 4093 2540 4146 illa
2587 4094 2806 4157 divina,
2852 4108 2970 4162 qua:
3000 4095 3426 4145 communionem
3461 4090 3646 4144 habuit

2086 4205 2104 4236 ι
2145 4200 2266 4239 cum
2298 4185 2477 4238 divino
2501 4184 2692 4239 Verbo.
2719 4184 2904 4238 Fidem
2945 4200 3076 4238 vero
3104 4186 3275 4238 sacris
3309 4183 3505 4238 litteris
3551 4184 3646 4237 ad-

2089 4294 2107 4326 ι
2150 4276 2306 4329 hich
2336 4291 2453 4343 qua:
2481 4275 2762 4340 afﬁrmant,
2799 4293 2961 4329 unum
2991 4293 3110 4332 esse
3143 4277 3329 4336 Deum,
3373 4287 3428 4328 et
3478 4275 3658 4344 ipsius.

2090 4381 2107 4414 ι
2145 4362 2380 4417 Verbum
2421 4381 2561 4430 esse,
2593 4367 2733 4432 quod
2770 4367 2834 4419 de
2870 4367 3029 4422 Patre
3064 4367 3344 4436 processit,
3383 4375 3438 4417 ut
3465 4372 3645 4417 omina

2090 4474 2109 4507 ι
2149 4471 2244 4525 per
2271 4456 2397 4509 illud
2430 4459 2790 4510 conderentur
2825 4477 2837 4512 :
2874 4472 2990 4525 post
3033 4458 3225 4524 jndieii
3258 4471 3384 4535 vero
3437 4468 3651 4523 tempus

419 4577 440 4610 ι
483 4573 660 4626 νηται,
699 4553 836 4626 μετά
881 4553 936 4610 δὲ
984 4553 1073 4605 τὸν
1119 4549 1304 4622 καιρὸν
1340 4549 1437 4621 τῆς
1469 4547 1722 4620 κρίσεως,
1758 4545 1850 4600 καὶ
1878 4545 1972 4617 τὴν

2089 4564 2110 4598 ι
2143 4557 2196 4600 et
2223 4562 2400 4600 rerum
2431 4550 2668 4600 omnium
2700 4553 3170 4615 restaurationem,
3201 4559 3255 4604 et
3281 4547 3648 4601 amolitionem

422 4673 440 4704 ι
485 4650 592 4704 τῶν
626 4650 875 4704 ἁπάντων
912 4644 1212 4716 διόρθωσιν,
1257 4641 1347 4694 καὶ
1398 4641 1487 4693 τὸν
1536 4638 1838 4709 ἀφανισμὸν
1881 4637 1982 4708 τῆς

421 4767 440 4798 ι
489 4741 868 4813 ἀντικειμένης
921 4739 1137 4807 ἀπάσης
1186 4733 1459 4804 ἐνεργείας
1492 4731 1624 4802 (92),
1667 4731 1787 4783 τότε
1820 4730 1980 4793 αὐτὸς

422 4857 442 4890 t
491 4836 886 4906 ὑποταγήσεται
911 4830 988 4896 τῷ
1018 4827 1342 4891 ὑποτάξαντι
1387 4824 1536 4895 αὑτῷ
1567 4825 1635 4876 τὰ
1661 4824 1836 4878 πάντα
1864 4821 1982 4892 Θεῷ

423 4951 444 4983 ι
489 4930 582 4984 καὶ
601 4929 795 5003 Πατρὶ,
827 4926 915 4979 ἵνα
939 4923 1109 4984 οὕτως
1195 4921 1250 4972 ἐν
1278 4917 1395 4988 Θεῷ
1421 4919 1448 4968 ὁ
1471 4916 1661 4984 Λόγος,
1685 4915 1871 4984 ὥσπερ
1890 4915 1986 4968 καὶ

426 5044 444 5076 ι
492 5023 750 5096 πρότερον
801 5016 890 5090 ἦν.
922 5036 940 5068 ι
970 5013 1191 5088 Τοιοῦτο
1221 5011 1372 5074 τέλος
1423 5011 1667 5096 ἐπήγαγε
1700 5010 1764 5077 τῇ
1819 5007 1983 5076 σαρκὶ

420 5114 515 5168 τοῦ
541 5095 802 5182 Σωτῆρος
825 5107 984 5181 ἡμῶν
1014 5109 1042 5160 ὁ
1076 5103 1382 5174 θαυμαστὸς
1410 5095 1563 5161 οὗτος
1613 5098 1981 5168 συγγραφεὺς’

497 5280 556 5336 >3
582 5272 679 5327 Ed.
705 5271 876 5326 Paris.
907 5284 1027 5340 pag.
1057 5267 1143 5322 55.
1222 5266 1268 5297 ³⁸
1296 5266 1323 5319 Ι’
1343 5264 1466 5320 Cor.
1500 5277 1616 5327 xut,
1652 5261 1737 5319 l2.

494 5431 604 5504 (88)
651 5432 726 5502 Τῇ
757 5434 988 5504 ἐνότητι
1019 5429 1124 5504 τοῦ
1161 5425 1526 5504 Θερῆηῡεεει
1556 5441 1570 5476 :
1601 5421 1840 5504 οξόαμεν,
1899 5433 1990 5477 aut

421 5492 600 5562 simile
632 5492 759 5571 quid
783 5502 849 5555 ad
881 5492 1208 5571 sententiain
1236 5495 1578 5571 Iulciendam,
1614 5492 1684 5545 Μ.
1849 5561 1860 5571 _
1932 5562 1942 5571 .

494 5561 755 5646 (89th“)
806 5571 1134 5646 ὲςταιξὰγεαΔ
1164 5569 1374 5646 μίιιιιιε⁸
1409 5573 1529 5617 erat
1567 5563 1617 5615 in
1651 5561 1943 5646 caeniplari
1972 5578 1986 5614 :

424 5632 562 5698 forte
591 5632 670 5699 sic
693 5632 1019 5715 supplendas
1041 5660 1052 5694 :
1077 5642 1137 5692 Εἰ
1159 5633 1542 5715 δέτι-γένοιτο,
1578 5650 1642 5688 πε
1655 5632 1706 5690 o‘t
1731 5632 1854 5694 ὲῆς,
1875 5642 1979 5683 etc.

426 5715 498 5769 Μ.
522 5741 592 5754 --
611 5714 734 5782 Μοιι
762 5704 919 5781 νὶιιεο
951 5712 1078 5782 ἀκρ.
1107 5711 1235 5782 περὶ
1259 5707 1368 5782 τῶν
1390 5704 1547 5782 θείων

497 5782 609 5852 (90)
642 5781 811 5851 Vulgo
838 5771 972 5852 πρὸς
1002 5771 1192 5833 οἱύτόνί
1220 5783 1285 5831 At
1309 5777 1466 5852 cltgp.
1500 5771 1599 5827 I77

501 5843 610 5926 ζει)
672 5843 812 5922 Π(ᾇ)’
842 5843 1072 5924 ἡμῶν...
1115 5852 1316 5917 λόγον.
1367 5843 1522 5900 Deest
1562 5843 1802 5914 quidam,
1848 5850 1996 5910 pulo,

2093 4657 2112 4690 ι
2152 4639 2388 4693 adversa:
2436 4639 2800 4709 cujuscunque
2847 4642 3174 4710 operationis
3203 4682 3217 4705 ,
3261 4650 3386 4692 tunc
3433 4651 3487 4691 et
3539 4640 3650 4704 ipse

2093 4749 2113 4783 ι
2149 4731 2473 4798 subjicietur
2518 4733 2566 4786 ei
2617 4733 2705 4801 qui
2738 4733 2913 4785 omnia
2946 4735 3183 4800 subjecta
3231 4731 3304 4784 illi
3343 4731 3490 4791 fecit,
3544 4729 3650 4783 Deo

2095 4843 2113 4874 ι
2155 4823 2360 4877 scilicet
2389 4835 2549 4893 atque
2580 4821 2748 4887 Patri,
2770 4836 2824 4875 ut
2845 4823 2908 4876 ad
2932 4824 3175 4876 eumdem
3209 4821 3420 4873 modum
3457 4820 3520 4872 sit
3551 4821 3649 4871 ite-

2096 4934 2113 4967 ι
2154 4932 2270 4969 rum
2305 4916 2354 4970 in
2385 4915 2494 4972 Deo
2524 4914 2782 4978 Verbum,
2813 4915 2879 4968 ad
2921 4929 3078 4983 quem
3111 4920 3227 4966 erat
3251 4911 3398 4964 olim.
3441 4929 3458 4961 ι
3502 4909 3653 4962 IIunc

2088 5007 2303 5077 quidem
2355 5008 2514 5062 finem
2550 5008 2644 5077 .vir
2693 5010 2781 5062 hic
2825 5003 3159 5060 admirabilis
3194 5003 3426 5071 scriptor
3454 4998 3653 5056 Christi

2086 5101 2236 5155 carni
2261 5101 2562 5168 consuluit,
2597 5102 2797 5154 oblitus
2829 5114 3016 5152 eorum
3045 5113 3163 5166 quae
3198 5098 3249 5149 in
3305 5093 3656 5163 prmcedeuti-

2085 5423 2370 5495 ζητοῦντα,
2396 5422 2732 5492 βουλόμενον,
2759 5418 3080 5495 autaliquid
3097 5413 3378 5495 ejusmodi,
3398 5421 3448 5494 cl
3467 5411 3667 5495 statim.

2089 5480 2218 5566 ίερῶ
2253 5480 2659 5561 ἀποστόλῳξιτει
2685 5480 2826 5540 enim
2861 5480 3013 5540 locus
3039 5480 3187 5540 I’auli
3214 5501 3370 5552 quem
3404 5480 3660 5543 intendit,

2089 5565 2103 5606 I
2156 5548 2277 5606 (in:
2340 5579 2456 5606 ιιιι-
2535 5560 2618 5606 I2.
2694 5557 3004 5606 Βλέποιιεν
3054 5559 3162 5606 γὰο
3213 5555 3342 5606 ἄρτι
3401 5551 3474 5605 δι’
3532 5553 3660 5606 εισ-

2088 5555 2280 5618 ΙἘὶιτ.
2340 5579 2458 5625 xm,
2505 5555 2618 5613 ⁷12.
2693 5557 3004 5626 Βλέπομεν
3054 5559 3162 5628 γὰρ
3213 5555 3342 5624 ἄρτι
3401 5555 3458 5605 δι

2089 5636 2330 5702 όπτρου.
2358 5632 2428 5686 Μ.
2459 5660 2525 5702 -έ
2552 5628 2802 5702 suppleri
2828 5631 3068 5702 defectus
3089 5643 3164 5702 ett
3183 5644 3233 5694 p.
3271 5623 3365 5702 I7?
3402 5622 3458 5676 Ι).

2168 5695 2279 5770 (92)
2339 5702 2442 5768 Mp.
2496 5700 2566 5752 ίσ.
2619 5695 2934 5770 δυναστείας
2981 5699 3098 5754 loco
3152 5695 3460 5767 ἐνεργείαςς
3500 5701 3668 5761 porro

2093 5767 2303 5842 \‘ttlgoo
2333 5767 2626 5841 θαυμάσιος
2653 5767 2817 5833 οὗτος.
