4086 6202
502 391 606 450 819

1111 397 1407 454 ‘EUSEBII
1445 397 1922 464 CESARIENSIS
1960 401 2108 458 OPP.
2150 404 2328 460 PARS
2365 405 2455 461 Ν.
2493 437 2559 448 -ν
2600 405 3018 464 DOGMATICA.
3109 472 3123 484 κ

3628 407 3734 463 8ἰο

502 504 606 564 bus
635 506 700 563 de
737 508 924 566 eadem
959 507 1046 562 illa
1077 524 1242 565 carne
1271 512 1384 582 ipse
1412 514 1724 584 scripserat.
1755 515 1810 570 ln
1842 533 2062 588 sequen-

2176 522 2569 592 ἁμνημονήσας
2614 517 2688 578 ὧν
2739 526 2867 595 περὶ
2917 522 3086 593 αὐτῆς
3137 521 3225 575 διὰ
3273 522 3379 577 τῶν
3430 522 3738 593 ἔμπροσθεν

504 600 649 658 tibus
678 603 838 656 etiam
881 602 967 657 ille
1000 603 1113 672 ipse
1140 606 1229 674 qui
1254 608 1730 673 determinaverat,
1765 610 1882 666 sine
1912 627 2066 667 scru-

503 692 630 762 pulo
658 732 674 757 ,
715 708 912 764 corpus
943 693 1254 752 Servatoris
1287 698 1526 753 futurum
1557 711 1679 770 post
1721 699 1906 768 judicii
1943 712 2072 756 tem-

501 798 603 856 pus
632 782 809 839 Verbo
857 801 955 840 suo
1004 789 1421 858 destituendum,
1462 801 1659 846 metum
1691 794 1974 863 quemdam
2016 804 2071 850 et

507 877 862 964 reverentiam
905 895 1014 948 pne
1044 896 1104 935 se
1136 881 1240 936 l'ert
1264 923 1278 947 ,
1311 892 1364 938 et
1394 900 1501 942 non
1532 900 1690 954 posse
1739 887 1814 940 ait
1847 902 2071 955 respon-

503 968 653 1033 dere,
685 971 730 1023 si
759 971 883 1039 quis
907 972 1053 1028 illum
1088 974 1153 1028 de
1198 975 1288 1028 illa
1321 991 1486 1031 carne
1521 978 1955 1048 interrogaverit,
1984 979 2067 1033 tli-

501 1068 712 1114 ctnrum
745 1075 875 1116 vero
915 1079 974 1118 se
1000 1065 1065 1119 ad
1095 1066 1512 1135 interrogantem
1536 1069 1846 1138 quemlibet.
1888 1089 1908 1122 ι
1947 1070 2068 1125 Noli

506 1167 527 1202 ι
565 1152 834 1208 sciscitari
874 1155 938 1210 de
968 1159 1127 1212 rebus
1157 1174 1274 1227 quae
1304 1176 1407 1213 nou
1437 1161 1740 1216 didicimus.
1769 1181 1787 1213 ι
1822 1162 1919 1218 llic
1957 1164 2068 1232 jam

498 1243 677 1312 quivis
701 1248 746 1302 ei
773 1260 996 1317 oggerat
1029 1270 1043 1304 :
1075 1251 1212 1320 Quid
1248 1254 1589 1324 temetipsum
1639 1257 1936 1313 deridiculo
1969 1260 2068 1314 ha-

498 1335 613 1400 bes,
647 1337 848 1391 homo?
878 1341 1142 1407 Quorsum
1178 1345 1229 1397 in
1265 1345 1424 1398 rebus
1454 1361 1573 1414 quae
1599 1363 1702 1400 non
1739 1349 1994 1414 didicisti,
2019 1361 2070 1406 te

502 1443 598 1496 per
633 1432 924 1502 praecipitia
977 1440 1112 1503 agis,
1146 1436 1272 1490 dum
1318 1439 1369 1491 in
1399 1440 1618 1508 scriptis
1653 1441 1776 1496 lllas
1804 1443 2012 1497 decidis
2045 1441 2069 1496 ?

499 1519 765 1583 Quorsum
803 1541 905 1577 non
936 1529 1179 1581 custodis
1224 1545 1285 1582 ea
1319 1545 1437 1598 qua:
1468 1533 1753 1601 suscepisti
1799 1534 1865 1588 ab
1903 1536 2071 1590 eccle-

499 1611 732 1668 siasticis
763 1613 1033 1683 Patribus,
1073 1628 1128 1672 et
1157 1620 1470 1678 doctoribus
1494 1661 1511 1687 ,
1567 1629 1625 1685 >14
1677 1625 1946 1680 novitates
1984 1641 2069 1680 se-

497 1705 703 1773 queris,
740 1707 831 1776 qui
875 1725 1045 1778 nuper
1072 1722 1251 1764 natam
1291 1723 1345 1766 et
1391 1729 1420 1767 a
1455 1713 1561 1770 lide
1599 1716 1830 1770 alienam
1878 1718 2070 1772 distor-

498 1795 700 1851 tionem
731 1797 784 1852 in
819 1802 981 1854 vitam
1017 1804 1424 1860 subintroducis
1451 1846 1465 1869 ,
1496 1807 1622 1861 dum
1655 1822 1878 1878 regnum
1906 1809 2068 1864 Chri-

2171 610 2411 682 εἴρηκεν.
2459 608 2596 673 Εἶθ’,
2642 616 2671 666 ό
2723 614 2907 683 σαφῶς
2939 612 3079 666 οῦτω
3103 612 3164 664 τὸ
3194 612 3351 683 σῶμα
3377 613 3437 665 τὸ
3473 616 3739 685 σωτήριον

2170 703 2374 776 ἔρημον
2417 704 2510 758 τοῦ
2539 705 2710 774 Λόγου
2741 705 3088 777 γενήσεσθαι,
3112 704 3248 774 μετὰ
3262 704 3350 756 τὸν
3377 704 3476 774 τῆς
3504 704 3740 776 κρίσεως

2168 797 2358 868 καιρὸν
2391 799 2811 869 ἀποφηνάμενος
2863 797 3144 850 εὐλάϐειαν
3191 781 3596 865 προσποιεῖται,
3641 798 3741 850 καὶ

2171 889 2244 960 μὴ
2276 889 2472 942 εἰδέναι
2504 892 2666 960 φησὶν
2712 889 3101 961 ἀποκρίνεσθαι
3121 930 3136 954 ,
3171 887 3224 939 εἴ
3254 905 3337 952 τις
3368 887 3541 940 αὐτὸν.
3563 887 3742 957 ἔροιτο

2169 981 2414 1052 περὶτῆς
2433 983 2654 1054 σαρκὸς,
2675 984 2844 1053 φῆσαι
2871 982 2914 1034 δ’
2928 983 2993 1035 ἂν
3016 981 3149 1052 πρὸς
3183 980 3272 1033 τὸν
3299 979 3610 1052 ἐρωτῶντα,
3640 978 3739 1045 Μή

2169 1089 2294 1126 που.
2327 1074 2637 1128 πυνθάνου
2666 1076 2774 1144 (95)
2816 1073 2950 1142 περὶ
2979 1069 3066 1127 ὧν
3086 1073 3170 1142 μὴ
3207 1071 3536 1142 μεμάθηκα.
3583 1069 3740 1122 Ἀλλὰ

2167 1163 2262 1218 καὶ
2295 1166 2322 1217 ό
2352 1164 2528 1235 τυχὼν
2558 1161 2708 1218 εἶπεν
2743 1165 2809 1218 ἂν
2843 1165 2978 1236 πρὸς
3005 1163 3196 1216 αὐτόν·
3234 1162 3285 1215 τί
3326 1161 3388 1232 δὴ
3417 1157 3510 1213 οὖν
3542 1160 3741 1213 σαυτὸν

2170 1255 2457 1320 σκώπτεις,
2479 1256 2729 1327 ἄνθρωπε
2751 1274 2764 1320 ;
2790 1257 2854 1309 Τί
2881 1256 2935 1308 δὲ
2953 1255 3093 1308 κατὰ
3121 1253 3377 1326 κρημνῶν
3404 1252 3584 1316 ὠθεῖς,
3614 1253 3744 1323 rte-pl.

2167 1342 2241 1400 ὧν
2277 1350 2350 1420 μὴ
2385 1350 2708 1421 μεμάθηκας
2751 1348 3065 1420 ὁριζόμενος
3099 1348 3430 1419 ἐγγράφωςς
3479 1346 3544 1397 Τί
3573 1344 3627 1396 δὲ
3665 1343 3742 1415 μὴ

2168 1441 2456 1510 φυλάττεις
2507 1442 2542 1496 ἃ
2592 1440 2745 1513 παρὰ
2771 1441 2879 1494 τῶν
2906 1438 3370 1511 ἐκκλησιαστικῶν
3397 1437 3650 1506 πατέρων
3680 1451 3741 1486 τε

2167 1535 2261 1586 καὶ⁸
2287 1534 2622 1588 διδασκάλων
2647 1534 3009 1604 παρείληφας,
3042 1529 3383 1601 νεωτερίζεις
3421 1528 3464 1580 δ’
3485 1529 3741 1598 ἄντικρυς

2167 1628 2293 1681 νέαν
2330 1627 2424 1681 καὶ
2479 1627 2790 1693 ξενίζουσαν
2843 1627 3077 1694 εἰσάγων
3111 1623 3188 1694 τῷ
3225 1623 3323 1692 βίῳ
3373 1621 3738 1693 διαστροφὴν,

2167 1723 2341 1794 ἀρχήν
2372 1738 2429 1774 τε
2462 1721 2798 1792 πρόσκαιρον
2842 1719 2936 1771 καὶ⁷
2963 1717 3234 1788 νεωτέραν
3264 1718 3328 1786 τῇ
3366 1713 3607 1785 βασιλείᾳ
3645 1711 3740 1766 τοῦ

2168 1811 2402 1884 Χριστοῦ
2429 1811 2622 1874 διδοὺς,
2654 1811 2747 1864 καὶ
2782 1809 2983 1881 ταύτης
3009 1809 3161 1871 τέλος
3208 1807 3572 1876 ὑφιστάμενος
3592 1845 3606 1869 ,
3647 1805 3744 1858 καὶ

497 1886 565 1939 sti
597 1889 996 1947 circumscribis
1034 1896 1237 1950 novitio
1277 1897 1511 1966 quodam
1550 1899 1816 1968 principio
1846 1909 1900 1954 et
1931 1910 2062 1954 tem-

2169 1903 2257 1956 τὸν
2294 1902 2390 1972 μὲν
2424 1900 2638 1971 άληθῶς
2673 1900 2934 1970 μονογενῆ
2971 1897 3061 1952 τοῦ
3123 1896 3258 1950 Θεοῦ
3295 1896 3421 1948 Υἱὸν
3474 1892 3744 1966 ἀρνούμε-

495 1979 664 2046 porali
684 2020 698 2044 ,
728 1981 870 2049 quod
899 1983 1003 2038 liue
1029 2002 1244 2056 quoque
1281 1989 1680 2043 terminandum
1719 2005 1838 2046 esse
1868 1993 2062 2060 doces;

496 2069 731 2141 abnegas
762 2088 888 2129 vere
931 2077 1268 2147 unigenitum
1319 2079 1455 2145 Dei,
1503 2080 1790 2136 substituis
1828 2079 2063 2136 Verbum

496 2158 911 2217 insubstantiale
956 2175 1011 2219 et
1058 2168 1451 2236 insubsistens,
1507 2171 1649 2238 quod
1692 2172 1879 2239 ipsum
1930 2173 2066 2228 nihil

495 2250 638 2305 aliud
691 2255 1010 2320 pronuntias
1053 2272 1203 2322 esse,
1237 2273 1398 2326 quam
1430 2277 1592 2315 unum
1619 2271 1778 2330 atque
1811 2264 2067 2318 idemmet

494 2357 617 2396 cum
644 2343 790 2408 Deo?
815 2345 944 2413 Qua:
975 2349 1218 2418 quisquis
1250 2351 1467 2417 dixerit,
1493 2368 1597 2407 non
1636 2355 1826 2424 injuria
1855 2355 2066 2410 dicetur

492 2429 688 2495 Filium
723 2438 816 2494 Dei
847 2440 1136 2512 abnegare.
1171 2441 1286 2498 Non
1321 2454 1402 2498 est
1429 2449 1571 2500 enim
1599 2446 1770 2501 Filius
1791 2487 1807 2513 ,
1839 2447 2062 2502 verbum

494 2530 635 2595 quod
675 2546 777 2586 non
808 2535 1084 2602 subsistit;
1116 2551 1234 2590 cum
1268 2553 1365 2592 nec
1399 2539 1621 2592 verbum
1666 2539 1899 2596 hominis
1918 2541 2068 2594 dica-

497 2631 606 2688 tur,
652 2623 792 2677 ﬁlius
839 2626 1072 2682 hominis
1109 2645 1124 2682 :
1170 2638 1354 2700 utpote
1399 2633 1540 2699 quod
1585 2631 1697 2686 sola
1752 2633 2064 2702 operatione

494 2714 743 2775 subsistit
769 2717 821 2771 in
852 2719 1121 2788 loquente.
1154 2721 1265 2777 lloc
1295 2723 1468 2791 ipsum
1492 2723 1556 2778 de
1579 2723 1737 2778 Patre
1764 2739 1860 2778 suo
1880 2739 2066 2794 egres-

493 2823 612 2863 sum
640 2849 655 2873 ,
687 2821 813 2865 ante
853 2828 1023 2868 annos
1059 2815 1294 2869 nondum
1330 2830 1454 2870 cccc
1503 2816 1829 2887 completos,
1867 2817 2062 2874 Filium

494 2898 588 2960 Dei
621 2900 821 2956 factum
872 2903 1098 2958 inferius
1143 2922 1358 2970 narras,
1388 2924 1484 2976 per
1515 2910 1695 2963 carnis
1727 2911 2062 2980 assumptio-

493 3009 640 3058 nem,
675 3005 728 3048 et
747 2996 992 3064 superius
1025 2996 1207 3051 Iesum
1237 2999 1510 3052 Cltt‘lSltlln
1542 3001 1898 3068 nominatum,
1923 3003 2062 3056 ima-

493 3085 668 3155 ginem
695 3087 896 3140 dictum
936 3089 1025 3141 Dei
1057 3089 1342 3143 invisibilis
1367 3129 1383 3153 ,
1419 3100 1472 3144 et
1499 3094 1917 3160 primogenitum
1947 3109 2065 3147 om-

492 3177 578 3231 nis
633 3187 898 3233 creaturae
948 3199 962 3234 :
1011 3197 1190 3249 regem
1237 3197 1453 3252 quoque
1497 3185 1876 3239 constitutum.
1933 3185 2062 3252 Quae

492 3270 695 3334 omnia,
732 3286 767 3325 a
801 3282 1039 3337 tempore
1069 3273 1158 3326 illn
1191 3275 1470 3340 designato
1491 3316 1506 3340 ,
1557 3276 1756 3345 incepit
1787 3277 1885 3332 ille
1903 3291 2060 3343 esse;

495 3375 613 3430 quae
658 3363 838 3416 omnia
878 3364 1035 3416 simul
1069 3365 1407 3437 depositurus
1436 3375 1538 3430 est,
1573 3378 1694 3436 post
1717 3366 1901 3434 iudicii
1933 3383 2062 3422 con-

493 3452 929 3507 summationem.
967 3453 1088 3508 ll:ec
1129 3465 1306 3508 autem
1341 3455 1558 3510 ubinam
1609 3457 1897 3512 didicisti?
1929 3457 2064 3524 Quis

495 3543 687 3596 borum
723 3544 815 3596 tibi
867 3543 1190 3600 informatur
1234 3547 1503 3601 exstitit?
1543 3549 1840 3620 Episc0pus
1895 3551 2061 3620 quis?

494 3631 695 3706 Synodi
723 3639 888 3704 quae?
922 3638 1062 3706 quod
1091 3638 1350 3707 scriptum
1391 3639 1460 3693 ab
1496 3638 1712 3692 homine
1737 3639 2065 3694 ecclesiasti-

491 3727 594 3781 co?
625 3744 820 3798 corpus
851 3729 978 3782 illud
1010 3729 1323 3783 Servaturis
1353 3730 1656 3783 immortale
1680 3745 1786 3799 quo
1807 3730 2060 3785 secedet?

491 3820 625 3877 Nam
660 3837 778 3875 cum
810 3823 1148 3877 concesseris
1181 3823 1307 3876 illud
1332 3837 1454 3876 esse
1484 3823 1810 3886 immortale,
1839 3831 1893 3876 et
1925 3823 2062 3877 divi-

489 3929 619 3968 num
650 3913 957 3982 appellaris,
999 3929 1219 3968 necesse
1243 3925 1326 3968 est
1353 3929 1624 3983 supponas
1654 3915 2063 3984 incorruptibile

490 4015 544 4060 et
570 4005 1053 4060 iudissolvendum.
1081 4006 1233 4072 Quod
1277 4022 1404 4060 vero
1433 4017 1622 4059 natura
1670 4021 1765 4061 sua
1816 4008 1923 4062 tale
1957 4018 2060 4074 est,

488 4109 671 4155 manet
705 4099 889 4166 utique
944 4100 1246 4154 subsistens
1297 4107 1349 4152 et
1395 4099 1794 4155 indissolutum.
1841 4099 1944 4155 Sed
2006 4111 2060 4154 tu

488 4187 725 4244 Verbum
762 4189 828 4246 ab
854 4190 942 4244 illo
978 4190 1139 4255 tollis,
1178 4201 1232 4244 et
1267 4206 1388 4244 cum
1424 4191 1531 4245 Deo
1563 4191 1862 4262 conjungis.
1897 4191 2062 4244 Num-

489 4299 613 4339 nam
648 4286 812 4352 igitur
845 4285 962 4337 sine
994 4281 1171 4338 Verbo
1195 4282 1364 4337 solum
1411 4284 1666 4338 subsistet
1692 4299 1889 4354 corpus
1921 4285 2060 4338 istud

487 4377 541 4432 in
573 4377 860 4432 immortali
893 4385 948 4429 et
982 4379 1288 4445 incorrupta
1325 4375 1839 4441 irrationabilitate,
1882 4386 1934 4430 et
1958 4377 2058 4429 im-

487 4473 787 4527 mobilitate
809 4473 840 4525 ?-
875 4474 940 4525 At
974 4469 1206 4525 Verbum
1259 4471 1433 4537 ipsum
1484 4471 1745 4524 concedet
1775 4471 1825 4523 in
1871 4470 2057 4532 Deum,

487 4572 541 4616 et
568 4578 756 4618 rursus
795 4561 865 4614 illi
896 4561 1252 4628 conjuugetur
1277 4566 1404 4628 post
1430 4560 1614 4615 carnis
1637 4559 2056 4628 separationem.

559 4778 618 4836 ἦ(
650 4773 746 4826 Ed.
780 4772 950 4826 Paris.
984 4786 1105 4844 pag.
1133 4768 1222 4822 54.

2165 2012 2274 2058 νος,
2298 1993 2467 2062 Λόγον
2493 1992 2547 2045 δὲ
2580 1992 2755 2061 ψιλὸν,
2793 1989 3039 2045 ἀνούσιον
3085 1988 3178 2042 καὶ
3207 1987 3573 2042 ἀνυπόστατον
3613 1985 3744 2036 ὐπο-

2165 2087 2475 2158 τιθέμενος·
2518 2083 2576 2137 ὃν
2617 2085 2725 2138 οὐδ’
2761 2085 2946 2156 ἓτερον
2987 2082 3020 2152 ἢ
3069 2081 3124 2134 ἓν
3165 2080 3259 2134 καὶ
3291 2079 3482 2132 ταύτὸν
3520 2076 3597 2146 τῷ
3623 2074 3744 2145 Θεῷ

2166 2175 2305 2231 εἶναι
2340 2179 2484 2248 φής;
2521 2177 2585 2228 Ὃ
2610 2175 2672 2246 δὴ
2703 2176 2798 2228 καὶ
2827 2174 2941 2245 (94)
2973 2175 3082 2236 πᾶς
3132 2172 3275 2224 εἴποι
3311 2170 3380 2224 ἂν
3409 2168 3744 2239 ἀρνούμενος

2163 2272 2254 2325 τὸν
2280 2271 2407 2322 Υἱὸν
2438 2268 2531 2321 τοῦ
2568 2267 2723 2332 Θεοῦ,
2753 2267 2995 2330 εἰκότως.
3049 2266 3124 2317 Οὐ
3153 2264 3261 2335 γὰρ
3290 2263 3404 2325 υἱὸς
3441 2262 3469 2313 ὁ
3499 2260 3573 2331 μὴ
3610 2261 3745 2328 ὑφε-

2167 2363 2306 2425 στὼς
2357 2361 2551 2429 Λόγος,
2587 2361 2662 2423 ὠς
2712 2359 2831 2412 οὐδὲ
2890 2361 2947 2412 ὲν
3000 2356 3273 2428 ἀνθρώπῳ
3306 2355 3462 2423 λόγος
3511 2353 3627 2415 υἱὸς
3673 2352 3742 2404 ἂν

2165 2472 2296 2508 ποτε
2327 2453 2516 2524 ῥηθείη
2545 2450 2852 2523 ἀνθρώπου,
2881 2449 3130 2522 ἐνεργείᾳ
3152 2449 3286 2519 μόνῃ
3313 2449 3369 2500 ὲν
3392 2445 3468 2516 τῷ
3494 2442 3741 2497 λαλοῦντι

2167 2546 2576 2616 συνιστάμενος.
2607 2543 2778 2596 Τοῦτο
2805 2544 2849 2596 δ’
2882 2545 2944 2595 ὲκ
2961 2541 3054 2594 τοῦ
3078 2539 3308 2611 Πατρὸς,
3342 2537 3452 2607 (95)
3481 2536 3584 2606 πρὸ
3604 2533 3743 2587 ὲτῶν

2164 2639 2272 2692 οὐδ’
2307 2638 2444 2692 ὅλων
2471 2637 2860 2710 τετρακοσίων,
2894 2636 2980 2688 διὰ
2998 2637 3094 2704 τῆς
3126 2632 3444 2704 ἀναλήψεως
3475 2631 3575 2700 τῆς
3609 2645 3744 2700 σαρ-

2164 2731 2278 2794 κὸς,
2313 2731 2441 2784 Υἱὸν
2479 2730 2570 2784 τοῦ
2601 2729 2734 2782 Θεοῦ
2769 2728 3125 2799 γεγεννῆσθαι
3147 2725 3328 2789 καθὼς
3355 2724 3478 2795 φὴς,
3504 2722 3597 2776 καὶ
3634 2722 3743 2791 ’1η-

2166 2821 2293 2874 σοῦν
2341 2822 2432 2875 καὶ
2482 2822 2714 2893 Χριστὸν
2755 2819 3067 2891 ὠνομάσθαι
3103 2819 3234 2882 ἄνω,
3291 2816 3476 2874 εἰκόνα
3533 2832 3592 2868 τε
3644 2811 3741 2866 τοῦ

2165 2915 2298 2968 Θεοῦ
2333 2914 2425 2968 τοῦ
2458 2915 2688 2986 ἀοράτου
2714 2913 3081 2985 χρηματίσαι,
3119 2910 3212 2963 καὶ
3264 2909 3602 2980 πρωτότοκον
3635 2905 3742 2959 πά·-

2168 3025 2268 3079 σης
2301 3007 2548 3070 κτίσεως,
2577 3006 2748 3077 καὶδὴ
2779 3007 2870 3059 καὶ
2890 3004 3110 3074 βασιλέα
3133 3003 3255 3055 τότε
3290 3000 3546 3069 γενέσθαι
3575 2997 3744 3070 ἀρξά-

2172 3116 2330 3169 μενον
2357 3099 2562 3151 τούτων
2591 3099 2875 3161 ἁπάντων,
2922 3098 2986 3149 ὲκ
3017 3095 3106 3148 τοῦ
3137 3093 3468 3164 δηλωθέντος
3506 3091 3695 3164 χρόνου
3723 3133 3739 3157 ,

2168 3185 2359 3240 ἔπειτα
2387 3186 2560 3260 καιρῷ
2577 3188 2676 3256 τῆς
2696 3187 3004 3248 συντελείας
3019 3186 3224 3238 τούτων
3252 3183 3504 3237 ἁπάντων
3529 3181 3741 3252 ἀθρόως

2167 3278 2559 3348 παυθήσεσθαι.
2593 3278 2702 3331 Ποῦ
2737 3278 2800 3350 δὴ
2834 3275 2926 3332 οῦν
2970 3279 3139 3331 ταῦτα
3183 3277 3537 3349 μεμάθηκας;
3563 3276 3656 3338 Τίς
3680 3274 3739 3327 δέ

2169 3386 2248 3422 σοι
2285 3371 2486 3424 τούτων
2515 3371 2750 3440 κατέστη
2774 3370 3107 3433 διδάσκαλος,
3137 3370 3221 3433 τίς
3238 3368 3561 3428 ἐπισκόπων,
3584 3368 3734 3417 ποῖαι

2168 3463 2396 3526 σύνοδοι,
2432 3466 2581 3516 ποῖον
2617 3462 3083 3531 ὲκκλησιαστικῶν
3118 3461 3323 3533 ἀνδρῶν
3354 3459 3599 3529 γράμμα,
3623 3472 3726 3508 που

2164 3552 2220 3606 δέ
2255 3571 2334 3606 σοι
2367 3554 2427 3606 τὸ
2460 3554 2616 3624 σῶμα
2643 3556 2702 3606 τὸ
2724 3555 2986 3607 ἀθάνατον
3021 3556 3284 3625 χωρήσειε
3313 3549 3405 3614 τοῦ
3439 3547 3725 3619 Σωτῆρος;

2164 3645 2425 3699 ἀθάνατον
2480 3645 2584 3717 γὰρ
2639 3645 2914 3716 ὁμολογῶν
2945 3647 3039 3698 καὶ
3083 3646 3223 3699 θεῖον
3261 3640 3533 3714 ὀνομάζων
3563 3639 3692 3692 αὐτὸ
3713 3677 3729 3703 ,

2165 3739 2380 3801 πάντως
2414 3756 2515 3790 που
2563 3738 2657 3792 καὶ
2690 3738 2967 3810 ἄφθαρτον
3010 3739 3102 3791 καὶ
3149 3737 3426 3791 ἀδιάλυτον
3467 3732 3732 3803 ὐποθὴσῃο

2165 3829 2410 3896 πεφυκὸς
2427 3828 2482 3880 δὲ
2501 3827 2758 3891 τοιοῦτον,
2787 3830 2934 3899 μένει
2955 3827 3225 3891 συνεστὼς
3249 3825 3446 3896 δηλαδὴ
3471 3826 3564 3878 καὶ
3585 3822 3741 3876 ἀδιά-

2163 3918 2341 3971 λυτον.
2388 3919 2547 3972 Ἀλλὰ
2575 3920 2665 3972 τὸν
2713 3920 2882 3988 Λόγον
2924 3921 3153 3991 άφῄρεις
3185 3919 3371 3982 αὐτοῦ,
3401 3919 3496 3971 καὶ
3523 3915 3598 3988 τῷ
3617 3914 3739 3986 ,Θεῷ

2165 4013 2448 4084 συνῆπτες.
2505 4013 2710 4066 Οὐκοῦν
2747 4015 2872 4068 ἄνευ
2908 4016 3081 4081 Λόγου
3136 4014 3296 4085 μόνου
3334 4011 3446 4082 (96)
3473 4012 3535 4064 τὸ
3580 4009 3740 4080 σῶμα

2163 4104 2419 4175 στήσεται
2461 4107 2518 4157 ἐν
2551 4105 2800 4175 ἀθανάτῳ
2834 4107 2926 4158 καὶ
2961 4105 3221 4174 ἀφθάρτῳ
3257 4103 3448 4173 ἀλογία
3481 4101 3575 4154 καὶ
3619 4101 3739 4153 ἀκι-

2162 4196 2322 4267 νησίᾳ
2341 4197 2430 4260 ;τὸ
2460 4197 2515 4250 δὲ
2533 4197 2693 4260 αὐτὸς
2715 4199 2741 4249 ό
2765 4197 2936 4265 Λόγος
2959 4200 3036 4260 εἰς
3058 4197 3148 4250 τὸν
3169 4197 3301 4248 Θεὸν
3351 4197 3605 4265 χωρήσει,
3640 4190 3738 4244 καὶ

2164 4287 2560 4358 συναφθήσεται
2583 4285 2739 4350 αὖθις
2766 4289 2914 4359 αὐτῷ
2945 4289 3079 4360 μετὰ
3099 4289 3188 4343 τὸν
3216 4289 3315 4358 τῆς
3348 4287 3545 4361 σαρκὸς
3573 4302 3739 4356 χωρι-

2165 4380 2318 4448 σμόν.
2350 4377 2497 4452 Ἀρα
2531 4381 2604 4452 μὴ
2655 4381 2728 4434 ὢν
2762 4384 2818 4434 ἐν
2849 4382 2924 4453 τῷ
2957 4381 3094 4451 Θεῷ,
3121 4383 3207 4434 ὅτε
3247 4383 3314 4451 τῇ
3352 4379 3514 4450 σαρκὶ
3540 4377 3734 4448 συνῆνο

2162 4469 2278 4522 ἀλλ’
2314 4469 2389 4522 ὢν
2418 4473 2474 4522 ὲν
2509 4470 2654 4540 αὐτῷ
2687 4470 2776 4523 διὰ
2800 4471 3016 4534 παντὸς,
3055 4471 3324 4533 συναῖδιός
3357 4486 3418 4521 τε
3462 4468 3535 4521 ὣν
3565 4467 3659 4520 καὶ
3680 4467 3741 4519 ἓν

2162 4561 2256 4613 καὶ
2303 4561 2496 4614 ταύτὸν
2551 4561 2629 4630 τῷ
2662 4561 2810 4632 Θεῷ;
2854 4563 2978 4625 Πῶς
3007 4558 3098 4629 οὖν
3140 4561 3385 4633 ὑπῆρχεν
3427 4561 3486 4613 ὲν
3636 4556 3745 4611 τάκ

554 4957 666 5023 (95)
697 4955 792 5028 Μή
827 4973 944 5028 που
974 4956 1306 5028 πυνθάνου.
1359 4954 1488 5028 Ιέρε.
1552 4957 1623 5027 μή
1672 4973 1770 5026 μου
1810 4965 1867 5010 υι
1901 4956 2058 5026 paulo

2165 4957 2413 5028 ἀφαιρεῖς
2446 4989 2507 4999 ——
2549 4959 2782 5027 συνῆπτε
2808 4957 2894 5010 ubi
2919 4957 3280 5011 συνάπτεσθαι
3310 4947 3451 5011 corr'.

483 5040 627 5082 ante.
660 5027 728 5080 Μ.
757 5027 976 5099 -—__l)ein
995 5027 1157 5099 vulgo
1187 5026 1239 5079 τί
1266 5025 1323 5099 δὲ
1341 5023 1509 5099 obviet
1529 5023 1844 5099 ἐγγράφεις.

555 5099 668 5170 (94)
699 5100 760 5170 Ὅ
791 5097 867 5164 δὴ
903 5097 1022 5170 καί.
1061 5098 1230 5170 Vulgo
1252 5097 1336 5170 ὅδε
1367 5096 1476 5152 καί.

555 5167 669 5238 (95)
733 5169 827 5221 Ἐκ
855 5167 959 5221 τοῦ
1002 5169 1254 5236 Πατρός.
1305 5169 1466 5223 Deest
1514 5167 1621 5232 hic,
1678 5168 1883 5240 προῖόν.
1923 5167 2056 5224 Illud

485 5241 634 5298 κάτω
689 5257 701 5292 :
754 5242 820 5292 ad
878 5240 1149 5294 Christum
1199 5240 1412 5307 opinor.
1469 5255 1574 5291 non
1627 5239 1690 5291 ad
1727 5239 2054 5293 Marcellum

485 5313 824 5364 referendum
881 5321 982 5374 est,
1056 5310 1156 5362 hoc
1216 5321 1316 5368 est.
1373 5308 1645 5362 Christum
1699 5308 1826 5362 olim
1877 5310 2052 5378 λόγον,

484 5381 652 5441 κάτω,
692 5382 741 5432 in
777 5381 933 5433 terris
963 5382 1323 5438 incarnatum,
1360 5378 1554 5431 factum
1574 5379 1766 5435 Filium
1801 5382 2053 5440 bomims,

485 5467 587 5505 nun
612 5451 761 5522 κάτω
795 5455 920 5522 φής,
950 5452 1048 5502 hoc
1071 5459 1153 5502 est
1194 5451 1414 5522 inferius
1446 5448 1689 5522 allii-tuas
1710 5449 1894 5522 isuul:
1933 5467 2052 5501 nam

482 5531 538 5574 et
560 5521 783 5574 inl't-rius
818 5520 871 5572 et
913 5522 1158 5589 superius
1186 5520 1412 5572 allirtuat
1443 5535 1456 5571 :
1483 5520 1609 5573 hinc
1640 5520 1793 5580 illttd,
1823 5520 2056 5589 Χριστον

481 5590 794 5662 ὠνομάσθαι
832 5591 943 5662 άνω
977 5610 992 5662 ξ
1024 5606 1359 5662 quanqnarm
1384 5589 1888 5662 potiusputaveriui
1942 5591 2054 5642 ἄνω

483 5657 806 5716 redundare.
834 5657 1057 5716 tit—ni
1075 5678 1126 5728 p.
1171 5662 1239 5716 50
1271 5660 1626 5730 τοῦτον-οὐχ
1653 5659 2055 5730 ὅλων-γεγεν-

485 5732 695 5802 νῆσθαι,
738 5732 849 5785 ἅνω
898 5732 1168 5802 καὶίκάτω
1199 5733 1305 5802 φής
1336 5733 1510 5785 deleto
1537 5729 1646 5784 ἂνω
1686 5729 2055 5802 υυειᾷὼνομά-

485 5800 625 5862 σθαι.
664 5804 788 5855 Dein
817 5803 974 5868 vulgo
1001 5801 1127 5852 Υἱὸν
1155 5801 1248 5852 τοῦ
1263 5800 1333 5853 Θ.
1369 5818 1423 5868 γ.
1459 5811 1512 5871 et
1540 5802 1632 5853 καὶ
1669 5800 1872 5871 Ἰησοῦν
1894 5803 2050 5871 ῌΧρι-

485 5874 608 5935 στὸν
663 5873 976 5940 ὠνομάσθαι
1037 5881 1091 5925 ct
1143 5871 1234 5923 καὶ
1268 5871 1322 5924 δὲ
1351 5867 1441 5923 καὶ
1561 5882 1613 5927 et
1640 5867 1740 5922 ποῦ
1773 5871 1830 5938 ἐξ
1861 5867 1976 5926 οὖν’
1999 5883 2051 5928 οι

2240 5024 2351 5100 (96)
2394 5030 2571 5083 Ἀνευ
2603 5024 2795 5100 Λόγου
2827 5028 3040 5097 μόνου.
3074 5030 3206 5100 lino,
3242 5028 3432 5098 μόνονς
3465 5024 3740 5100 hor-vult,

2165 5095 2339 5154 solum
2370 5100 2470 5156 hoc
2501 5095 2704 5167 corpus
2729 5095 2947 5160 Christi,
2977 5104 3094 5153 sine
3121 5095 3278 5167 Λόγίρ
3317 5113 3412 5149 suo
3440 5095 3741 5150 subsistere

2165 5171 2384 5233 debere,
2413 5171 2735 5231 immortale,
2763 5185 2884 5222 cum
2911 5167 3480 5224 cmterorumomuiutn
3502 5181 3738 5233 corpora

2166 5239 2340 5293 l'utura
2374 5241 2476 5292 siut
2504 5238 2918 5307 λογικά.Τ‹ιιιιιη
2955 5241 3128 5295 locum
3163 5239 3239 5292 sic
3277 5237 3416 5303 lego.
3441 5245 3506 5307 et,
3536 5237 3735 5307 distin-

2163 5327 2266 5376 guo
2289 5330 2301 5363 :
2329 5310 2556 5374 Οὐκοῦν,
2579 5305 2721 5365 em
2745 5310 2839 5362 τοῦ
2865 5311 3058 5378 Λόγου,
3096 5309 3250 5380 μόνον
3275 5307 3447 5380 τοῦτοΔ
3466 5305 3533 5380 τὸλ
3558 5305 3733 5380 σῶμα

2161 5381 2412 5450 στήσεται
2441 5381 2486 5432 ὲ.
2517 5382 2568 5434 ἀ.
2603 5399 2656 5434 κ.
2676 5383 2728 5436 ά.
2761 5383 2814 5434 ὰ.
2834 5399 2886 5434 κ.
2910 5376 3182 5451 ἀκινησία,
3217 5380 3305 5451 ὅτε
3333 5377 3493 5451 atra-5’3;
3513 5376 3727 5451 ὀλότῼς,

2158 5444 2283 5515 οιρζ,
2303 5453 2408 5522 ἄρα
2426 5451 2498 5521 μὴ
2528 5451 2621 5514 ὧν,
2647 5465 2776 5510 etc...
2795 5451 2928 5504 ἀλλὰ
2959 5444 3149 5522 προ’ὼν’
3170 5453 3225 5501 ἐν
3249 5448 3398 5522 ,αὐτῷ
3423 5444 3728 5522 διαπαντός.

2161 5523 2250 5575 Sic
2276 5521 2384 5574 vult
2417 5521 2676 5576 Eustebius
2714 5524 2755 5575 si
2800 5533 2917 5576 erat
2956 5521 3013 5572 ἐν
3057 5521 3350 5574 ὑποστάσει
3382 5534 3476 5571 sua
3518 5528 3730 5583 propria

2159 5606 2279 5668 Cum
2323 5594 2656 5654 incarnatus,
2687 5593 2791 5658 ἔξω
2814 5600 2866 5645 et
2896 5590 3299 5662 κεχωρισμένος
3342 5599 3460 5643 erat
3494 5583 3731 5668 TOG‘EIIJ?

2157 5662 2306 5732 τρός,
2340 5679 2438 5717 cur
2474 5678 2577 5715 nun
2633 5675 2685 5714 et
2719 5655 2844 5714 ante
2876 5655 3101 5730 sarcula,
3134 5655 3273 5732 cum,
3296 5670 3438 5732 esset
3467 5655 3732 5732 συναῇδιος

2160 5725 2237 5802 τῷ
2255 5725 2468 5805 Πατρίῖ
2493 5733 2709 5805 M.—ln_
2701 5734 2722 5783 l
2724 5749 2776 5784 ra
2802 5725 2880 5788 Ill;
2909 5735 2959 5787 in
2979 5725 3124 5790 corr.
3150 5748 3237 5805 γρ.
3257 5730 3398 5801 δίχα,
3420 5729 3536 5784 loco
3556 5725 3735 5800 δίκην,

2159 5799 2290 5860 Dein
2324 5799 2480 5873 vulgo
2499 5803 2648 5858 ἔσται
2680 5799 2806 5876 ἆρα.
