4084 6208
376 354 475 409 821

1496 349 1776 405 CONTRA
1817 346 2244 403 MARCELLUM
2286 346 2411 403 LIB.
2457 347 2519 403 ll.

3497 356 3609 410 822

381 488 533 541 ματι,
577 470 625 523 εί
674 470 770 539 μὲν
790 467 963 537 ψυχῆς
995 468 1148 538 δίκην
1172 468 1335 522 οίκῶν
1367 472 1423 522 ἐν
1450 470 1596 540 αύτῴ
1623 470 1805 535 ςέσται
1836 471 1941 541 ἀρα

2065 469 2245 522 Eralne
2274 484 2402 536 ergo
2436 478 2589 524 extra
2616 470 2779 525 Deum
2813 480 2923 525 tum
2954 487 3073 526 cum
3119 486 3281 525 carne
3316 486 3602 529 conversa-

380 564 439 615 ἐν
464 562 774 621 ὑποστάσει,
810 558 900 610 τοῦ
933 558 1143 631 Πατρὸς
1171 561 1590 632 κεχωρισμένος,
1628 560 1735 624 ζῶν
1765 578 1823 612 τε
1852 561 1947 613 καὶ

385 654 630 723 ὑφεστὼς
657 655 713 705 ἐν
800 650 1054 721 ἀνείληφε
1089 650 1196 720 (97)
1238 651 1419 721 σαρκί.
1449 652 1513 703 Τί
1541 646 1632 704 οὖν
1672 650 1903 704 ἐκώλυεν
1928 691 1941 713 ,

387 748 482 799 καὶ
505 745 608 816 πρὸ
630 744 725 814 τῆς
746 741 839 794 τοῦ
868 741 1073 810 κόσμου
1109 743 1438 805 συστάσεως,
1462 740 1588 793 Υίὺν
1618 740 1753 794 Θεοῦ
1771 738 1946 803 ζῶντα

387 836 545 889 αὑτὸν
568 834 876 905 ὁμολογεῖν;
912 832 1047 885 Ἀλλ’
1081 822 1221 885 εἴποι
1251 832 1314 886 ἂν
1348 835 1496 896 ἴσως,
1518 832 1765 903 ἐνεργείᾳ
1788 835 1943 902 μόνῃ,

387 928 503 998 οὐχὶ
543 927 598 979 δὲ
631 925 814 987 οὐσίας
851 924 1176 988 ὑποστάσει,
1214 926 1306 978 καὶ
1334 926 1391 978 ἐν
1425 923 1502 994 τῷ
1537 922 1746 993 σώματι
1788 940 1948 991 γεγο-

387 1020 559 1072 νέναισ
617 1033 636 1069 t
672 1017 931 1088 δραστικῇ
982 1015 1089 1088 γὰρ
1137 1017 1383 1090 ἐνεργείᾳ
1436 1016 1605 1087 μόνῃ,
1660 1017 1828 1086 φησὶ,
1878 1018 1944 1086 τῇ

391 1128 410 1161 ι
454 1110 613 1180 σαρκὶ
630 1109 801 1161 συνὼν
828 1103 889 1160 τὸ
914 1109 1079 1161 κινεῖν
1104 1107 1290 1178 αὐτὴν,
1318 1108 1410 1161 καὶ
1435 1107 1715 1179 πράττειν,
1741 1108 1947 1178 ὅσαπερ

392 1217 411 1251 ι
455 1203 511 1253 ἐν
523 1200 872 1269 Εὐαγγελίοις
895 1199 1135 1270 φέρεται,
1161 1200 1317 1271 οὐσίᾳ
1339 1199 1415 1271 τῷ
1438 1200 1556 1270 Θεῷ
1581 1201 1839 1270 συνῆπτο,
1859 1196 1947 1253 οἷα

394 1310 412 1343 ι
454 1293 623 1361 Λόγος
650 1294 907 1364 ὑπάρχων
931 1292 1091 1345 αὑτοῦ
1120 1290 1418 1363 ἀχώριστος
1450 1294 1543 1346 καὶ
1574 1293 1941 1357 ἀδιάστατος.»

386 1384 448 1436 El
474 1384 535 1456 δὴ
562 1384 731 1437 ταῦτα
765 1384 931 1451 λέγει,
978 1385 1312 1454 ἐρωτήσασιν
1345 1385 1474 1454 ἡμῖν
1528 1384 1943 1453 ἀποκρινάσθω·

383 1470 619 1545 *Αρ’ἐπὶ
656 1476 819 1545 μόνην
841 1473 937 1544 τὴν
974 1474 1149 1543 σάρκα
1179 1474 1379 1545 ταύτην
1404 1477 1438 1546 ή
1473 1474 1566 1528 τοῦ
1603 1476 1775 1542 Λόγου
1801 1476 1950 1546 ἐνέρ-

383 1581 507 1632 γεια
549 1565 800 1634 ἔφθακεν,
831 1565 949 1633 οὐχὶ
1004 1566 1060 1617 δὲ
1097 1566 1190 1618 καὶ
1234 1566 1317 1634 ἐφ’
1363 1566 1578 1638 ἐτέρους
1634 1566 1951 1637 ἀνθρώπους

380 1657 510 1718 τοὺς
529 1656 713 1723 ἁγίους
750 1656 841 1709 τοῦ
869 1656 1025 1721 Θεοῦ,
1058 1659 1152 1710 καὶ
1192 1659 1270 1721 είς
1322 1658 1391 1711 τά
1447 1657 1607 1711 λοιπά
1660 1659 1721 1730 δὴ
1776 1660 1951 1714 πάντα

382 1746 478 1798 τοῦ
508 1746 689 1814 Λόγους
707 1746 1189 1818 δημιουργήματα;
1211 1749 1330 1819 οὐχὶ
1359 1751 1387 1803 6
1418 1750 1579 1813 αὐτὸς
1606 1751 1818 1821 ἐνεργεῖ
1844 1750 1946 1803 Λό-

2044 563 2229 617 retur?
2268 578 2332 615 an
2358 564 2411 615 in
2437 562 2546 616 Deo
2577 564 2876 617 subsistens
2902 564 3247 632 sempiterno,
3278 573 3600 619 cozeteruum

2044 656 2332 715 exsistens,
2352 669 2515 706 unum
2544 663 2705 723 atque
2728 654 2869 708 idem
2898 668 3117 722 prorsus
3141 669 3259 708 cum
3292 654 3436 709 Deo?
3460 654 3609 722 Quo-3

2046 745 2206 799 modo
2230 745 2545 817 igiturcum
2602 759 2827 813 corpore
2856 743 2991 813 fuit,
3023 745 3066 799 si
3098 748 3272 798 anima
3306 762 3497 813 expers
3521 748 3604 800 in-

2048 836 2309 889 habitavit
2354 835 2525 888 illud?
2557 836 2659 889 erit
2700 837 2772 889 ita
2802 836 2853 888 in
2889 837 3192 891 substantia
3243 836 3417 890 Patris
3450 852 3605 905 sepa-

2049 937 2221 982 ratum
2248 970 2263 993 ,
2296 929 2482 982 vivens
2526 931 2712 996 utique
2756 938 2810 982 et
2848 928 3251 994 subsistenszin
3301 944 3462 983 carne
3515 927 3603 982 illa

2049 1036 2207 1089 quam
2258 1021 2570 1090 assumpsit.
2623 1021 2759 1086 Quid
2812 1036 2941 1090 ergo
2990 1021 3243 1089 prohibet
3268 1022 3429 1074 etiam
3482 1031 3608 1074 ante

2048 1111 2232 1164 mundi
2262 1111 2417 1179 hujus
2434 1112 2865 1165 constitutionem
2900 1111 3090 1165 Filium
3116 1112 3204 1165 Dei
3230 1113 3403 1164 vivum
3433 1112 3607 1180 ipsum

2048 1201 2299 1255 conﬁteri
2336 1201 2366 1253 ἲ
2419 1200 2522 1255 Sed
2578 1200 2810 1255 fortasse
2846 1200 3080 1265 dixerit,
3126 1202 3239 1256 sola
3273 1185 3607 1271 operatione,

2049 1307 2155 1346 non
2203 1293 2522 1346 substantiae
2568 1294 2884 1363 hypostasi,
2934 1294 2987 1346 in
3037 1308 3265 1362 corpore
3321 1292 3610 1348 exstitisse.

2056 1398 2075 1431 ι
2112 1381 2399 1449 Operativa
2435 1383 2604 1447 enim,
2628 1382 2724 1446 ait,
2759 1383 2951 1436 virtute
2977 1382 3341 1451 sola,corpori
3374 1396 3610 1450 praesens

2055 1491 2075 1523 ι
2113 1482 2263 1534 erat,
2302 1474 2367 1528 ad
2402 1474 2575 1541 ipsum
2624 1464 2945 1528 movendum
2986 1485 3040 1529 et
3070 1475 3401 1542 operandnm
3431 1472 3612 1527 omnia

2056 1582 2075 1615 ι
2112 1580 2229 1633 qua:
2254 1576 2540 1618 narrantur
2572 1566 2622 1618 in
2659 1564 2987 1634 Evangeliis,
3015 1565 3318 1618 substantia
3354 1578 3481 1616 vero
3509 1563 3613 1615 Deo

2057 1672 2076 1707 ι
2113 1656 2573 1726 conjungebatur;
2605 1665 2786 1723 utpote
2820 1655 3051 1709 Verbum
3081 1656 3248 1724 ipsius
3294 1671 3413 1708 cum
3448 1662 3614 1715 es<et,

2058 1765 2076 1797 ι
2116 1747 2181 1799 ah
2228 1747 2344 1815 ipso
2382 1745 2743 1814 inseparabile
2795 1756 2849 1798 et
2896 1746 3281 1799 indistinctum.
3339 1763 3356 1795 ι
3395 1750 3453 1807 >3
3492 1743 3615 1797 Hzec

386 1854 479 1905 γος
506 1853 520 1901 ;
547 1838 653 1889 Καὶ
683 1838 786 1908 μὴν
824 1838 1238 1910 μεμαθήκαμεν,
1271 1840 1347 1903 ὡς
1379 1859 1398 1892 ι
1432 1841 1510 1912 τῷ
1549 1842 1705 1912 Λόγῳ
1740 1843 1943 1913 Κυρίου

2065 1838 2097 1891 si
2148 1836 2393 1901 dixerit,
2436 1837 2837 1891 sciscitantibus
2890 1838 3046 1891 nobis
3089 1844 3197 1889 tum
3242 1836 3560 1903 respondeat
3598 1854 3609 1885 :

385 1929 434 1982 οί
487 1928 705 1999 οὐρανοὶ
746 1930 1174 2001 ἐστερεώθησαν,
1210 1951 1226 1983 ι
1284 1932 1379 1986 καὶ
1414 1952 1433 1984 ι
1476 1934 1541 1986 δι’
1578 1934 1741 1988 αὐτοῦ
1770 1935 1945 1989 πάντα

2065 1928 2180 1981 tum
2212 1930 2549 1999 pertingebat
2576 1930 2641 1984 ad
2674 1929 2841 1985 solam
2870 1930 3011 1983 illam
3046 1944 3265 1984 carnem
3294 1928 3453 1983 Verbi
3474 1927 3615 1982 illius

385 2019 617 2087 ἐγένετο·
660 2020 753 2073 καὶ
799 2022 965 2092 χωρὶς
1000 2022 1164 2075 αὑτοῦ
1190 2024 1405 2091 ἐγένετο
1436 2026 1555 2077 οὐδὲ
1590 2028 1667 2079 ἓν.
1693 2046 1709 2077 ι
1741 2027 1947 2080 υύκοῦν

2065 2021 2334 2087 iperatio?
2366 2036 2542 2075 nonne
2569 2021 2731 2075 etiam
2761 2031 2814 2075 et
2843 2023 2909 2075 ad
2956 2032 3183 2076 creteros
3231 2022 3478 2075 homines
3518 2019 3612 2073 Dei

385 2112 467 2165 ὅτι
492 2113 702 2182 ἐνεργεῖ
735 2112 845 2183 (98)
877 2113 970 2166 καὶ
1001 2115 1092 2168 ἐπὶ
1132 2117 1342 2169 πάντων
1363 2133 1376 2146 ·
1400 2116 1643 2187 ἔγνωμεν
1700 2120 1805 2171 ἀπὸ
1842 2119 1948 2171 τῶν

388 2202 545 2255 θείων
576 2202 823 2275 Γραφῶν,
848 2207 940 2258 καὶ
962 2205 1037 2269 ὡς
1066 2208 1254 2276 Λόγος
1280 2211 1499 2275 Κιιρίου
1526 2209 1760 2278 ἐγένετο
1805 2210 1951 2278 πρὸς

399 2294 577 2361 Ὠσηὲ
616 2294 721 2348 τὸν
765 2296 869 2349 τοῦ
924 2298 1129 2364 Βεηρί’
1191 2299 1304 2361 καὶ,
1354 2301 1542 2367 Λόγος
1590 2301 1804 2367 Κιιρίου
1841 2300 1949 2369 (99)

389 2383 639 2452 ἐγενήθη
672 2386 819 2453 πρὸς
860 2386 1103 2439 Ἡσαΐαν
1130 2388 1262 2441 υἱὸν
1298 2389 1472 2457 Ἀμώς
1496 2406 1508 2419 ⁸
1558 2392 1650 2442 καὶ
1697 2392 1775 2457 ὡς
1829 2391 1954 2459 ἐγέ-

388 2491 524 2529 νετο
561 2476 747 2544 Λόγος
775 2477 993 2544 Κυρίου
1018 2479 1163 2546 πρὸς
1204 2479 1507 2549 Ἰερεμίαν’
1536 2500 1553 2531 ι
1588 2483 1683 2533 καὶ
1718 2483 1799 2550 ἐφ’
1825 2482 1953 2535 ἐκά-

392 2583 517 2619 στου
556 2567 609 2619 δέ
653 2569 929 2638 προφήτου
962 2571 989 2621 6
1018 2570 1179 2632 αὐτὸς
1223 2572 1439 2642 ἐνήργει
1482 2572 1574 2623 τοῦ
1615 2572 1748 2624 Θεοῦ
1779 2573 1954 2641 λόγος.

395 2658 513 2729 Ἆρ’
574 2653 667 2711 οὖν
708 2658 809 2728 τῆς
859 2658 979 2730 ἴσης
1030 2659 1187 2724 ἀξίας
1238 2661 1317 2732 τῷ
1379 2667 1656 2731 μονογενεῖ
1704 2662 1815 2733 Υίῷ
1862 2663 1955 2716 τοῦ

391 2748 526 2802 Θεοῦ
557 2751 824 2814 κάκείνοις
846 2752 1014 2807 ἅπασι
1050 2754 1234 2823 μετῆν,
1268 2754 1359 2806 καὶ
1390 2754 1552 2807 πλέον
1575 2755 1721 2807 οὐδὲν
1750 2756 1958 2826 ὑπῆρχε

391 2842 472 2913 τῷ
506 2843 733 2914 Σωτῆρι,
766 2846 814 2895 εί
838 2845 902 2915 δὴ
934 2845 1182 2916 ἐνεργείᾳ
1214 2846 1348 2919 μόνῃ
1379 2846 1484 2898 ὑπὸ
1516 2846 1609 2899 τοῦ
1644 2848 1818 2916 Λόγου
1868 2848 1958 2900 τοῦ

395 2930 475 3003 τῷ
494 2932 611 3002 Θεῷ
648 2934 987 3004 συνημμένου
1018 2937 1263 2989 ἐκινεῖτο.
1310 2935 1446 2987 Ἀλλ’
1477 2936 1597 2989 οὐδὲ
1622 2936 1690 2990 τὰ
1727 2939 1815 2990 ίσα
1851 2940 1961 3001 τοῖς

399 3024 700 3093 προφήταις
736 3024 919 3095 φέρειν
950 3024 1130 3077 δίδωσι
1154 3025 1470 3096 Μάρκελλος
1501 3026 1576 3096 τῷ
1618 3026 1839 3097 Χριστῷ
1866 3027 1961 3080 τοῦ

2051 2123 2266 2166 sanctos
2290 2152 2304 2176 ,
2359 2121 2414 2166 et
2458 2114 2523 2166 ad
2567 2122 2791 2168 caeteras
2823 2128 3011 2168 omnes
3040 2129 3069 2167 a
3093 2114 3273 2169 Verbo
3318 2114 3615 2182 productas

2052 2205 2374 2258 creaturas?
2407 2204 2565 2258 Certe
2597 2204 2814 2274 quidem
2857 2205 3030 2259 edocti
3063 2221 3271 2271 sumus,
3295 2206 3469 2260 Verbo
3504 2205 3611 2257 Do-

2053 2295 2180 2347 mini
2220 2295 2388 2348 caelos
2441 2296 2817 2351 constabilitos
2851 2313 2865 2350 :
2901 2307 2952 2349 et
2979 2297 3155 2350 omnia
3181 2311 3275 2365 per
3304 2296 3451 2350 illum
3477 2296 3614 2351 facta

2054 2386 2259 2441 fuisse:
2291 2395 2375 2450 et,
2405 2388 2523 2441 sine
2565 2387 2655 2441 illo
2695 2388 2898 2442 factum
2934 2388 3097 2442 fuisse
3137 2388 3266 2442 nihil
3302 2389 3549 2443 :scimus
3589 2403 3619 2441 e

2056 2478 2253 2533 divinis
2275 2479 2594 2547 Scripturis,
2625 2481 2896 2548 quomodo
2934 2480 3021 2534 hic
3056 2480 3107 2533 in
3146 2481 3396 2535 omnibus
3431 2495 3621 2549 opere-

2058 2581 2161 2622 tnr.
2193 2570 2467 2638 Scriptum
2490 2580 2568 2623 est
2594 2590 2607 2623 :
2655 2568 2874 2625 Verbum
2906 2570 3119 2624 Domini
3162 2573 3230 2623 ad
3274 2570 3423 2635 Osee,
3448 2572 3616 2639 ﬁlium

2057 2660 2209 2714 Βερνὶ
2244 2661 2323 2725 ⁶⁰;
2355 2671 2441 2715 et:
2486 2660 2700 2715 Verbum
2733 2661 2945 2714 Domini
2986 2663 3183 2730 factum
3216 2673 3290 2714 est
3317 2663 3387 2714 ad
3420 2662 3619 2715 Isaiam

2059 2754 2226 2822 ﬁlium
2254 2756 2410 2809 Amos
2434 2755 2474 2786 “
2498 2771 2512 2820 ;
2536 2764 2618 2810 et:
2655 2753 2879 2808 Verbum
2904 2754 3113 2809 Domini
3156 2756 3224 2807 ad
3253 2755 3617 2809 Jeremiam".

2062 2847 2118 2900 In
2138 2862 2454 2915 unoquoque
2471 2848 2697 2917 denique
2722 2848 2978 2917 propheta
2996 2850 3319 2917 operabatur
3335 2847 3460 2901 illud
3482 2848 3619 2901 idem

2061 2938 2281 2993 verbum
2334 2939 2461 3004 Dei;
2500 2940 2758 3009 aequalem
2808 2940 2972 3009 igitur
3011 2939 3087 2994 illi
3117 2954 3305 2993 omnes
3333 2954 3451 2992 cum
3485 2936 3622 2991 Filio

2066 3030 2160 3085 Dei
2209 3030 2522 3101 dignitatem
2557 3030 2976 3101 participabant,
3010 3046 3109 3085 nec
3138 3038 3255 3085 erat
3284 3030 3459 3098 aliqua
3496 3030 3625 3083 Ser-

397 3114 556 3169 Θεοῦ.
612 3118 673 3169 υί
719 3116 814 3187 μὲν
856 3116 965 3188 γὰρ
1016 3118 1161 3188 ζωῆς
1214 3119 1428 3172 αἰωνίου
1458 3119 1725 3173 ἀθανάτου
1773 3139 1831 3174 τε
1872 3123 1960 3175 καὶ

2065 3124 2263 3177 vatoris
2298 3124 2685 3192 praerogativa;
2730 3122 2772 3176 si
2830 3122 2941 3175 sola
2974 3121 3063 3175 ille
3092 3121 3403 3189 Operatione
3438 3117 3620 3181 Verbi,

398 3206 752 3279 ἀτελευτήτου
803 3208 1099 3272 τεύξονται,
1144 3211 1223 3272 είς
1254 3210 1379 3273 τοὺς
1414 3212 1660 3275 ἅπαντας
1680 3212 1881 3276 αἰῶνας
1908 3216 1965 3267 ἐν

398 3301 465 3369 τῇ
497 3298 907 3372 κατηγγελμένῃ
937 3300 1044 3353 τῶν
1072 3301 1315 3373 οὐρανῶν
1343 3300 1586 3379 βασιλεία
1630 3304 1963 3379 βιωσόμενοι,

396 3389 621 3457 ἀγαθῶν
641 3408 699 3443 τε
718 3391 1133 3455 ἀπολαύσοντες,
1164 3392 1202 3446 ἆ
1230 3394 1537 3463 ὀφθαλμὸς
1571 3377 1681 3449 οὐκ
1710 3377 1830 3449 εἶδε
1860 3397 1966 3449 ,καὶ

397 3477 507 3547 οὖς
534 3485 643 3536 οὐκ
682 3483 909 3552 ἤκουσε
948 3484 1045 3537 καὶ
1088 3485 1184 3537 ἐπὶ
1218 3485 1468 3557 καρδίαν
1506 3485 1813 3554 ἀνθρώπου
1856 3489 1968 3540 οὐκ

395 3572 577 3641 ἀνέϐη
601 3592 613 3603 ·
643 3576 671 3628 6
692 3574 747 3628 δὲ
776 3576 1007 3646 Χριστὸς
1040 3575 1132 3628 τοῦ
1164 3576 1320 3641 Θεοῦ,
1352 3578 1510 3641 αὐτὸς
1542 3580 1569 3631 6
1600 3579 1775 3642 κοινὸς
1805 3579 1970 3636 ἀπάν-

397 3680 509 3716 των
542 3663 749 3736 Σωτὴρ,
785 3666 813 3718 ὁ
836 3665 1173 3735 πρωτότοκος
1206 3667 1312 3745 τῶν
1346 3668 1553 3739 νεκρῶν
1574 3707 1587 3731 ,
1618 3671 1650 3738 ἡ
1683 3669 1837 3733 ἐλπὶς
1872 3673 1968 3741 τῆς

399 3756 509 3810 τῶν
538 3757 707 3826 ἁγίων
742 3760 1107 3824 ἀναστάσεως,
1142 3760 1299 3829 μόνος
1341 3760 1449 3829 ἀρα
1486 3761 1606 3813 τότε
1647 3761 1973 3832 ἀπολειφθήσ-

402 3857 557 3901 σεται
604 3850 1019 3922 παυθησομένης
1060 3850 1221 3903 αὐτοῦ
1273 3854 1371 3922 τῆς
1415 3850 1705 3919 βασιλείας,
1742 3852 1834 3909 καὶ
1873 3850 1973 3920 τῆς

406 3944 669 4006 ζωοποιοῦ
701 3946 896 4016 σαρκὸς
934 3946 1138 4016 ἐρήμου
1165 3945 1257 3998 καὶ
1300 3944 1495 4011 ἀλόγου
1542 3944 1972 4015 καταλειφθησο-

413 4034 599 4112 μένης.
634 4035 707 4098 ὼς
740 4036 873 4106 μήτε
900 4035 1270 4106 προϋπάρχειν
1304 4034 1463 4087 αὐτὸν
1492 4033 1618 4087 Υἱὸν
1643 4034 1775 4086 Θεοῦ
1825 4035 1971 4100 ὄντα,

410 4130 546 4201 μήτε
579 4130 815 4201 διαρκεῖν
846 4132 921 4194 είς
953 4131 1199 4202 ἄπειρον,
1226 4128 1368 4184 κατά
1409 4131 1505 4202 τὴν
1534 4130 1627 4184 τοῦ
1660 4132 1974 4203 Μαρκέλλου

406 4223 771 4281 διδασκαλίαν.
805 4224 1043 4287 Εἰκότως
1070 4223 1176 4294 ἄρα
1212 4222 1386 4278 ταῦτα
1418 4221 1637 4291 βασιλέα
1664 4224 1739 4293 (l)
1778 4224 1868 4277 τὸν
1902 4224 1976 4289 ὡς

409 4315 623 4386 ἀληθῶς
673 4316 888 4386 θεοφιλῆ
944 4316 1039 4369 κα)⁸
1078 4314 1471 4386 τρισμακάριον
1492 4314 1631 4367 κατὰ
1664 4314 1757 4368 τοῦ
1790 4316 1977 4387 ἀνδρὸς

410 4407 598 4467 ἐκίνει,
632 4407 803 4461 καίτοι
838 4406 1000 4478 μυρία
1024 4405 1469 4470 κολακεύσαντος,
1509 4408 1602 4460 καλ⁵
1624 4406 1791 4460 πολλά
1827 4407 1979 4477 βασι-

2065 3214 2206 3282 quod
2256 3228 2376 3267 cum
2408 3214 2516 3268 Deo
2550 3213 2759 3267 unitum
2812 3213 3083 3276 manebat,
3122 3213 3456 3264 movebatur.
3515 3209 3626 3261 Imo

2065 3320 2193 3359 vero
2224 3305 2510 3365 Marcellus
2544 3320 2648 3359 non
2682 3306 2917 3358 admittit
2960 3304 3051 3358 Dei
3086 3302 3305 3368 Filium,
3338 3304 3404 3357 ad
3442 3318 3625 3371 atqua-

2067 3398 2157 3463 les,
2180 3398 2456 3467 portiones
2482 3412 2601 3450 cum
2656 3397 2914 3465 propheta
2969 3396 3177 3464 quovis.
3220 3397 3628 3463 Consequenter

2068 3490 2207 3543 enim
2241 3488 2316 3542 illi
2350 3489 2513 3542 vitam
2541 3497 2824 3549 aeternam,
2869 3486 3261 3547 immortalem,
3307 3496 3361 3539 et
3392 3486 3629 3539 indetcr—

2070 3582 2377 3637 ntiuabilem
2402 3622 2417 3647 ,
2461 3596 2556 3651 per
2591 3579 2782 3633 stecula
2825 3593 3014 3647 nempe
3044 3579 3226 3633 omnia
3281 3578 3333 3629 in
3366 3577 3630 3646 promisso

2072 3675 2162 3729 illo
2207 3688 2371 3743 regno
2428 3672 2690 3727 cmlornm
2747 3671 2994 3735 victuri,
3045 3669 3301 3723 fruitione
3337 3666 3631 3736 gaudentes

2072 3766 2333 3819 honorum
2352 3802 2372 3826 ,
2410 3780 2528 3835 qua:
2556 3779 2651 3818 nec
2676 3764 2867 3818 oculus
2904 3762 3068 3825 vidit,
3100 3775 3201 3815 nec
3231 3760 3377 3814 auris
3405 3757 3629 3822 audivit,

2074 3874 2171 3913 nec
2202 3858 2442 3912 ascendit
2479 3858 2530 3911 in
2564 3872 2659 3909 cor
2692 3854 2946 3910 hominis.
2996 3853 3248 3908 Christus
3288 3860 3465 3905 autem
3496 3849 3631 3913 Dei,

2073 3949 2376 4003 communis
2413 3949 2651 4002 omnium
2690 3947 2969 4011 Servator,
3008 3955 3338 4000 mortuorum
3369 3942 3636 4012 primoge-

2076 4041 2221 4094 nitus
2248 4081 2261 4103 ,
2313 4055 2434 4109 spes
2469 4040 2882 4094 resurrectionis
2920 4048 3229 4093 sanctorum
3256 4078 3274 4104 ,
3322 4036 3471 4090 solus
3507 4043 3636 4087 tunc

2077 4131 2499 4201 dere‘liuquetur,
2519 4130 2699 4184 ablato
2727 4130 2827 4183 sibi
2858 4144 3042 4198 regno,
3075 4143 3240 4182 carne
3272 4125 3511 4189 vivillca,
3544 4140 3641 4176 nuo

2077 4222 2140 4275 da
2176 4234 2229 4276 et
2253 4222 2553 4276 irrationali
2583 4221 2836 4275 derelicta
2871 4239 2884 4273 :
2916 4229 2975 4274 ut
3008 4221 3120 4289 qui,
3149 4238 3167 4271 ι
3207 4234 3309 4273 non
3339 4226 3457 4272 erat
3491 4215 3650 4286 prius.

2078 4330 2235 4382 quam
2286 4322 2526 4369 exstaret
2572 4312 2775 4376 homo,
2831 4312 3002 4367 Filius
3058 4312 3190 4375 Dei;
3250 4330 3269 4362 ι
3320 4324 3493 4378 neque
3542 4322 3643 4375 per

2080 4405 2435 4459 aeternitatem
2469 4406 2833 4471 perseverabit
2876 4419 2993 4458 esse
3018 4444 3035 4468 ,
3081 4404 3231 4473 juxta
3281 4400 3515 4459 Marcelli
3544 4400 3641 4452 do-

409 4498 546 4563 λέως
593 4499 839 4569 ἐγκώμια
892 4497 1055 4552 αὑτοῦ
1106 4500 1162 4551 ἐν
1221 4498 1610 4571 συγγράμματι
1659 4498 1953 4562 διελθόντος

2079 4497 2331 4550 ctrinam.
2359 4496 2622 4560 Quocirca
2656 4512 2759 4549 non
2793 4496 3312 4549 immeritohaectam
3343 4489 3638 4553 horrenda,

409 4590 597 4644 Ταῦτα
635 4590 692 4643 δέ
721 4592 815 4644 καὶ
847 4590 943 4661 τὴν
979 4591 1139 4657 ἁγίαν
1191 4589 1439 4655 σύνοδον,
1486 4592 1544 4642 ὲν
1596 4593 1661 4662 τῇ
1726 4590 1972 4662 βασιλικῇ

413 4682 769 4736 συνελθοῦσαν
825 4682 976 4744 πόλει
1006 4681 1064 4746 ἐξ
1114 4682 1388 4753 ἐπαρχιῶν
1442 4681 1743 4751 διαφόρων,
1780 4683 1977 4735 Πόντου

413 4776 506 4827 καλ¹
538 4775 946 4837 Καππαδοκίας,
995 4774 1176 4836 Ἀσίας
1210 4790 1268 4825 τε
1303 4774 1394 4825 καὶ
1414 4774 1669 4843 Φρυγίας,
1706 4775 1797 4825 καὶ⁸
1822 4772 1987 4827 Breu—

416 4867 553 4931 νίας,
591 4867 809 4938 Θρᾴκης
840 4882 903 4927 τε,
941 4866 1033 4918 καὶ
1063 4865 1171 4917 τῶν
1216 4864 1471 4927 ἐπέκεινα
1530 4864 1752 4935 μερῶν,,
1805 4865 1986 4935 στηλι-

495 5052 553 5109 v3
584 5044 681 5099 Ed.
709 5042 879 5125 Paris.
910 5057 1032 5113 pag.
1062 5040 1149 5096 55.
1227 5041 1277 5072 ⁸ο
1302 5040 1424 5098 Ose.
1466 5057 1507 5108 ι,

494 5227 602 5297 (97)
648 5226 787 5297 Ἑνῇ
816 5223 1350 5297 ἀνείληφαἘιιρίίίε
1374 5220 1663 5297 restitutio,
1846 5221 1988 5297 ἀνεί-

420 5277 870 5372 ληφεᾏΙΜὲ-ᾒθῖή
1080 5277 1257 5367 σάρκα
1290 5294 1405 5372 loco
1437 5290 1599 5372 capiti
1619 5277 1671 5372 ej
1695 5277 1817 5343 ἀλλ’Ἰ
1836 5286 1987 5345 εἶπεν

421 5360 487 5424 ρι’
502 5360 624 5423 mox
654 5371 701 5422 εἰ
729 5368 785 5421 δὲ
810 5360 1082 5431 ταῦταλ,
1113 5360 1274 5434 porro
1296 5360 1817 5434 ἐνέργεια-ἐφθακεν,
1838 5377 1984 5416 corr.

421 5440 655 5510 ἔφθασεν
681 5448 735 5491 et
764 5431 1166 5510 ἐστερεώθησαν
1181 5435 1289 5510 ’καὶ
1316 5431 1569 5510 διἀὑτορ
1600 5431 1774 5510 πάντα
1796 5435 1878 5499 ὲγ.

498 5510 611 5581 (98)
638 5499 1137 5581 Οὐκοῦν-ἐνεργεῖ.
1180 5506 1342 5581 Lege,
1380 5504 1479 5555 οὐκ
1511 5499 1730 5581 οὖν,.ὅτι
1759 5504 1985 5571 ἐνεργεῖ.

424 5582 492 5637 Et
508 5573 725 5643 statim,
757 5573 1072 5648 ἀγαθῶν’τέ
1101 5574 1493 5648 ἀπολαύσονται
1525 5574 1596 5648 (c.
1619 5573 1651 5623 Ι.
1676 5573 1752 5648 5):

500 5649 612 5721 (99)
634 5641 1045 5721 νηίδα-ἐγένετο
1058 5659 1109 5701 et
1125 5648 1343 5721 ἐνήργει
1375 5645 1403 5696 6
1430 5643 1588 5707 αὐτὸς
1604 5651 1656 5697 et
1672 5644 1718 5693 εί
1733 5641 1808 5707 δέ,
1826 5654 1984 5709 porro

424 5717 602 5793 ἤκουε
623 5729 679 5774 et
704 5717 838 5793 Θεοῦ
861 5720 889 5771 6
917 5717 1090 5793 κοινὸς
1116 5719 1214 5793 ἀπ..
1242 5719 1307 5769 Σ.

504 5788 888 5859 (1)Βασιλέα.
921 5779 1333 5847 Constantinum
1365 5782 1611 5853 intelligit
1641 5781 1749 5852 jam
1787 5779 1979 5835 deluu-

1553 5043 1611 5105 i.‘
1700 5043 1742 5073 δ’
1778 5042 1944 5105 153.1,
1979 5046 2029 5103 1.

2080 4604 2258 4658 regem
2293 4589 2438 4642 illum
2475 4603 2599 4643 vere
2630 4589 2956 4659 religiosum,
2979 4597 3034 4640 et
3061 4596 3140 4639 ter
3159 4589 3367 4639 beatum
3383 4584 3640 4636 adversus

2083 4681 2400 4748 scriptorem
2436 4680 2808 4743 concitarunt,
2845 4680 2969 4732 licet
3000 4679 3073 4732 illi
3114 4678 3166 4731 in
3203 4677 3406 4744 scripto
3438 4689 3535 4728 suo
3561 4671 3643 4725 in-

2082 4772 2247 4825 ﬁnitis
2278 4772 2449 4827 modis
2475 4774 2902 4837 adblaudiretur,
2929 4779 2983 4825 et
3023 4770 3202 4824 multis
3231 4784 3351 4824 eum
3384 4764 3642 4821 encoutiis

2083 4865 2415 4920 honestaret.
2470 4864 2596 4920 llam
2630 4865 2682 4920 in
2726 4865 2875 4919 illum
2921 4869 3325 4925 commoverunt
3358 4873 3651 4913 sacrosatt.~

2107 5046 2149 5076 "
2176 5045 2287 5101 Jer.
2315 5063 2353 5113 ι,
2376 5044 2448 5112 ‘2;
2482 5061 2608 5113 xxv,
2635 5046 2690 5104 1,,

2085 5233 2254 5287 ctum,
2283 5226 2367 5280 cui
2401 5225 2663 5294 scriptum
2697 5224 2826 5278 illud
2856 5239 3011 5279 suum
3044 5221 3331 5277 Marcellus
3360 5220 3638 5277 offerebat.

2088 5295 2135 5349 Is
2162 5295 2488 5353 Marcellum,
2535 5295 2599 5347 ab
2642 5295 2957 5347 Eusebiauis
2994 5296 3302 5362 episcopatu
3332 5300 3557 5355 motum,
3586 5294 3639 5347 in

2085 5365 2201 5433 ejus
2229 5364 2398 5419 locqu
2419 5364 2615 5417 Basilio
2636 5364 2864 5430 quodam
2884 5365 3193 5433 subregato.
3211 5362 3370 5433 jussit
3394 5363 3643 5417 exsulare

2086 5430 2139 5488 in
2181 5436 2409 5489 concilio
2458 5430 3076 5497 Constantinopolitano,
3114 5430 3256 5485 anno
3301 5430 3639 5486 Constantini

2086 5505 2295 5570 ultimo,
2328 5504 2527 5558 Christi
2564 5502 2688 5565 556,
2743 5502 3037 5565 celebrato,
3077 5502 3228 5570 cujus
3276 5502 3361 5556 hic
3402 5503 3645 5556 meminit

2086 5575 2364 5629 Eusebius.
2397 5574 2449 5626 In
2473 5587 2579 5639 quo
2615 5572 2877 5626 Eusebius
2909 5573 3329 5627 illeAriauorum
3368 5582 3655 5639 protospa-.

2089 5646 2257 5699 tarius
2278 5686 2291 5701 .
2331 5644 2457 5697 olim
2492 5642 2934 5714 Nicomediensis,
2968 5643 3311 5714 praesidebat.
3338 5642 3407 5695 M.
3427 5671 3494 5682 —
3525 5642 3653 5698 Mox

2084 5714 2243 5785 vulgo
2272 5715 2469 5767 Πόντου
2495 5730 2551 5765 τε
2579 5712 2691 5769 καί.
