4086 6202
460 329 567 391 825

1127 323 1394 380 EUSEBII
1433 319 1912 377 CESABIENSIS
1948 319 2098 376 OPP.
2136 319 2319 375 PARS
2357 318 2445 372 IV.
2470 350 2539 360 ——
2574 317 2988 376 DOGM.\TICA.

3594 315 3697 372 8ξᾶ

460 453 604 497 ctam
644 442 789 498 illam
821 441 1109 513 synodum,
1139 453 1257 506 qua:
1289 438 1352 491 de
1379 434 1606 490 diversis
1637 435 1770 490 adeo
1802 435 2018 504 provin-

2127 434 2302 487 τεύειν
2343 433 2431 487 τὸν
2475 434 2660 505 ἄνδρα,
2709 434 2796 488 διὰ
2837 435 2947 506 τῆςι
2965 439 3084 490 κατ’
3118 433 3281 489 αὐτοῦ
3325 431 3564 504 Γραφῆς,
3607 427 3707 487 καὶ

461 531 581 600 ciis,
623 531 794 589 Ponto
819 572 834 596 ,
863 528 1198 599 Cappadocia
1219 570 1234 594 ,
1263 527 1389 582 Asia
1409 568 1423 590 ,
1462 526 1727 597 Phrygia,
1755 527 2024 598 Bithynia,

460 623 712 690 Thracia,
739 634 790 680 et
814 622 1161 678 ulterioribus
1189 621 1500 692 regionibus
1532 623 1582 674 in
1613 620 1812 691 regiam
1838 614 2024 673 urbem

459 726 783 771 convenerat
833 734 847 770 :
896 725 950 768 et
992 725 1050 769 nt
1096 715 1301 784 scripto
1352 715 1404 766 in
1458 714 1604 767 iHum
1645 714 2026 767 inveherentur

458 805 646 860 Patres
672 806 753 858 vel
787 805 983 861 invitos
1008 813 1323 874 coegerunt.
1356 803 1480 859 Ha‘c
1507 813 1560 859 et
1593 821 1692 860 nos
1733 806 1876 872 ipsos
1902 821 2026 872 pro-

472 906 758 951 traxerunt
789 897 854 950 ad
899 898 1036 951 hanc
1063 913 1182 967 qua:
1231 912 1338 966 prm
1390 897 1641 950 manibus
1689 908 1769 950 est
1816 897 2023 963 disqui~

457 990 711 1044 sitionem
749 1027 764 1053 ,
822 999 882 1044 ut
942 989 1182 1056 vestigiis
1257 988 1400 1043 illius
1455 988 1642 1057 synodi
1713 987 2023 1042 insistentes

456 1080 764 1156 sanctiones
791 1088 1086 1142 tueremur,
1125 1087 1179 1134 et
1206 1078 1600 1133 comtniniStris
1638 1079 1839 1132 nostris
1863 1077 2022 1132 satis-

455 1171 775 1234 faceremus,
811 1173 898 1239 qui
952 1173 1064 1227 haec
1130 1182 1186 1227 ut
1227 1170 1642 1239 aggrederentur
1676 1170 1830 1223 nobis
1860 1171 2020 1223 dede-

458 1272 583 1316 runt
606 1263 656 1316 iu
684 1269 741 1326 >14
777 1263 1064 1317 mandatis.
1114 1262 1364 1332 inprimis
1411 1271 1614 1324 autem,
1646 1262 1900 1321 arbitror.
1933 1275 2023 1312 ne-

394 1407 396 1409 .
454 1353 694 1407 cessario
718 1354 847 1408 mihi
880 1355 981 1408 hoc
1007 1353 1308 1407 faciendum
1333 1351 1528 1414 fuerat,
1557 1361 1776 1420 propter
1805 1365 1899 1404 eos
1925 1350 2018 1418 qui

454 1444 769 1498 existimant
797 1445 942 1499 hunc
969 1445 1161 1512 injuria
1192 1445 1349 1501 allici.
1387 1444 1548 1498 Decet
1571 1443 1714 1496 enim
1748 1442 1886 1496 hanc
1911 1440 2020 1494 ira-

457 1544 598 1592 trum
627 1547 936 1592 nostrorum
966 1537 1324 1606 suspicionem
1355 1536 1596 1589 eximere
1624 1549 1688 1588 ex
1713 1534 1932 1599 animis,
1963 1542 2018 1588 et

453 1627 766 1697 aliquandiu
804 1627 1052 1683 latentem
1094 1639 1146 1682 ct
1182 1642 1276 1697 per
1311 1625 1531 1680 latibula
1566 1625 1889 1680 occultatam
1940 1625 2019 1694 ip-

453 1719 565 1773 sius
609 1719 661 1789 in
703 1718 897 1772 Filium
933 1717 1022 1772 Dei
1057 1719 1386 1786 impietatem
1414 1760 1429 1785 ,
1469 1718 1520 1771 in
1569 1727 1808 1787 apertam
1840 1716 2015 1772 lucem

2137 528 2209 600 μὴ
2249 527 2525 589 Θέλουσαν,
2570 527 2895 602 ἐξεϐιάζετο.
2945 529 3128 584 Ταῦτα
3163 529 3256 582 καὶ
3298 529 3446 598 ἡμᾶς
3485 525 3582 595 (2),
3610 523 3709 578 ἐπὶ

2131 621 2230 690 τὴν
2260 619 2400 689 μετὰ
2435 623 2590 690 χεῖρα
2639 620 2881 684 ἐξέτασιν
2934 622 3212 694 προελθεῖν
3264 619 3702 690 κατηνάγκασεν,

2131 711 2263 780 ὁμοῦ
2292 711 2346 764 δὲ
2386 714 2497 774 τοῖς
2521 711 2729 776 δόξασιν
2757 715 2821 783 τῇ
2853 713 2983 784 ἁγίᾳ⁴
3012 713 3213 783 συνόδῳ
3243 710 3705 781 παρισταμένους,

2130 803 2276 871 ὁμοῖν
2321 803 2414 854 καὶ
2482 804 2590 864 τοῖς
2656 802 3080 873 συλλειτουργοῖς
3149 802 3478 875 προστάξασι
3545 798 3707 853 τοῦτο

2131 894 2333 963 πρᾶξαι
2403 895 2464 946 τὸ
2527 895 2706 948 ἰκανὸν
2765 894 3137 964 ποιουμένους.
3195 893 3442 947 Μάλιστα
3487 891 3545 944 δέ
3611 907 3707 960 μοι

2129 986 2420 1053 ἀναγκαῖον
2474 985 2712 1055 ἡγοῦμαι
2769 984 3123 1062 γεγεννῆσθαι
3184 984 3244 1037 τὸ
3315 983 3548 1054 γράμμα
3610 979 3706 1044 διὰ

2128 1079 2252 1140 τοὺς
2281 1075 2566 1146 ἠδικῆσθαι
2595 1075 2684 1128 τὸν
2714 1075 2880 1146 ἄνδρα
2905 1073 3407 1145 νενομικότας.Χρὴ
3424 1072 3530 1142 γὰρ
3561 1072 3704 1124 ἀπο-

2130 1168 2464 1239 θεραπεύσαι
2503 1169 2603 1237 τὴν
2645 1175 2753 1220 τῶν
2802 1167 3083 1237 ἡμετέρων
3128 1164 3371 1233 ἀδελφῶν
3422 1164 3700 1225 ὑπόνοιαν,

2127 1260 2213 1314 διὰ
2247 1261 2340 1314 τοῦ
2379 1261 2616 1331 φανερὰν
2655 1260 2989 1329 καταστῆσαι
3011 1260 3109 1329 τὴν
3147 1261 3373 1329 μακροῖς
3427 1255 3524 1326 μὲν
3573 1254 3705 1325 χρό-

2127 1371 2235 1416 νοις
2265 1353 2688 1424 ἐμφωλεύσαμεν
2713 1352 2859 1422 αὐτῷ
2880 1354 2960 1414 είς
3002 1351 3090 1403 τὸν
3122 1351 3249 1403 Υίὸν
3281 1347 3374 1402 τοῦ
3395 1346 3530 1401 Θεοῦ
3569 1349 3704 1400 ἁπι-

2129 1446 2301 1511 στίαν,
2336 1447 2450 1500 νυνὶ
2484 1446 2539 1498 δὲ
2576 1446 2938 1517 ὲληλεγμένην
2980 1445 3054 1515 (5)
3087 1443 3174 1496 διὰ
3206 1446 3304 1512 τῆς
3361 1439 3521 1494 αὑτοῦ
3559 1455 3702 1507 γρα-

2126 1537 2232 1605 φῆς
2251 1553 2263 1565 ·
2296 1537 2383 1607 ἢν,
2419 1537 2651 1607 ’μηδενὸς
2684 1537 2992 1602 καλοῦντος,
3023 1535 3318 1603 αὐτόμολος
3349 1533 3531 1604 φέρων
3562 1547 3706 1604 παρρ

2123 1630 2212 1701 ἦν,
2256 1631 2463 1701 βασιλεί
2508 1649 2567 1684 τε
2612 1634 2704 1684 ἐπὶ
2739 1635 2896 1704 χεῖρα
2923 1631 3064 1694 δοὺς,
3112 1629 3262 1698 ἠξίου
3295 1626 3583 1696 διαγνῶναι
3630 1623 3701 1678 τὰ

2125 1723 2582 1795 ἐγγεγραμμέναο
2635 1723 2777 1793 τάχα
2827 1741 2928 1777 που
2966 1722 3192 1785 ἐλπίσας
3237 1720 3344 1773 τῶν
3405 1720 3485 1779 είς
3536 1717 3698 1771 αὑτὸν

453 1810 813 1879 protrahere,
860 1825 1023 1879 quam
1069 1809 1287 1878 scriptis
1331 1811 1384 1862 in
1435 1812 1682 1878 praesenti
1726 1809 2018 1864 convictam

2131 1817 2420 1886 ἐγκωμίων
2464 1816 2620 1887 χάριν
2675 1816 2834 1880 αὐτὸς
2896 1817 2995 1886 μὲν
3035 1818 3213 1885 τυχεῖν
3253 1811 3550 1885 προνομίας
3601 1809 3702 1881 τῆς

453 1909 700 1956 tenemus
725 1901 895 1971 ipsius
930 1917 1047 1970 quae
1074 1916 1167 1956 sua
1199 1910 1411 1970 sponte,
1448 1902 1594 1957 nullo
1626 1902 1884 1956 incitante
1928 1917 2018 1957 re-

454 2011 575 2064 gem
621 1996 811 2050 adiens
861 1996 914 2050 in
963 2012 1154 2051 manus
1196 1997 1578 2065 praesentabat,
1613 1996 1914 2052 obtestatus
1961 2005 2022 2050 ut

455 2086 773 2156 perlegeret.
805 2087 1071 2154 Sperabat
1105 2089 1250 2141 enim
1304 2087 1485 2142 forsan
1536 2097 1758 2156 propter
1792 2089 2023 2154 imperae

458 2177 594 2236 toris
627 2177 860 2237 insertas
884 2176 1108 2243 laudes,
1148 2175 1262 2231 fore
1293 2186 1351 2238 ut
1393 2179 1615 2231 tutelam
1651 2187 1704 2232 et
1733 2177 2022 2245 protectio-

454 2283 578 2324 nem
611 2269 779 2339 ipsius
807 2281 1260 2340 consequeretur,
1291 2272 1527 2340 episcopi
1563 2286 1692 2325 vero
1722 2286 1858 2339 quos
1892 2285 2022 2324 con-

454 2359 610 2415 viciis
641 2359 919 2428 proscidit,
966 2360 1244 2430 suppliciis
1276 2361 1638 2414 traderentur.
1676 2360 1780 2414 Sed
1822 2376 2022 2428 nequa-

453 2465 615 2524 quam
646 2465 732 2505 t'es
757 2453 1019 2508 successit
1062 2467 1128 2506 ex
1161 2453 1324 2506 animi
1371 2454 1660 2506 sententia.
1714 2453 1852 2505 Dens
1904 2458 2023 2505 erat.

452 2541 596 2600 enim
629 2543 847 2598 istorum
873 2543 1040 2612 judex
1067 2585 1083 2609 ,
1112 2553 1165 2598 et
1208 2545 1322 2612 ipse
1350 2544 1506 2599 Jesus
1539 2543 1792 2600 Christus
1820 2560 1847 2597 a
1881 2544 2021 2597 scri-

452 2644 610 2703 ptore
649 2635 944 2704 despicatui
985 2637 1225 2692 habitus.
1262 2637 1363 2702 Qui
1409 2653 1528 2690 cum
1579 2638 1757 2691 cordis
1789 2639 2017 2691 abscon-

453 2727 562 2780 dita
599 2728 847 2793 rimetur,
898 2729 1071 2796 ipsum
1124 2731 1204 2784 sui
1255 2741 1627 2787 accusatorem
1670 2730 1784 2784 ﬁeri
1812 2770 1828 2794 ,
1873 2730 2017 2785 nullo

454 2819 766 2891 impellente
791 2863 805 2886 ,
838 2821 1122 2892 disposuit.
1171 2822 1324 2878 Unde
1351 2839 1472 2877 cum
1521 2823 1694 2876 adiret
1727 2823 2018 2893 imperato-

454 2927 568 2970 rem
596 2913 798 2982 scripto
839 2929 940 2968 suo
975 2899 1377 2983 gloriabundus,
1408 2913 1500 2966 ille
1527 2914 1734 2983 synodo
1765 2911 2018 2966 transmi—

452 3004 525 3062 sit
580 3005 944 3075 cognitionem
1009 3005 1225 3074 scriptis
1283 3013 1686 3060 contentorutn.
1746 3003 2018 3072 Scriptum

2127 1909 2255 1978 παρ’
2281 1907 2428 1977 αὑτῷ
2454 1908 2532 1977 τῷ
2565 1909 2793 1978 βασιλεῖ,
2834 1910 2958 1971 τοὺς
2986 1909 3030 1960 δ’
3067 1908 3156 1960 ὑπ’
3188 1903 3351 1958 αὐτοῦ
3383 1917 3702 1972 κακηγορη-

2127 1996 2315 2060 θέντας
2367 1998 2694 2060 ἐπισκόπους
2746 1997 3112 2067 ὑποϐληθῆναι
3151 1995 3409 2066 τιμωρίᾳ.
3472 1991 3545 2046 Οὐ
3590 1992 3707 2062 μὴν.

2126 2089 2245 2142 κατ’
2295 2087 2511 2151 ἐλπίδας
2571 2089 2720 2160 αὐτῷ
2781 2089 2850 2142 τὰ
2905 2089 3001 2159 τῆς
3069 2088 3345 2149 ἐκϐάσεως
3405 2084 3700 2156 προχωρεῖ.¹

2126 2180 2258 2244 Θεὸς
2307 2180 2413 2250 γὰρ
2444 2177 2510 2251 ἦν
2561 2184 2589 2234 ὁ
2620 2181 2823 2234 τούτων
2856 2182 3066 2252 κριτὴς,
3112 2179 3207 2233 καὶ
3250 2178 3413 2241 αὐτὸς
3467 2174 3703 2247 Χριστὸς

2135 2269 2360 2341 Ἰησοῦς,
2391 2271 2419 2322 ὁ
2453 2271 2588 2342 πρὸς
2615 2271 2706 2324 τοῦ
2744 2260 3108 2342 συγγραφέως
3147 2269 3524 2339 ἁθετούμενος,
3549 2266 3608 2331 ὃς
3633 2266 3700 2338 δὴ

2121 2361 2191 2414 τὰ
2223 2363 2426 2432 κρύφια
2457 2363 2548 2415 τοῦ
2583 2363 2772 2434 ἀνδρὸς
2810 2362 3070 2434 συνορῶν,
3121 2362 3280 2414 αὐτὸν
3337 2359 3501 2414 αὑτοῦ
3569 2376 3697 2412 κατα

2121 2455 2317 2525 ήγορον
2349 2455 2462 2524 ἅμα
2490 2456 2582 2507 καὶ
2610 2455 2848 2526 ἔλεγχον,
2905 2454 3128 2525 μηδενὸς
3162 2452 3593 2514 συνελαύνοντος,
3624 2450 3704 2518 1i—

2123 2545 2346 2612 γνεσοαι
2391 2546 2819 2616 παρεσκεύαζεν.
2882 2546 3040 2599 Ὅθεν
3075 2548 3102 2598 ό
3159 2546 3257 2616 μὲν
3311 2544 3402 2597 ἐπὶ
3445 2542 3523 2613 τῷ
3572 2558 3708 2610 συγμ

2122 2637 2406 2705 γράμματι
2435 2636 2902 2706 καλλωπιζόμενος
2938 2637 3143 2707 βασιλεῖ
3193 2637 3460 2708 προσῄει,
3489 2638 3518 2689 ὁ
3543 2635 3597 2688 δὲ
3630 2637 3699 2706 τῇ

2125 2729 2324 2799 συνόδῳ
2367 2729 2646 2800 παρεδίδου
2675 2731 2772 2800 τὴν
2796 2730 3062 2800 διάκρισιν
3081 2730 3188 2783 τῶν
3213 2729 3697 2800 ἐγγεγραμμένων.

2135 2821 2195 2873 Ἦ
2221 2820 2263 2872 δ’
2283 2820 2413 2888 ἁγία
2440 2820 2532 2873 τοῦ
2556 2820 2690 2874 Θεοῦ
2720 2821 2932 2884 σύνοδος
2963 2820 3330 2895 ἀπεδοκίμαζε
3348 2821 3410 2872 τὸ
3442 2820 3697 2890 γράμμα.

2123 2912 2359 2976 Εἰκότως
2385 2914 2466 2966 ὅτι
2497 2915 2632 2984 μήτε
2656 2915 2828 2985 ἀρχὴν
2867 2915 3003 2985 μήτε
3056 2913 3207 2977 τέλος
3244 2912 3466 2976 εὐσεϐὲς
3517 2912 3708 2984 ὁμολοη

2126 3005 2213 3073 γεί
2242 3003 2336 3056 τοῦ
2363 3003 2490 3060 Υἱοῦ
2530 3003 2624 3056 τοῦ
2648 3004 2804 3071 Θεοῦ,

452 3112 616 3168 porro
648 3099 886 3169 synodus
927 3097 1322 3158 condemnavit.
1364 3097 1480 3156 Nec
1529 3097 1722 3166 injuria
1757 3115 1769 3150 :
1799 3112 1922 3157 cum
1959 3098 2025 3152 de
2057 3098 2324 3168 principio
2353 3109 2406 3152 et
2470 3099 2574 3153 ﬁne
2615 3100 2735 3153 Filii
2800 3099 2919 3168 Dei,
2960 3109 3150 3158 contra
3186 3115 3408 3157 omnem
3437 3100 3715 3174 determi-z

452 3203 546 3254 net
570 3195 845 3264 pietatem.

461 3362 520 3422 Β
581 3353 1034 3410 REVERENDO
1088 3355 1457 3412 ADMODUM
1529 3354 1622 3410 ET
1703 3355 2016 3410 DILEC'I'O

524 3424 1045 3480 COMMINISTRO
1084 3425 1477 3493 FLACILLO,
1513 3424 1879 3481 susemus
1929 3426 2017 3480 ΙΝ

523 3494 828 3552 ΒΟΜΙΝΟ
869 3489 1206 3552 SALUTEM
1251 3498 1318 3552 ο.

526 3587 743 3644 Minime
773 3589 1012 3658 profecto
1043 3592 1344 3647 mirandum
1375 3599 1480 3657 est,
1519 3589 1561 3643 si
1598 3589 1782 3658 paucis
1811 3597 1863 3642 et
1891 3589 2018 3643 bre-

458 3682 598 3736 viter
634 3695 696 3735 ea
730 3681 998 3736 reiutasse
1030 3692 1314 3738 contentus
1348 3682 1564 3747 fuerim,
1608 3695 1729 3748 qua:
1749 3680 2018 3735 verbosis-

453 3775 592 3830 sima
629 3773 879 3832 Marcello
918 3785 1085 3839 sunt,
1127 3784 1181 3828 et
1211 3771 1525 3844 garrulitate
1564 3787 1773 3824 summa
1805 3771 2019 3838 scriptis

453 3865 865 3932 comprehensa.
897 3864 1084 3930 Neque
1111 3867 1256 3919 enim
1295 3865 1479 3919 multis
1524 3863 1829 3917 necessario
1865 3861 2021 3915 refel-

455 3955 612 4011 lenda
645 3954 894 4020 fuerant,
925 3971 1044 4025 quae
1097 3973 1126 4010 a
1169 3957 1364 4026 Seipsis
1411 3955 1672 4023 rejectitia
1731 3953 2020 4023 unicuique

455 4048 536 4104 vel
571 4048 730 4103 obvio
759 4049 1088 4104 viderentur.
1121 4049 1478 4115 Quamobrem
1521 4047 1808 4102 suffectura
1838 4046 2017 4100 omni-

454 4153 524 4193 no
558 4148 725 4204 ratus,
749 4155 864 4207 qua:
892 4139 1097 4194 suntab
1119 4139 1333 4192 homine
1367 4138 1628 4206 profecta,
1668 4138 1718 4190 in
1748 4137 2018 4205 prioribus

455 4231 661 4286 duobus
711 4231 864 4286 libris
889 4273 903 4297 ,
944 4232 1192 4287 retulisse
1231 4232 1603 4286 tantummodo
1637 4229 2016 4298 contradispth

455 4323 600 4376 tandi
629 4324 812 4379 labore
845 4324 989 4377 omni
1039 4323 1477 4392 supersedebam,
1528 4330 1582 4374 et
1615 4321 1783 4389 ipsius
1813 4320 2016 4373 solum-

456 4415 615 4472 modo
638 4417 801 4475 verba
835 4419 901 4470 ad
937 4416 1109 4486 ipsum
1152 4415 1502 4470 refellendum
1541 4415 1929 4482 produceham.
1963 4413 2018 4466 ln

527 4575 587 4634 ᾖ(
617 4568 716 4622 Ed.
748 4567 916 4621 Paris.
956 4583 1076 4637 pag.
1101 4566 1192 4620 56.
1290 4572 1346 4630 >I<
1374 4564 1470 4629 Ed.
1503 4564 1671 4618 Paris.
1703 4581 1819 4636 pag.
1861 4564 1944 4625 57.

2045 3366 2086 3423 ο
2127 3358 2208 3425 Τῼ
2297 3358 2586 3410 nmen
2602 3358 2684 3425 Τῼ
2766 3357 2890 3409 ΚΑΙ
2952 3358 3299 3425 ΑΓΑΠΗΤῼ
3387 3359 3697 3410 zmara-

2174 3412 2507 3497 ‘Torm'o
2565 3412 2946 3495 «M'AKIAAQ
3011 3426 3086 3497 tt)
3166 3412 3529 3479 Efzwzos
3590 3426 3696 3481 EN

2193 3498 2422 3564 ΚΥΡΙῼ
2448 3481 2562 3564 ’(4ο)
2598 3481 2924 3548 χΑιρΕιΝἰ

2193 3589 2254 3640 Εἰ
2290 3588 2426 3658 πρὸς
2464 3589 2561 3658 τὴν
2596 3588 2880 3661 ἀδόλεσχον
2917 3588 2992 3659 (5)
3025 3590 3117 3642 καὶ
3146 3589 3384 3657 πολυεπῆ
3433 3589 3694 3660 Μαρκέλ-

2124 3677 2215 3730 λου
2245 3676 2459 3746 γραφὴν
2487 3677 2556 3729 τὰ
2581 3679 2710 3748 παρ’
2734 3677 2890 3750 ἡμῶν
2937 3679 2994 3730 ὲν
3028 3678 3283 3750 βραχέσιν
3335 3679 3584 3749 ἧρκεσεν,
3631 3680 3692 3732 ού

2124 3769 2228 3839 χρὴ
2255 3768 2570 3839 θαυμάζειν.
2605 3770 2677 3821 UO
2712 3769 2821 3840 γὰρ
2862 3769 2926 3840 δὴ
2961 3770 3165 3822 πολλῶν
3200 3769 3304 3822 ἔδει
3357 3770 3528 3839 λόγων
3565 3771 3702 3844 πρὸς

2127 3861 2456 3932 ἀνατροπὴν,
2492 3860 2600 3913 τῶν
2637 3862 2859 3916 αὐτόθεν
2891 3863 2983 3915 καὶ
3027 3867 3138 3926 τοῖς
3166 3863 3389 3934 τυχοῦσι
3421 3882 3702 3932 κατεγνω-

2129 3953 2358 4021 σμένων.
2397 3953 2486 4005 Διὸ
2510 3953 2572 4023 δὴ
2611 3954 2669 4005 ὲν
2698 3954 2818 4008 δυσὶ
2851 3957 2963 4017 τοῖς
2994 3953 3250 4025 πρώτοις,
3273 3956 3406 4027 μόνῃ
3438 3960 3502 4027 τῇ
3530 3974 3702 4028 παρα-

2127 4042 2271 4098 Θέσει
2296 4045 2401 4096 τῶν
2432 4045 2524 4097 τοῦ
2558 4046 2746 4118 ἀνδρὸς
2779 4047 3034 4118 ῥημάτων
3064 4049 3407 4117 χρησάμενος
3448 4048 3566 4119 δίχα
3596 4049 3702 4102 πά-

2127 4153 2228 4206 σης
2257 4136 2646 4210 ἀντιρρήσεως,
2673 4137 2731 4202 ἐξ
2763 4137 2942 4191 αὐτῶν
2974 4139 3062 4190 τὸν
3098 4142 3218 4192 κατ’
3265 4140 3442 4193 αὐτῶν
3481 4141 3699 4210 ἔλεγχον

2127 4228 2356 4299 φανερὸν
2410 4229 2726 4299 ἐποιούμην.
2779 4229 2914 4281 Νυνί
2956 4229 3011 4282 δὲ
3055 4230 3190 4301 πρὸς
3219 4230 3401 4301 ἐκείνῃ
3433 4233 3498 4300 τῇ
3536 4231 3696 4300 φωρᾷ

2124 4321 2218 4374 καὶ
2248 4322 2344 4390 τὴν
2368 4321 2677 4392 ἀνατροπὴν
2705 4322 2813 4374 τῶν
2845 4321 3022 4374 αὐτῶν
3050 4321 3136 4375 διὰ
3184 4322 3351 4394 τριῶν
3397 4325 3502 4377 τῶν
3558 4323 3699 4395 μετὰ

2125 4416 2310 4484 χεῖρας
2342 4415 2707 4486 προσήγαγον,
2755 4415 2812 4467 '0
2851 4415 2948 4484 μὲν
2982 4413 3110 4487 γὰρ,
3135 4414 3192 4466 ἓν
3225 4433 3278 4468 τι
3303 4416 3582 4487 διωλύγιον

527 4715 602 4788 (2i
640 4714 947 4788 Taﬁmaai
973 4713 1408 4788 1);t&¢._Exponil
1453 4713 1540 4767 hic
1571 4713 1852 4788 Eusebius,
1878 4712 2020 4765 unde
2051 4717 2095 4776 Ι)
2127 4709 2324 4788 ianitor,
2359 4720 2411 4764 et
2447 4710 2512 4763 ab
2561 4711 2781 4788 Arianis
2833 4713 3104 4788 inductus,
3147 4711 3698 4788 Euphronii,_itidem

457 4784 681 4848 factum,
707 4796 758 4836 ιιι
786 4785 850 4836 ad
878 4784 1259 4836 conlnlandum
1285 4786 1446 4837 bocce
1484 4785 1742 4850 scripturn
1770 4798 2011 4835 accesse-

461 4859 550 4917 rit.
582 4855 793 4910 concilii
833 4854 1038 4907 scilicet
1075 4855 1379 4919 imperium.
1426 4863 1482 4906 et
1521 4856 1774 4906 Actorum
1802 4853 2014 4905 concilii

459 4927 824 4981 defensionem
861 4927 990 4978 :sed
1022 4923 1340 4977 factioerat.
1387 4923 1712 4976 Przesidebat
1754 4922 2017 4976 Eusebius

459 4995 1097 5064 Constantinopolitanus.
1150 4994 1332 5048 Ariani
1365 5003 1516 5048 erant
1551 5008 1684 5062 pene
1723 5006 1935 5064 Olllllt'Sr
1964 4993 2014 5046 in

461 5066 551 5120 illo
576 5063 828 5121 concilio,
855 5064 1164 5133 congregati
1201 5082 1213 5114 τ
1274 5074 1478 5117 tantum
1527 5080 1633 5116 non
1681 5063 2016 5116 arianizahat

460 5137 750 5205 imperator
775 5153 789 5189 :
811 5132 1116 5205 Marcellum
1137 5132 1211 5186 illi
1234 5135 1457 5205 oderant
1473 5135 1592 5205 odio
1609 5133 2011 5205 capitalissimo,

460 5203 586 5262 Haec
615 5206 853 5261 nonideo
877 5204 1016 5258 dicta
1047 5214 1188 5263 sunt.
1223 5213 1278 5257 ut
1297 5203 1599 5258 Marcellum
1628 5214 1897 5258 tueanmr.
1918 5203 2008 5254 sed

463 5287 517 5328 ut
541 5278 858 5330 Arianorum
899 5275 1194 5343 operarios,
1235 5285 1287 5326 et
1315 5291 1503 5344 operas
1539 5273 1856 5325 indicemus.
1886 5271 2017 5334 Θεὸς

459 5346 566 5416 γὰρ
613 5345 790 5398 ἔσεται
818 5347 846 5398 ὁ
883 5345 1084 5399 τούτων
1114 5345 1326 5416 κριτής,
1355 5343 1415 5416 ιιι
1464 5343 1640 5416 verbis
1678 5344 2013 5407 Ensebianis,

462 5412 552 5470 seti
579 5431 735 5484 sensu
763 5417 1134 5484 Epipitaniatro
1154 5412 1488 5468 concludant.
1520 5412 1591 5466 Μ.

509 5485 609 5616 ἐξ)
635 5481 817 5556 Vulgo
835 5484 1040 5554 ὲλελιγ.
1075 5498 1130 5540 et
1157 5486 1297 5540 inira
1320 5485 1377 5548 ὃς
1399 5484 1454 5537 δὲ
1473 5501 1524 5538 τ.
1562 5501 1652 5555 κρ.
1681 5492 1735 5536 et
1769 5481 2015 5535 ἀπεδοκι-

578 5571 682 5608 ετο.

578 5571 682 5608 ετο.

509 5571 543 5605 α
578 5571 634 5605 ετ
670 5596 682 5607 .

465 5571 504 5630 μ
536 5571 610 5694 (ιλ)
637 5572 1024 5678 0lnscribnntur
1083 5634 1193 5679 tres
1228 5635 1516 5691 sequentes
1566 5625 1704 5686 libri,
1739 5621 2008 5694 Flaccillo.

463 5693 595 5756 Erat
660 5703 835 5764 autem
902 5695 1180 5762 episcopus
1249 5695 1336 5749 ille
1408 5693 1887 5764 A'ntiuchiaeprﬁg
1944 5695 2011 5746 ad

460 5764 745 5838 Daphnen,
790 5763 1028 5822 Orientis
1075 5765 1445 5838 tnctrnpolita,
1491 5764 1702 5820 Arianae
1747 5763 2012 5821 hwrcscos

2124 4782 2330 4852 Ariani,
2365 4797 2668 4852 successor.
2714 4783 2759 4833 Is
2801 4793 2903 4844 est,
2935 4785 3027 4852 qui
3065 4789 3202 4849 apud
3242 4784 3457 4837 Suzotn.
3487 4781 3578 4835 lib.
3607 4799 3696 4847 ιιι,

2123 4867 2246 4923 cap.
2278 4850 2330 4913 5,
2366 4851 2572 4923 dicitur
2593 4852 2895 4923 Πλάκητος,
2933 4850 3000 4905 ab
3035 4854 3154 4906 aliis
3185 4852 3452 4913 Placidus.
3508 4868 3701 4923 errore

2121 4921 2485 4980 librariorum.
2517 4921 2817 4988 Aliquoties
2853 4925 2994 4976 illius
3043 4925 3290 4977 meminit
3338 4922 3692 4976 Athanasius.

2120 4991 2257 5062 Quid
2282 5007 2409 5044 vero
2447 4992 2705 5044 hactenus
2741 5007 2768 5044 a
2806 5007 2864 5045 se
2900 4995 3195 5062 praestitum
3234 4995 3323 5055 sit,
3365 5003 3421 5047 et
3443 4992 3572 5060 quid
3621 4995 3693 5048 ab

2119 5076 2183 5112 eo
2230 5061 2287 5130 in
2349 5064 2700 5130 sequentibus
2755 5061 2911 5116 libris
2964 5064 3382 5130 exspectandum
3437 5065 3542 5124 sit,
3596 5063 3694 5116 do-

2119 5141 2202 5182 cet
2251 5129 2514 5203 Eusebius
2569 5132 2620 5185 in
2661 5131 2808 5186 illis:
2873 5133 2962 5186 Διὸ
3010 5129 3074 5187 δὲ
3117 5135 3175 5189 ἐν,
3228 5131 3344 5185 δυσὶ
3394 5134 3503 5194 τοῖς
3542 5132 3694 5203 πρώς

2118 5217 2249 5263 τοις,
2283 5213 2388 5252 etc.
2413 5200 2483 5253 Μ.

2188 5269 2542 5344 (όξὶ-Κιιρίιρη
2564 5269 2733 5338 Vulgo
2771 5272 3008 5344 Χριστῷ.

2189 5290 2285 5340 μιν)
2314 5290 2522 5337 ιιυριῳ.
2574 5290 2733 5338 vulgo
2771 5290 2816 5325 Λ
2860 5291 3008 5330 ιστω.

2189 5339 2310 5410 (5)ν
2321 5359 2348 5390 ιι
2359 5343 2424 5408 lg.
2444 5341 2548 5414 Kal
2571 5344 2728 5396 πολὺ
2743 5290 3454 5414 ἑπῖηαρκέλλουζειιηρηι
3469 5341 3685 5414 πολλήν.

2118 5409 2468 5483 Sedoiunino
2517 5413 2797 5476 legendum
2832 5409 3323 5483 εειίπολυεπῆξμ]
3353 5409 3683 5483 docentilla,

2116 5482 2296 5535 statim
2323 5482 2389 5552 ab
2409 5483 2561 5534 initio
2586 5484 2740 5548 primi
2771 5484 2887 5536 libri
2913 5499 2927 5537 :
2949 5484 3036 5536 Διὸ
3063 5483 3156 5536 καὶ
3181 5482 3325 5552 πέρα
3343 5482 3436 5536 τοῦ
3453 5483 3680 5552 δέοντος,

2116 5554 2195 5623 εἰς
2219 5550 2425 5621 μακρὸν
2445 5552 2592 5622 αὐτῷ
2613 5554 2705 5606 καὶ
2720 5552 2952 5623 ἄμετρον
2972 5555 3142 5622 μῆκος
3162 5550 3459 5622 ἐξέπεσενή
3476 5550 3679 5622 γραφὴ,

2115 5622 2199 5694 ὡς
2205 5622 2401 5694 μόνονᾼῖε
2402 5623 2517 5674 πῶν
2531 5623 2693 5691 ἐγγύς
2706 5641 2806 5676 που
2822 5622 3050 5694 μυρίων,
3067 5625 3157 5677 τὸν
3169 5624 3264 5676 ’ἑνα
3276 5624 3430 5692 λόγον
3457 5625 3564 5677 ἀπα
3571 5636 3682 5691 ρτιρ

2119 5691 2330 5766 σθῆναι.
2356 5691 2426 5746 Μ.
2455 5723 2526 5766 -ῖ
2547 5695 2672 5766 Dein
2700 5691 2854 5762 vulgo
2871 5691 2953 5766 διὸ
2975 5693 3030 5746 δέ
3054 5706 3107 5748 et
3135 5695 3294 5766 φορᾷ.

2188 5763 2264 5834 (6)
2284 5764 2398 5820 "Er
2417 5781 2468 5817 τι
2487 5762 2823 5832 διωλύγιον.
2868 5763 2980 5818 Non
3004 5776 3086 5821 est
3115 5762 3342 5834 partitus
3371 5778 3526 5819 suum
3550 5774 3687 5838 opus
