4086 6202
350 380 457 437 829

1293 380 1384 437 DE
1419 380 1958 439 ECCLESIASTICA
1998 380 2392 440 THEOLOGIA
2424 381 2553 438 LIB.
2586 382 2627 439 Ι.

3483 386 3586 443 850

350 520 469 567 σεις
502 502 831 566 εὐθύνοντες.
884 502 1113 572 Συνάψω
1144 503 1200 557 δὲ
1258 502 1402 558 κατὰ
1431 503 1491 557 τὸ
1532 505 1663 559 αὐτὸ
1693 509 1758 577 τῇ
1803 506 1917 561 τού-

2024 520 2144 561 esse
2175 504 2554 560 refutationem
2580 544 2596 570 ,
2638 512 2700 558 ut
2749 502 2827 558 ita
2852 502 3077 574 singulis
3124 508 3373 558 constare
3403 515 3587 572 queat,

350 614 462 650 των
486 598 645 667 φωρᾷ
672 597 768 666 τὴν
790 594 882 648 τοῦ
898 597 1148 667 Σωτῆρος
1175 597 1206 666 ἡ
1215 595 1329 666 μῶν
1357 596 1630 665 θεολογίαν
1658 598 1917 669 νεώτερον

354 688 457 757 μὲν
486 687 664 754 λέγειν
712 685 847 755 ἔχων
876 686 1046 750 οὐδὲν,
1080 686 1188 741 οὑδ⁴
1243 686 1479 757 ἐμαυτοῦ
1526 689 1687 756 σοφόν
1725 706 1778 742 τι
1824 689 1918 743 καὶ⁹

351 779 553 831 οἰκεῖον
582 776 801 849 εὕρεμα,
825 777 926 847 τῆς
941 778 997 830 δὲ
1013 778 1337 849 Ἐκκλησίας
1361 779 1453 832 τοῦ
1481 780 1614 832 Θεοῦ
1648 781 1745 851 τὴν
1771 780 1920 834 ἀδιά-

354 871 552 941 φθορον
574 868 916 931 διδασκαλίαν
942 869 1349 940 προϊσχόμενος,
1385 871 1449 941 ἥν
1491 869 1639 941 παρὰ
1670 871 1776 924 τῶν
1818 872 1918 924 αὑ-

350 959 566 1014 τοπτῶν
593 959 682 1011 καὶ
709 959 991 1031 αὑτηκόων
1024 958 1117 1011 τοῦ
1175 960 1371 1029 Λόγου,
1417 959 1620 1014 ἄνωθεν
1651 961 1709 1028 ἐξ
1743 962 1917 1033 ἀρχῆς

351 1050 663 1124 παραλαὸοὖ
672 1069 759 1113 σα,
797 1051 1068 1120 φυλάττει.

2022 595 2170 649 illum
2204 596 2257 649 in
2284 609 2350 649 eo
2395 595 2541 664 quod
2595 593 2792 648 Filium
2830 594 2921 649 Dei
2944 594 3328 663 rabnegaverit,
3359 607 3427 647 ne
3468 591 3589 647 uni-

2020 705 2142 744 cum
2188 690 2256 746 de
2282 689 2451 745 sacris
2489 688 2687 744 litteris
2715 689 3083 743 testimonium
3136 688 3202 741 ad
3232 701 3344 741 rem
3373 685 3589 755 apposi-

2020 790 2131 837 tum
2157 821 2173 848 ,
2205 784 2258 837 in
2313 783 2628 850 longissimo
2674 782 2765 838 illo
2808 796 2969 851 opere
2995 796 3092 835 suo
3121 780 3427 849 protulisse.
3474 777 3588 833 lmo

2019 887 2170 937 vero,
2189 872 2446 941 quidquid
2470 873 2535 927 de
2562 871 2855 941 Scripturis
2888 871 3089 934 attulit,
3111 870 3441 926 contrariam
3473 868 3587 939 pla-

2021 977 2090 1017 ne
2130 977 2314 1017 vocem
2362 962 2610 1016 emisisse
2650 962 2861 1026 sciant,
2902 971 2957 1015 et
2989 976 3051 1014 ea
3081 976 3201 1030 qua
3231 959 3413 1014 abillo
3439 959 3587 1013 dice-

2022 1052 2219 1108 bantur
2260 1054 2461 1122 impie,
2516 1054 2568 1109 in
2616 1064 2825 1109 rectum
2876 1054 3235 1122 retorquendo
3269 1067 3481 1107 sensum
3530 1057 3584 1104 et

351 1145 694 1211 sententiam,
729 1144 1012 1199 direxisse.
1048 1142 1169 1198 lstis
1200 1158 1370 1213 porro.
1387 1145 1701 1213 conjunctas
1749 1145 2095 1214 copulaturus
2126 1161 2244 1200 sum
2294 1147 2360 1201 de
2393 1146 2698 1202 Servatoris
2747 1151 2920 1201 nostri
2966 1147 3246 1201 divinitate
3302 1144 3580 1202 rationes:

348 1237 483 1293 nihil
510 1252 539 1291 a
580 1251 665 1290 me
725 1237 841 1306 ipso
900 1236 1112 1291 noviter
1168 1236 1533 1303 adinventum,
1571 1247 1663 1291 aut
1686 1237 1825 1292 domi
1862 1253 1993 1292 mea:
2021 1246 2252 1305 natum,
2281 1254 2344 1293 ex
2386 1240 2639 1302 opinione
2683 1240 2983 1310 profectum
3052 1236 3327 1305 sapientia:
3359 1234 3585 1303 alicujus

345 1346 481 1385 meae
524 1331 838 1384 edicturus:
871 1330 963 1383 sed
1006 1328 1259 1385 Ecclesia:
1320 1329 1413 1384 Dei
1483 1331 1783 1391 doctrinam
1813 1345 1921 1399 prae
1962 1346 2048 1384 me
2088 1331 2297 1385 laturus
2352 1331 2754 1401 incorruptam,
2825 1346 2986 1401 quam
3032 1344 3061 1383 a
3121 1328 3344 1384 testibus
3396 1325 3586 1382 auritis

343 1424 473 1477 olim
508 1431 671 1493 atque
708 1419 934 1476 oculatis
960 1419 1124 1474 Verbi
1165 1430 1467 1490 acceptum,
1517 1422 1584 1476 ab
1619 1421 1789 1483 initio.
1829 1420 1917 1476 illa
1942 1421 2175 1477 custodit
2198 1422 2373 1477 adhuc
2406 1422 2720 1477 inviolatam

988 1561 1145 1615 ΚΕΦ.
1194 1561 1270 1612 Λ¹.

344 1674 479 1728 Ὀτι
522 1672 725 1743 μάτην
753 1671 1082 1726 saeuam
1103 1671 1403 1743 ⁸ὁᾎέόῗιιγζγίιις
1444 1670 1794 1739 Μάρκελλος
1846 1671 1917 1726 τὰ

839 1743 945 1797 ἴσα
974 1740 1133 1807 αὐτῷ
1152 1740 1432 1806 δοξάζων.

418 1878 533 1949 Πρὸ
555 1877 610 1930 δὲ
640 1877 740 1947 τῆς
776 1874 979 1929 τούτων
1011 1874 1329 1940 ἐξετάσεως,
1379 1876 1562 1948 ἐπειδὴ
1587 1876 1782 1947 μεταξὺ
1820 1877 1913 1930 τοῦ

351 1970 775 2042 συγγράμματος
805 1968 896 2022 τὸν
925 1967 1211 2023 Σαόέλλιον
1241 1970 1331 2021 ὑπ’
1370 1969 1533 2022 αὑτοῦ
1582 1970 1914 2039 κοπτόμενον

350 2054 532 2133 εὗρον,
561 2061 926 2130 καταπλαγεὶς
963 2062 1062 2132 τῆς
1116 2060 1454 2131 ἠλιθιότητος
1494 2061 1584 2114 τὸν
1626 2062 1812 2133 ἄνδρα,
1840 2062 1915 2126 ὠς

350 2155 451 2209 οὐκ
484 2153 731 2223 ἐφείσατο
776 2152 959 2217 κακῶς
1010 2152 1327 2225 ἀγορεῦσαι,
1371 2153 1429 2207 ὃν
1464 2153 1680 2207 πάντων
1714 2154 1914 2224 μᾶλλον

349 2247 586 2299 ἐπαινεῖν
602 2246 764 2299 αὐτὸν
794 2246 981 2317 ἐχρῆν,
998 2232 1251 2316 ὁμόδοξον
1278 2245 1424 2316 αὐτῷ
1443 2245 1533 2300 καὶ
1560 2245 1915 2317 ὁμογνώμονα

346 2336 626 2407 γεγονότα,
682 2336 778 2407 οὐχ
825 2334 1120 2407 ἡγησάμην
1163 2336 1227 2389 άν
1258 2354 1309 2389 τι
1342 2335 1637 2409 παρελθεῖν
1662 2341 1783 2408 σιγῇ
1826 2338 1915 2391 τὸν

343 2429 522 2499 λόγον,
554 2426 891 2499 παραδοῦναι
917 2428 973 2480 δὲ
991 2428 1085 2480 καὶ
1106 2427 1297 2480 τούτου
1327 2426 1545 2498 ἔλεγχον
1573 2427 1650 2498 τῷ
1684 2429 1914 2499 παρόντι

341 2523 647 2594 γράμματι.
690 2520 763 2573 Τὸ
803 2520 900 2590 μὲν
932 2519 1042 2591 γάρ
1073 2521 1196 2581 τοὺς
1265 2518 1359 2571 τοῦ
1401 2518 1530 2571 Υίοῦ
1572 2518 1916 2587 λειτουργοὺς

343 2615 483 2686 πρὸς
515 2614 626 2685 (ll)
659 2611 824 2667 αὑτοῦ
854 2611 1261 2681 διαϐεϐλῆσθαι,
1308 2611 1356 2663 εί
1391 2610 1484 2662 καὶ
1510 2608 1658 2679 αὐτῷ
1696 2608 1797 2679 μὲν
1824 2607 1918 2677 ψό-

344 2724 462 2775 γον,
497 2708 607 2768 τοῖς
631 2705 674 2757 δ’
699 2704 1169 2775 ἐλευθερουμένοις
1204 2704 1301 2767 τῆς
1334 2703 1470 2773 πρὸς
1505 2701 1689 2755 αὑτὸν
1720 2718 1913 2754 κοινω-

346 2796 465 2861 νίας
491 2796 728 2862 εὐδοξίαν
754 2799 1056 2866 ἐπήγαγεν,
1093 2798 1241 2867 ὅμως
1270 2793 1449 2865 εἶχετὸ
1474 2812 1617 2857 τινος
1645 2793 1915 2863 (συγγνὼ-

2700 1564 2853 1619 CAP.
2891 1565 2933 1619 l.

2018 1653 2308 1710 Sabellium
2349 1672 2382 1708 a
2427 1655 2678 1709 Marcello
2707 1658 2875 1722 inepte
2920 1658 3307 1724 reprehensum,
3353 1672 3470 1710 cum
3495 1671 3585 1712 eo-

2086 1729 2204 1783 dem
2240 1727 2293 1779 in
2316 1741 2493 1780 errore
2516 1742 2632 1779 cum
2678 1725 2912 1781 Sabellio
2938 1728 3046 1796 ipse
3080 1744 3171 1795 per
3203 1728 3379 1781 omnia
3413 1743 3583 1781 uerse-

2088 1805 2195 1851 tur.

2083 1887 2153 1947 At
2186 1887 2500 1956 priusquam
2533 1887 2615 1942 his
2662 1887 2919 1958 accingar
2941 1889 3336 1955 examinandis,
3368 1904 3492 1945 cum
3526 1890 3582 1945 iu

2015 1978 2198 2047 aperis
2233 1990 2490 2034 contextu
2536 1979 3021 2035 animadverterem
3073 1980 3362 2036 Sabellium
3412 1983 3480 2037 ab
3519 1996 3585 2037 eo

2016 2068 2154 2123 male
2181 2070 2763 2132 mulctatum,bominis
2794 2070 3096 2127 fatuitatem
3123 2074 3422 2127 admiratus
3438 2088 3581 2138 sum,

2015 2159 2155 2227 quod
2187 2158 2262 2212 illi
2286 2162 2595 2230 neutiquam
2630 2163 2954 2229 pepercerit,
2977 2161 3071 2216 sed
3103 2162 3429 2231 impetit-erit
3462 2178 3579 2215 ma-

2016 2250 2227 2305 ledictis
2256 2291 2270 2316 ,
2316 2266 2473 2321 quem
2514 2253 2765 2307 laudibus
2798 2263 2924 2307 ante
2950 2252 3086 2308 alios
3118 2254 3372 2323 prosequi
3427 2252 3589 2307 debe-

2016 2341 2128 2407 bat,
2166 2352 2349 2412 utpote
2375 2344 2457 2398 sui
2492 2345 2757 2414 dogmatis
2781 2354 3192 2407 assectatorem,
3242 2353 3298 2399 et
3342 2343 3585 2413 ejusdem

2015 2450 2138 2490 cum
2167 2438 2344 2506 seipso
2367 2436 2655 2506 opinionis.
2690 2438 2909 2491 Decrevi
2940 2437 3061 2491 ideo
3096 2436 3257 2489 verba
3303 2436 3418 2503 ejus
3455 2451 3589 2490 neu-

2017 2526 2217 2594 tiquam
2245 2525 2458 2579 silentio
2491 2526 2801 2595 praeterire,
2844 2525 2937 2578 sed
2968 2524 3131 2577 veluti
3168 2525 3453 2593 quamdam
3492 2539 3587 2578 ac-

2017 2618 2318 2671 cessionem
2341 2656 2355 2681 ,
2390 2616 2533 2668 illius
2558 2616 2937 2669 refutationem
2980 2616 3107 2668 huic
3140 2616 3287 2684 Operi
3320 2616 3584 2684 adjicien-

2018 2711 2161 2762 dam.
2208 2707 2484 2777 Siquidem
2526 2708 2666 2775 quod
2712 2707 2801 2760 Dei
2851 2707 3128 2761 ministros
3163 2716 3418 2771 accuset,
3457 2707 3587 2761 licet

2020 2797 2149 2851 illud
2206 2798 2256 2850 in
2309 2797 2478 2865 ipsius
2524 2798 2907 2852 contumeliam
2950 2800 3126 2868 potius
3157 2799 3338 2863 cedat,
3371 2797 3584 2852 laudem

351 2891 481 2958 μης)
504 2888 725 2950 εἰκότως
762 2888 821 2940 τὸ
846 2888 1019 2941 δοκεῖν
1042 2887 1110 2939 τά
1147 2888 1219 2958 μὴ
1255 2886 1404 2956 αὑτῷ
1438 2885 1566 2955 φίλα
1600 2886 1878 2955 φαυλίζειν
1900 2901 1913 2915 ⁸

2020 2903 2149 2943 vero
2200 2900 2361 2957 atque
2395 2889 2848 2943 existimationem
2891 2891 3147 2959 majorem
3200 2889 3452 2961 illorum,
3491 2887 3587 2956 qui

347 2977 411 3029 τὸ
432 2976 491 3029 δὲ
511 2976 689 3029 λαθεῖν
716 2980 979 3031 κόπτοντα
1005 2978 1165 3031 αὑτὸν
1184 2977 1272 3031 διὰ
1296 2979 1393 3048 τῆς
1414 2976 1507 3030 τοῦ
1540 2976 1917 3047 ὁμογνώμονος

356 3067 673 3139 δυσφημίας
728 3068 835 3139 (li)
875 3069 1147 3132 ἀναιδείας
1209 3068 1397 3140 ἔμοιγε
1451 3070 1615 3131 δοκεῖ,
1668 3069 1781 3139 ἅμα
1826 3068 1919 3121 καὶ

349 3158 727 3231 ἀναισθησίας,
772 3160 1050 3231 ὑπάρχειν.
1086 3160 1211 3213 Ὅτι
1263 3161 1321 3214 δὲ
1371 3160 1524 3214 ταῦθ’
1559 3159 1730 3225 οὕτως
1780 3160 1911 3230 εχει,

346 3252 543 3321 γένοιτ’
578 3252 643 3306 ἂν
671 3251 883 3322 ἔλεγχος
906 3254 1068 3316 αὐτὸς
1102 3252 1315 3315 ἑαυτοῦ,
1344 3252 1649 3325 Υἰοπάτορα
1680 3253 1770 3306 τὸν
1788 3252 1918 3306 Θεὸν

345 3341 489 3395 κατὰ
516 3340 607 3394 τὸν
653 3341 958 3405 Σαὸέλλιον,
1010 3344 1058 3395 εἰ
1088 3344 1181 3396 καὶ
1225 3342 1300 3413 μὴ
1334 3342 1526 3412 γυμνῷ
1546 3342 1624 3413 τῷ
1645 3341 1807 3413 λόγῳ,
1849 3344 1915 3413 τῇ

342 3432 473 3503 γοῦν
498 3433 723 3506 ἀληθεία
750 3435 1000 3504 εἰσάγων,
1034 3434 1114 3506 τῷ
1161 3436 1260 3506 τὴν
1291 3436 1586 3489 ὑπόστασιν
1626 3436 1735 3506 (15)
1764 3436 1916 3488 άναι-

346 3530 460 3598 ρεῖν
516 3527 608 3579 τοῦ
654 3526 806 3591 Υἱοῦ,
839 3527 935 3579 ἕνα
978 3526 1034 3579 δὲ
1072 3527 1202 3581 Θεὸν
1254 3526 1553 3598 ὁρίζεσθαι,
1595 3528 1686 3581 καὶ¹
1730 3528 1916 3581 τοῦτον

346 3616 537 3670 ἑαυτοῦ
570 3618 805 3690 Πατέρα,
835 3618 927 3671 καὶ¹
956 3612 1022 3671 αὖ
1042 3618 1201 3671 πάλιν
1226 3620 1353 3671 Υίὸν
1382 3618 1675 3673 ἀποκαλεῖν
1699 3618 1913 3675 ἑαυτοῦ.

347 3708 519 3777 Λόγον
546 3708 654 3780 γάρ
674 3705 812 3762 εἶναι
845 3709 969 3773 δοὺς
1004 3710 1099 3763 τὸν
1136 3710 1194 3763 ὲν
1220 3710 1298 3780 τῷ
1316 3707 1463 3781 Θεῷ,
1490 3710 1548 3763 ’ἐν
1576 3728 1636 3763 τε
1664 3711 1759 3763 καὶ
1789 3711 1913 3762 ταὺ-

350 3798 442 3852 τὸν
492 3800 618 3853 ὅντα
662 3800 810 3871 αὑτῷ
857 3800 1044 3854 τοῦτον
1085 3802 1432 3872 ὁρισάμενος.
1466 3801 1685 3874 Πατέρα
1728 3801 1914 3854 τούτου

349 3892 705 3962 χρηματίζειν
733 3892 893 3945 αὐτὸν
926 3892 1055 3963 ἔφη’
1088 3892 1176 3944 τόν
1205 3909 1261 3945 τε
1285 3893 1454 3961 Λόγον
1481 3893 1608 3946 Υἰὸν
1640 3888 1778 3945 εἶναι
1818 3893 1915 3945 αὑ-

348 3992 468 4055 τοῦ,
503 3993 600 4044 οὑκ
626 3991 839 4061 άληθῶς
864 3992 993 4045 ὄντα
1018 3993 1146 4046 Υἰὸν
1188 3994 1243 4045 ὲν
1273 3993 1457 4057 οὐσίας
1485 3992 1800 4055 ὑποστάσει,
1827 4009 1918 4044 κυο

353 4090 486 4163 ρίως
534 4090 590 4143 δὲ
641 4091 735 4143 καὶ¹
781 4090 993 4161 άληθῶς
1051 4091 1177 4144 ὄντα
1231 4090 1420 4159 Λόγον.
1466 4090 1913 4159 Ἑπισημαίνεται

351 4190 504 4260 γοῦν,
531 4193 611 4245 ὅτι
644 4192 717 4265 μὴ
742 4192 1194 4271 καταχρηστικῶς
1221 4192 1397 4260 λόγον,
1425 4191 1560 4245 ἀλλὰ
1588 4191 1791 4264 κυρίως
1821 4190 1914 4243 καὶ

352 4294 566 4366 ἀληθῶς
588 4295 714 4347 ὄντα
740 4294 929 4362 Λόγον,
961 4295 1056 4347 καὶ
1089 4294 1252 4365 μηδὲν
1288 4293 1472 4363 ἓτερον
1496 4293 1528 4364 ἢ
1552 4292 1739 4360 Λόγον.
1770 4291 1902 4361 (14).

351 4394 419 4448 Εἰ
468 4394 524 4446 δὲ
555 4395 716 4465 μηδὲν
747 4395 952 4465 ἕτερον,
988 4395 1168 4464 δῆλον,
1192 4395 1267 4457 ὡς
1301 4393 1418 4447 οὐδὲ
1440 4393 1565 4457 Υἱὸς
1598 4390 1664 4465 ἦν
1711 4383 1914 4465 κυρίως

352 4492 449 4544 καὶ
473 4493 707 4565 ἀληθῶς,
740 4494 899 4565 μέχρι
933 4493 988 4546 δὲ
1020 4495 1200 4566 φωνῆς
1234 4492 1325 4546 καὶ
1353 4492 1610 4563 ὀνόματος
1646 4510 1917 4564 καταχρη-

354 4595 556 4659 στικῶς
587 4596 990 4667 ὠνομασμένος.
1032 4596 1129 4649 Ἕν
1150 4613 1207 4648 τε
1243 4590 1380 4648 εἶναι
1410 4594 1582 4663 λέγων
1606 4596 1699 4649 καὶ
1722 4596 1917 4650 ταύτὸν

351 4692 439 4763 τῷ
472 4693 589 4765 Θεῷ
635 4695 725 4747 τὸν
773 4695 965 4763 Λόγον,
1015 4692 1105 4746 τὸν
1148 4691 1515 4763 σαρκωθέντα,
1562 4693 1656 4747 καὶ
1710 4692 1775 4747 ὲκ
1821 4695 1920 4765 τῆς

351 4797 633 4869 Παρθένου
656 4795 933 4866 τεχθέντα,
964 4794 1095 4847 Θεὸν
1135 4793 1293 4845 αὐτὸν
1321 4792 1619 4863 ἀπέφηνεν.
1648 4794 1711 4846 Ὃ
1733 4792 1797 4864 δὴ
1825 4794 1928 4847 πά-

350 4902 446 4955 λαι
478 4902 569 4955 καὶ
593 4898 867 4973 πρόπαλαι
899 4897 987 4950 τὸν
1013 4894 1299 4950 Σαϐἐλλιον
1333 4892 1702 4965 φθεγξάμενον
1734 4894 1929 4948 ἀπεδο-

434 5095 494 5153 ›Ῑ‹
521 5087 617 5142 Ed.
648 5084 826 5141 Paris.
858 5097 984 5154 pag.
1014 5080 1102 5137 6|.

428 5280 540 5351 (ll)
585 5279 691 5333 Τοῦ
727 5280 861 5335 Υἱοῦ
894 5279 1296 5351 λειτουργοῄς.
1351 5276 1619 5351 Nusquam
1674 5276 1919 5351 alibi_ita_

359 5348 603 5417 loquitur
636 5352 930 5405 Eusebius:
976 5352 1069 5404 sed
1101 5348 1258 5413 Θεοῦ,
1292 5348 1564 5417 quomodo
1592 5356 1645 5401 et
1680 5348 1768 5401 hic
1816 5348 1919 5417 legi

358 5425 539 5476 .lehet.
572 5422 822 5485 lutelligit
851 5435 965 5484 eos,
991 5436 1124 5482 alios
1149 5422 1201 5473 in
1235 5421 1406 5487 primo
1433 5419 1569 5472 libro
1591 5417 1655 5470 de
1686 5418 1921 5487 nomini,-

359 5494 458 5547 bus
482 5494 682 5546 citavit.
715 5492 1003 5551 Asterium,
1024 5486 1355 5551 Narcissum,
1390 5488 1691 5548 Paulinum,
1718 5498 1826 5541 etc.
1848 5486 1917 5540 M.

425 5563 540 5631 (l2)
581 5560 1017 5629 Ὀμογνώμσνος
1044 5559 1424 5631 δυσφημίας,
1456 5558 1744 5631 Deest,_vel
1780 5558 1920 5631 τινά,

362 5626 446 5683 vel
491 5626 775 5684 Σαϐέλλιον
821 5626 885 5681 de
940 5626 1177 5683 nomine
1204 5626 1600 5697 compellatum.
1632 5626 1764 5681 Nam
1826 5629 1923 5680 αὑ-

359 5700 449 5755 τόν
481 5706 545 5754 ad
572 5700 880 5754 Marcellum
918 5701 1113 5751 refero.
1144 5699 1270 5752 Vult
1294 5709 1346 5751 et
1367 5698 1638 5765 stupidum
1672 5707 1725 5751 et
1753 5698 1927 5765 impu-

359 5774 577 5825 dentem
617 5786 736 5825 esse
764 5770 904 5837 quod
928 5768 1217 5823 Sabellium
1262 5767 1641 5835 reprehendat,
1672 5782 1793 5837 cum
1821 5781 1926 5833 quo

360 5835 1090 5914 consentiebat..M.—-Supra
1107 5839 1264 5911 vulgo
1280 5836 1464 5891 τοῦτον
1484 5854 1499 5907 ;
1520 5837 1642 5894 dein
1670 5835 1774 5906 Mp.
1806 5853 1926 5904 συγ.

2021 2979 2087 3034 ab
2124 2979 2289 3048 ipsius
2317 2980 2691 3034 communione
2725 2987 2849 3035 sunt
2879 2980 3063 3044 alieni,
3092 2996 3194 3034 non
3224 2988 3399 3034 tamen
3428 2979 3589 3034 venia

2020 3081 2168 3127 caret
2216 3080 2271 3125 et
2311 3071 2660 3127 excusatione
2694 3091 2707 3127 :
2745 3088 2849 3128 non
2883 3073 3141 3139 absurda,
3177 3087 3297 3127 cum
3332 3087 3452 3139 quae
3486 3071 3589 3150 mi-

2024 3165 2170 3219 nime
2197 3165 2408 3234 probet,
2444 3178 2505 3218 ea
2534 3164 2889 3233 vituperanda
2917 3164 3018 3219 sibi
3050 3173 3293 3220 censeat.
3328 3166 3398 3219 At
3438 3163 3589 3218 illum

2016 3256 2154 3311 velle
2186 3255 2449 3310 mulctare
2484 3254 2641 3320 male,
2675 3256 2751 3309 sic
2779 3265 2837 3308 ut
2862 3264 3043 3324 speret
3072 3270 3131 3310 se
3158 3256 3460 3318 latiturum,
3485 3254 3581 3324 qui

2017 3346 2262 3401 eamdem
2302 3345 2523 3414 impiam
2575 3359 2756 3399 secum
2791 3346 2967 3399 foveat
3006 3346 3318 3414 Opinionem
3344 3384 3358 3408 ,
3412 3345 3591 3416 impu-

2018 3436 2214 3491 dentia?
2248 3436 2527 3501 cujusdam
2570 3434 2923 3490 intolerandae
2942 3476 2957 3500 ,
2981 3445 3035 3489 et
3064 3436 3259 3489 frontis
3287 3436 3591 3508 perfrictis-

2016 3530 2165 3582 simae
2194 3528 2407 3581 videtur
2440 3541 2581 3590 esse,
2613 3541 2711 3580 nec
2736 3526 2955 3594 injuria.
2987 3525 3110 3580 Haec
3157 3534 3334 3579 autem
3381 3540 3442 3580 se
3491 3527 3590 3580 ha-

2015 3618 2141 3673 bere
2173 3618 2239 3672 ad
2277 3618 2421 3672 hunc
2468 3617 2684 3672 modum
2728 3626 2903 3686 patet,
2937 3631 3112 3685 neque
3140 3616 3276 3671 falso
3304 3631 3335 3668 a
3361 3631 3448 3670 me
3499 3631 3593 3670 ca-

2015 3709 2231 3765 lumniis
2255 3724 2376 3764 eum
2416 3709 2765 3779 proscissum,
2801 3723 2866 3762 eo
2896 3710 3039 3777 quod
3090 3709 3156 3763 de
3190 3709 3465 3763 sententia
3494 3707 3595 3761 Sa-

2016 3801 2271 3865 belliana,
2290 3807 2347 3865 >14
2378 3801 2547 3856 Deum
2574 3800 2858 3872 compellet
2883 3798 3291 3859 Filio-Patrem.
3313 3800 3425 3855 Non
3445 3808 3594 3855 certe

2016 3893 2278 3957 disertim,
2303 3900 2356 3957 et
2386 3892 2747 3956 totidem,hoc
2768 3890 2946 3945 fateor
2964 3889 3171 3954 verbis;
3192 3889 3391 3945 talibus
3410 3898 3592 3945 autem

2015 3985 2215 4049 utitur,
2252 3998 2374 4053 qua:
2406 3982 2725 4053 bypostasin
2774 3981 2895 4039 Filii
2932 3981 3136 4035 directe
3168 3981 3356 4036 tollant
3388 4000 3400 4035 :
3433 3998 3595 4036 unum

2015 4076 2352 4139 solummodo
2395 4076 2565 4129 Deum
2616 4082 2899 4129 statuant:
2926 4084 3088 4142 atque
3124 4074 3271 4128 illum
3309 4076 3478 4145 ipsum
3512 4073 3597 4129 sui

2016 4167 2179 4235 ipsius
2203 4166 2497 4236 genitorem
2537 4183 2549 4219 :
2580 4164 2843 4220 etFilium
2878 4165 3107 4236 denique
3127 4166 3387 4221 suietiam
3407 4165 3595 4235 ipsius.

1942 4246 1989 4304 D
2016 4255 2148 4311 Dato
2175 4256 2318 4311 enim
2342 4266 2395 4310 et
2423 4256 2926 4312 concessoVerbum
2952 4259 3005 4313 in
3033 4258 3142 4312 Deo
3170 4271 3291 4311 esse
3317 4298 3332 4323 ,
3368 4255 3509 4325 quod
3543 4263 3598 4309 et

2017 4363 2179 4401 unum
2205 4357 2367 4416 atque
2390 4348 2529 4403 idem
2562 4363 2682 4403 cum
2710 4348 2824 4418 ipso
2854 4348 3100 4414 exsistat,
3125 4363 3247 4402 eum
3267 4344 3487 4414 hujusce
3502 4343 3601 4401 Pa-

2017 4449 2152 4499 trem
2189 4439 2471 4494 dicendum
2524 4439 2686 4496 docet
2717 4458 2731 4495 :
2768 4449 2823 4497 et
2852 4441 3079 4496 Verbum
3125 4440 3284 4494 etiam
3333 4438 3448 4507 ejus
3476 4454 3599 4495 esse

2018 4522 2236 4599 Filium,
2257 4548 2593 4604 nequaquam
2614 4533 2807 4588 Filium
2827 4534 3182 4591 exsistentem
3214 4533 3265 4587 in
3285 4531 3598 4587 substantiae

2020 4624 2391 4687 subsistentia,
2406 4628 2620 4695 proprie
2636 4640 2764 4681 vero
2781 4626 3139 4680 etsecundum
3159 4621 3599 4687 veritatem,Ver-

2025 4716 2153 4771 bum
2184 4716 2533 4773 exsistentem
2571 4726 2770 4771 tamen.
2794 4716 3063 4784 Vultergo
3099 4715 3343 4785 intelligi,
3363 4713 3597 4772 Verbum

2031 4798 2182 4861 illum
2212 4822 2352 4877 esse,
2395 4824 2497 4863 non
2531 4808 2950 4872 cataehrestice,
2974 4807 3064 4862 sed
3096 4806 3379 4860 verissime
3400 4812 3598 4875 etproo

2031 4897 2302 4967 priissime
2327 4898 2587 4965 Verbum,
2614 4907 2778 4968 atque
2811 4907 3006 4967 prmter
3046 4894 3303 4962 Verbum,
3344 4894 3486 4950 aliud
3510 4894 3597 4949 nio

2027 5275 2455 5349 ypcipjtartloco
2470 5272 2775 5349 γράμματι.
2808 5267 2936 5349 Dejn
2972 5263 3298 5349 συγγνώμης
3317 5259 3594 5349 uincodd.

2067 5310 2312 5351 μαμμυιυι
2339 5310 2455 5330 ιυιυ
2483 5310 2775 5345 γνωρίμω...
2808 5310 2936 5324 νυ...
2974 5310 3064 5333 --⁸
3090 5310 3249 5346 ,Lwr-
3274 5310 3295 5326 ν
3322 5310 3422 5349 μὶ-.
3450 5310 3535 5315 ,,,.
3578 5310 3594 5317 _

2098 5350 2211 5417 (1'5)
2274 5346 2393 5415 Τὴν
2453 5345 2821 5417 «ιὶνσῴοζταονινἶ
2877 5338 3014 5417 Lege
3076 5353 3153 5406 τῳ
3214 5310 3328 5417 τῆν-
3367 5330 3600 5417 υπόστσι-

2031 5407 2135 5474 σιν.
2167 5407 2220 5473 In
2250 5433 2314 5472 eo
2337 5407 2486 5485 'quod
2519 5413 2637 5485 Filii
2676 5407 3079 5485 subsistentiam
3110 5412 3335 5485 negaret
3380 5416 3570 5485 separa

2031 5472 2137 5543 tam
2169 5499 2224 5544 et
2254 5472 2552 5554 propriam.
2587 5482 2655 5554 Μ.
2690 5510 2761 5554 -_—
2795 5478 3017 5554 Correxi
3049 5472 3317 5554 vulgatam
3344 5487 3408 5527 ex
3440 5472 3596 5526 codd.

2030 5543 2481 5631 diqfiﬁfoéfovzt
2504 5552 2602 5622 τὴν
2628 5551 2821 5631 ὑπόστ.
2843 5558 2898 5603 et
2918 5543 3053 5631 εἶναι
3077 5544 3254 5631 ,αὐτ-ᾦα
3330 5629 3407 5631 Α,
3422 5620 3434 5631 ,
3450 5612 3548 5631 Α-.ε

2103 5617 2213 5699 (Ml
2270 5617 2356 5682 ‘H'
2396 5617 2609 5699 Λόγοίς.
2649 5622 2829 5699 ⁸βεξοςιι
2880 5617 3246 5699 suﬂ‘ulciendaz
3321 5617 3599 5699 sententiae

2030 5682 2340 5821 isiléyéw
2376 5682 2501 5820 aut
2545 5692 2739 5759 simile;
2791 5690 2996 5758 statim,
3042 5698 3163 5760 post
3192 5682 3595 5756 ὠνομασμένος.

2068 5781 2184 5821 CCSl
2208 5786 2259 5821 υι
2294 5785 2341 5821 ς.
2376 5802 2391 5819 ι
2433 5804 2445 5819 ο
2776 5778 2781 5782 ’

2034 5773 2184 5827 deest
2208 5770 2341 5831 υἱός.
2376 5770 2445 5820 Μ.
2776 5778 2781 5782 ’
