4086 6202
548 405 643 464 851

1207 401 1477 457 EUSEBll
1515 397 1990 455 CIESARIENSIS
2023 400 2172 455 OPP.
2215 399 2391 455 rans
2431 397 2518 452 IV.
2538 385 2629 438 ‘—
2667 390 3084 453 DOGMATICA.

3683 391 3805 448 833

554 519 647 583 hil,
667 521 811 590 quod
837 522 883 575 si
911 518 1057 572 aliud
1089 515 1245 578 nihil,
1268 526 1378 568 tum
1409 523 1556 569 certe
1591 515 1784 583 liquet,
1823 517 1964 584 quod
2008 534 2110 571 non

2246 515 2447 585 ,iuaosv
2479 512 2829 585 ἡἘκκλησία
2859 511 2952 564 τοῦ
2986 506 3142 575 Θεοῦ,
3177 509 3290 572 τοῖς
3310 506 3491 569 ἀθέοις
3526 507 3688 569 αὐτον
3719 507 3808 560 cio

553 608 745 665 Filium
784 625 907 664 vere
941 618 1102 677 atque
1129 605 1346 676 proprie
1395 608 1539 660 dicat
1575 648 1591 668 ,
1639 608 1735 662 sed
1791 607 1968 661 Verho
2009 618 2119 661 tan-

2229 605 2515 679 ρεσιὼταις
2536 604 2877 669 καταλέξασα
2913 602 3045 673 (15).

555 705 848 756 tumtenus
873 711 1035 768 atque
1065 699 1282 754 nomine
1315 698 1709 755 catachrestice
1736 700 2123 768 usurpandum.
2151 697 2391 767 Cumque
2429 700 2662 754 V'erhum
2694 699 2882 750 doceat
2903 711 3064 748 unum
3089 705 3210 748 esse
3257 699 3418 760 atque
3469 691 3609 744 idem
3643 704 3811 758 pror-

555 810 646 850 sus
677 808 798 848 cum
829 793 977 847 Deo:
1015 791 1143 846 illud
1176 807 1367 860 nempe
1447 790 1677 845 Verbum
1765 791 2110 844 incarnatum
2142 828 2158 854 ,
2211 799 2394 843 natum
2451 793 2516 844 de
2558 789 2775 858 Virgine
2809 806 2824 842 :
2867 788 3038 852 ipsum
3107 799 3225 838 esse
3286 783 3450 836 Deum
3493 789 3807 838 asseverat.

554 886 707 953 Quod
751 886 880 940 olim
933 885 1219 956 aliquando
1253 901 1281 940 a
1314 885 1555 941 Sabellio
1586 886 1876 956 prolatum,
1903 886 1970 940 ab
2001 883 2240 940 Ecclesia
2283 885 2388 940 l'uit
2433 885 2684 954 rejectuu:
2714 926 2730 951 ,
2775 883 3050 952 ipsiusque
3097 893 3286 935 auctor
3363 895 3481 934 cum
3526 879 3809 934 haereticis

556 980 734 1050 impiis
800 991 1207 1036 annumeratus.

1208 1076 1356 1132 CAP.
1391 1077 1454 1131 ll.

557 1164 711 1236 Quod
737 1185 826 1235 per
858 1167 1052 1222 Christi
1079 1170 1306 1237 gratiam
1337 1169 1527 1222 collata
1555 1179 1627 1222 est
1673 1168 1919 1222 Ecclesia;-
1954 1169 2124 1224 excel-

730 1240 840 1292 lens
863 1241 1104 1308 quadam
1130 1243 1358 1310 cognitio
1395 1241 1457 1294 de
1503 1238 1662 1294 Patre
1683 1253 1729 1292 et
1766 1238 1930 1294 Filio.

630 1397 884 1452 Omnium
940 1400 1213 1468 principes
1259 1397 1569 1454 Judamrum
1599 1399 1766 1472 natio,
1804 1399 1898 1454 Dei
1958 1399 2122 1456 unius

560 1488 922 1559 cognitionem
956 1501 1012 1544 et
1067 1490 1465 1546 confessionem
1519 1499 1898 1560 susceperunt,
1930 1503 2123 1545 contra

561 1593 779 1633 errores
811 1579 1101 1648 gentilitios
1138 1581 1205 1633 de
1245 1579 1468 1634 deorum
1513 1579 1876 1632 multitudine.
1909 1578 1977 1630 At
2002 1592 2126 1646 gra-

562 1667 636 1721 tia
662 1667 753 1722 illa
808 1668 1064 1725 salutaris
1122 1669 1376 1723 Ecclesia:
1432 1667 1898 1734 communicavit,
1961 1668 2124 1720 veluti

2885 1069 3042 1122 ΚΕΦ.
3073 1067 3148 1122 B'.

2229 1165 2356 1219 Ὀτι
2405 1163 2480 1233 τῇ
2522 1162 2850 1230 Ἐκκλησία
2896 1161 3007 1233 τοῦ.
3047 1159 3194 1233 Θεοῇ
3229 1160 3266 1226 ἡ
3319 1159 3579 1233 χριστοῦ
3618 1157 3817 1233 Δχάρις

2299 1237 2412 1303 τὴν
2447 1229 2585 1302 ’περὶ
2639 1229 2868 1302 Πατρός
2918 1231 3014 1285 καὶ
3047 1229 3180 1284 Υἱοῦ
3233 1229 3456 1298 γνῶσιν
3495 1229 3815 1296 ἐξαίρετον

2298 1306 2660 1374 ἐδωρήσατο.

2302 1399 2375 1452 Τὸ
2416 1397 2513 1469 μὲν
2539 1396 2645 1468 γὰρ
2673 1395 2802 1448 Θεὸν
2824 1394 3103 1464 ὁμολογεῖν
3121 1393 3215 1446 ἕνα
3249 1391 3383 1464 πρὸς
3401 1391 3814 1462 ἁντιδιαστο).ὴν

2231 1491 2329 1560 τῆς
2356 1488 2620 1558 Ἑλλήνων
2649 1484 2906 1538 πολυθέου
2939 1483 3146 1557 πλάνης
3175 1485 3379 1556 πρῶτοι
3408 1482 3815 1556 παρειλήφασιν

2245 1580 2510 1634 Ἰουδαίων
2545 1578 2752 1641 παῖδες
2781 1577 2840 1630 τὸ
2875 1576 2932 1628 δὲ
2985 1575 3080 1629 καὶ
3125 1576 3344 1647 Πατέρα
3371 1575 3460 1628 τὸν
3491 1576 3649 1628 αὑτὸν
3673 1575 3814 1629 Υἰοῦ

2238 1668 2560 1742 μονογενοῦς
2591 1666 2875 1738 γνωρίζειν
2900 1667 3178 1738 ἐξαίρετον
3212 1667 3378 1738 γέρας
3407 1668 3440 1736 ἡ
3465 1665 3620 1736 χάρις
3643 1667 3675 1736 ὴ
3703 1681 3819 1718 σω-

562 1761 854 1830 quamdam
913 1763 1268 1818 excellentem
1341 1764 1798 1833 praerogativam,
1875 1764 2124 1818 eumdem

2246 1765 2418 1835 τήριος
2438 1766 2504 1834 τῇ
2552 1761 2846 1831 Ἐκκλησία
2878 1759 3190 1830 δεδώρηται’
3225 1759 3351 1811 Υἱὸν
3377 1757 3433 1810 δὲ
3463 1759 3573 1827 (l6)
3603 1756 3818 1827 Ἰησοῦν

567 1851 753 1914 Deum,
786 1851 999 1906 Patrem
1025 1852 1146 1906 Filii
1173 1853 1457 1924 unigeniti,
1489 1853 1752 1923 proﬁteri.
1787 1855 1985 1909 Filium
2033 1871 2132 1909 au-

563 1949 670 1995 tem
698 1941 850 1996 illum
891 1944 1066 1998 solum
1108 1946 1354 2015 agnoscit
1379 1945 1560 2001 Jesum
1590 1948 1885 2011 Christum,
1911 1954 2133 2017 prater-

561 2045 627 2087 ea
663 2033 887 2089 nullum.
927 2035 1035 2090 Nec
1080 2037 1226 2090 illum
1249 2037 1546 2091 secundum
1583 2039 1785 2105 carnis,
1823 2054 1984 2108 quam
2017 2055 2132 2094 sus-

562 2126 726 2193 cepit,
767 2127 1171 2194 generationem
1215 2127 1375 2194 (hanc
1408 2127 1608 2181 etenim
1643 2137 1698 2182 et
1725 2130 1859 2183 servi
1882 2129 2129 2199 formam,

562 2227 620 2270 et
654 2217 824 2287 ﬁlium
853 2221 1078 2273 hominis
1104 2235 1320 2283 vocare,
1345 2221 1531 2274 edocta
1556 2218 1697 2290 fuit),
1721 2221 1814 2274 sed
1837 2222 2130 2276 secundum

564 2307 712 2361 illam
764 2309 1124 2376 divinitatem,
1178 2326 1338 2380 quam
1373 2325 1402 2363 a
1451 2310 1610 2364 Patre
1669 2321 1722 2366 et
1774 2312 1883 2367 Deo
1945 2313 2132 2368 eodem

563 2399 756 2455 habuit
803 2411 929 2456 ante
963 2405 1146 2458 omnia
1195 2402 1414 2468 saecula,
1452 2404 1718 2459 universis
1771 2404 2129 2474 incognitam.

567 2491 877 2548 Secundum
903 2511 1065 2565 quam
1092 2497 1524 2563 generationem,
1558 2507 1800 2566 paterna:
1833 2497 2134 2552 divinitatis

566 2583 981 2655 plenitudinem,
1015 2596 1068 2643 et
1113 2589 1284 2657 ipsum
1330 2589 1552 2653 Filium,
1591 2589 1757 2642 Deum
1805 2589 2132 2651 constituit,

567 2690 674 2730 non
706 2692 734 2728 a
765 2677 946 2747 seipso
975 2694 1282 2748 possessam
1315 2680 1399 2734 vel
1427 2697 1456 2734 a
1504 2681 1664 2735 Patre
1710 2691 2036 2751 separatam,
2072 2687 2130 2746 ᾖ(

566 2767 663 2823 sed
697 2783 795 2825 nec
821 2770 936 2825 sine
963 2772 1230 2840 principio
1259 2772 1405 2826 illam
1453 2783 1508 2828 et
1556 2773 1926 2842 ingenerat-am
1964 2775 2136 2828 deita—

565 2868 700 2925 tem,
744 2861 941 2916 nedum
993 2863 1212 2917 aliunde
1244 2863 1539 2917 derivatam
1574 2863 1949 2932 peregrinam,
2006 2865 2137 2919 hos-

566 2951 759 3021 pitam,
798 2963 853 3007 et
888 2970 916 3007 a
944 2954 1105 3009 Patre
1131 2955 1383 3017 alienam,
1425 2957 1518 3010 sed
1550 2957 1616 3010 de
1645 2967 1868 3024 paterna
1907 2958 2136 3024 partici-

567 3041 808 3111 patione,
840 3043 1004 3096 veluti
1036 3044 1100 3097 de
1124 3044 1238 3113 jugi
1279 3053 1440 3112 puteo
1477 3045 1527 3096 in
1565 3047 1739 3112 ipsum
1782 3045 1973 3109 eliuso,
2015 3064 2140 3117 pro-

2235 1854 2468 1926 Χριστὸν
2507 1851 2666 1921 μόνον
2711 1846 2818 1902 οἶδε
2853 1849 2947 1902 καὶ
2980 1847 3169 1901 οὐδένα
3201 1847 3404 1918 ἕτερον·
3435 1845 3494 1898 οὐ
3523 1843 3664 1898 κατὰ
3713 1843 3818 1914 τὴν

2232 1945 2331 2014 τῆς
2361 1941 2581 2014 σαρκὸς,
2616 1940 2681 2012 ἥν
2706 1936 2984 2008 ἀνείληφε,
3019 1937 3254 2005 γένεσιν,
3284 1934 3644 2007 (ταύτηνγὰρ
3672 1932 3817 1987 δού-

2232 2041 2345 2092 λου
2359 2035 2624 2107 μορφὴν,
2646 2033 2741 2086 καὶ
2766 2032 2906 2086 Υἱὸν
2923 2031 3238 2099 ἀνθρώπου
3257 2029 3441 2083 καλεῖν
3463 2026 3817 2096 δεδίδακται·)

2234 2130 2374 2182 κατά
2405 2129 2462 2181 δὲ
2496 2128 2593 2198 τὴν
2623 2124 2682 2190 ἐξ
2717 2123 2882 2178 αὑτοῦ
2907 2123 3002 2176 τοῦ
3037 2123 3172 2176 Θεοῦ
3204 2123 3296 2175 καὶ
3319 2120 3526 2192 Πατρὸς
3553 2119 3661 2191 πρὸ
3682 2119 3819 2172 πάν-

2233 2239 2341 2275 των
2367 2220 2594 2273 αἰώνων·
2631 2219 2914 2286 ἄγνωστον.
2938 2218 3050 2280 τοῖς
3070 2217 3203 2268 πᾶσι
3225 2214 3344 2268 καθ’
3371 2216 3435 2284 ἢν
3461 2213 3522 2266 τὸ
3543 2213 3647 2282 πλή
3658 2229 3820 2283 ρωμα

2233 2313 2332 2384 τῆς
2387 2312 2661 2384 πατρικῆς
2691 2310 2964 2378 θεότητος,
2996 2309 3091 2360 καὶ
3131 2308 3292 2360 αὑτὸν
3331 2305 3480 2370 Υἱὸν,
3523 2304 3656 2359 Θεὸν
3687 2305 3821 2357 ὑπε-

2238 2407 2492 2476 στήσατο,
2534 2404 2634 2455 οὐκ
2667 2403 2984 2472 ίδιόκτητον,
3021 2401 3115 2453 καὶ
3134 2398 3228 2453 τοῦ
3259 2397 3470 2469 Πατρὸς
3502 2395 3822 2468 ἀφωρισμέ-

2235 2513 2353 2564 νην,
2387 2495 2493 2547 οὐδ’
2528 2494 2761 2564 ᾶναρχόν
2793 2509 2914 2547 τινα
2960 2493 3054 2547 καὶ
3089 2491 3400 2561 ἀγέννητον,
3433 2487 3554 2542 οὐδὲ
3599 2485 3820 2542 ἄλλοθέν

2239 2590 2401 2644 ποθεν
2434 2589 2589 2659 ξένην
2621 2588 2717 2641 καὶ⁸
2763 2587 2855 2640 τοῦ
2887 2586 3100 2658 Πατρὸς
3135 2583 3420 2654 ἀλλοτρίαν
3459 2580 3820 2650 ἐφελκόμενον

2239 2683 2487 2752 θεότητα,
2514 2682 2572 2748 ἐξ
2601 2681 2772 2750 αὐτῆς
2797 2680 2855 2734 δὲ
2879 2680 2976 2749 τῆς
3015 2677 3290 2748 πατρικῆς
3327 2673 3614 2746 μετουσίας
3630 2672 3822 2743 ὥσπερ

2239 2777 2348 2831 ἀπὸ
2398 2776 2604 2846 πηγῆς,
2653 2775 2739 2828 ἐπ’
2793 2773 2953 2827 αὐτὸν
3003 2770 3372 2842 προχεομένης
3421 2767 3818 2839 πληρούμενον.

2239 2869 2401 2941 Μόνῳ
2424 2868 2532 2940 γὰρ
2551 2871 2606 2921 ὲν
2631 2866 2780 2938 αὐτῷ
2799 2868 2906 2921 πᾶν
2934 2865 3000 2920 τὸ
3029 2863 3319 2931 πλήρωμα
3347 2861 3461 2931 (l7)
3485 2859 3592 2930 τῆς
3616 2873 3820 2928 πατρι-

2240 2962 2353 3028 κῆς
2399 2963 2626 3015 ἐνοικεῖν
2681 2960 2977 3026 θεότητος,
3032 2957 3060 3010 ὁ
3116 2955 3289 3026 μέγας
3342 2953 3656 3007 ἐπαίδευσεν
3707 2951 3819 3022 (18)

2251 3054 2588 3117 Ἀπόστολος.
2635 3053 2725 3106 Διὸ
2764 3054 2828 3123 δὴ
2861 3047 2940 3116 εἷς
2973 3052 3106 3115 Θεὸς
3137 3054 3203 3122 τῇ
3247 3050 3542 3121 Ἐκκλησία
3564 3046 3656 3100 τοῦ
3686 3043 3821 3097 Θεοῦ

569 3137 821 3203 pagatam
867 3149 992 3189 cum
1047 3137 1399 3204 plenitudine.
1455 3138 1736 3203 Siquidem
1779 3139 1832 3191 in
1889 3139 1976 3192 illo
2017 3142 2136 3196 solo

2246 3145 2586 3216 κηρύττεται·
2607 3145 2702 3197 καὶ
2732 3144 2833 3196 ούκ
2865 3143 3010 3196 ἐστιν
3031 3142 3218 3214 ἕτερος
3257 3141 3398 3212 πλὴν
3425 3137 3609 3193 αὐτοῦ·
3647 3130 3728 3198 εἷς
3763 3133 3823 3186 δὲ

570 3220 822 3277 habitare
869 3225 1243 3292 plenitudinem
1295 3237 1528 3293 paterna:
1582 3227 1796 3280 deitatis
1828 3227 1874 3258 “
1913 3244 2140 3297 magnus

2250 3237 2345 3290 ml.
2400 3235 2693 3307 μονογενὴς
2719 3235 2819 3288 τοῦ
2847 3234 2980 3288 Θεοῦ
3017 3234 3163 3298 Υἱὸς,
3215 3232 3379 3286 εἰκὼν
3423 3233 3522 3301 τῆς
3551 3228 3824 3297 πατρικῆς

570 3313 790 3370 edocuit
839 3317 1150 3384 Apostolus.
1218 3316 1369 3372 Hanc
1412 3319 1482 3372 ob
1535 3333 1756 3375 causam
1806 3319 1860 3373 in
1897 3319 2139 3375 Ecclesia

2253 3327 2525 3398 θεότητος,
2549 3328 2644 3382 καὶ
2674 3327 2762 3380 διὰ
2790 3325 2946 3380 τοῦτο
2972 3325 3124 3390 Θεός.

570 3421 717 3460 unus
743 3406 890 3462 solus
924 3406 1064 3462 Deus
1090 3409 1446 3462 annuntiatur
1473 3428 1485 3464 :
1515 3424 1688 3478 neque
1706 3409 1843 3464 alius
1868 3411 2138 3480 quispiam
2179 3427 2376 3486 praeter
2438 3435 2561 3474 eum
2597 3438 2611 3475 :
2670 3434 2810 3474 unus
2881 3419 3066 3472 itidem
3125 3416 3216 3471 Dei
3267 3413 3427 3471 Filius
3482 3411 3829 3479 unigenitus,

574 3501 754 3574 imago
799 3513 1040 3573 paternae
1094 3503 1333 3571 deitatis,
1394 3512 1556 3573 atque
1609 3504 1682 3559 ita
1733 3505 1873 3562 Deus
1909 3507 1977 3561 oh
2021 3508 2124 3564 hoc
2161 3511 2358 3581 ipsum.

1205 3599 1356 3655 CAP.
1402 3598 1488 3655 Ill.

547 3675 734 3761 ⁵ριιοά
770 3695 930 3750 variis
966 3695 1232 3749 erroribus
1283 3694 1526 3763 impliciti
1558 3695 1870 3762 erraverint,
1906 3697 1970 3750 de
2005 3695 2152 3752 Filio.

915 3765 1122 3819 diversa
1151 3766 1430 3820 sentientes
1464 3766 1527 3817 ab
1556 3763 1815 3818 Ecclesia.

650 3855 820 3922 Quam
851 3857 1068 3926 quidem
1096 3856 1379 3925 theologiae
1417 3856 1685 3910 rationem
1710 3855 1954 3926 plerique
1985 3857 2144 3912 intel-

576 3946 748 4016 ligere
783 3962 888 4001 non
920 3947 1190 4012 valentes,
1226 3947 1404 4001 varios
1460 3947 1563 4002 sibi
1594 3963 1842 4002 errorum
1905 3950 2156 4006 tramites.

578 4040 1000 4094 adinvenerunt.
1035 4038 1176 4094 Sunt
1205 4039 1296 4110 qui
1328 4039 1525 4094 Filium
1584 4040 1750 4093 Deum
1799 4027 1919 4095 esse
1954 4057 2153 4096 conce-

579 4131 770 4185 dentes
793 4130 1066 4185 hominem
1095 4131 1326 4202 ejerant,
1356 4146 1514 4201 quem
1545 4131 1856 4202 assumpsit.
1893 4132 1996 4186 Alii
2030 4149 2155 4202 pro-

581 4223 709 4280 fessi
752 4238 874 4279 eum
900 4223 1175 4278 hominem
1226 4225 1454 4290 nudum,
1506 4224 1671 4278 Deum
1701 4224 1752 4278 in
1785 4224 1905 4295 ipso
1937 4225 2156 4295 ignora-

2906 3610 3067 3663 ΚΕΦ.
3099 3609 3174 3663 Γ¹.

2256 3699 2381 3753 ’Ότι
2414 3699 2698 3764 ποικίλως
2741 3696 3105 3766 ἐσφάλησαν
3161 3699 3214 3750 οὶ
3255 3691 3582 3763 ἑτερόδοξοι
3632 3690 3702 3743 ὲν
3745 3687 3827 3754 τῷ

2706 3754 2839 3838 περῖ
2874 3754 2980 3823 τοῦ
3015 3767 3148 3822 Υἱοῦ
3186 3754 3366 3836 λότψῖ

2327 3863 2430 3916 Ἦν
2453 3865 2518 3936 δὴ
2567 3862 2845 3932 θεολογίαν
2898 3864 2948 3916 οἱ
2975 3861 3159 3914 πολλοὶ
3190 3861 3330 3912 νοεῖν
3366 3858 3426 3911 οὐ
3461 3857 3826 3930 χωρήσαντες,

2250 3957 2496 4021 ποικίλας
2538 3957 2816 4028 ἀτραποὺς
2849 3955 3151 4026 ἐπενόησαν
3202 3951 3429 4022 πλάνης*
3481 3952 3531 4003 οἱ
3569 3950 3665 4021 μὲν
3697 3945 3827 4000 Θεὸν

2250 4051 2430 4114 δόντες
2449 4049 2540 4103 τὸν
2568 4049 2716 4113 Υίὸν,
2756 4049 2847 4101 τὸν
2874 4047 2918 4100 δ’
2950 4046 3254 4116 ἄνθρωπον,
3298 4044 3357 4096 ὃν
3384 4042 3693 4113 ἀνείληφεν,
3729 4041 3799 4109 ἀρ

2253 4145 2570 4215 νησάμενοι⁶
2599 4145 2647 4195 οἱ
2683 4141 2738 4195 δὲ
2770 4138 2924 4211 ψιλὸν
2962 4139 3247 4210 ἄνθρωπον
3283 4135 3623 4205 ὑποθέμενοι,
3656 4131 3747 4183 τὸν
3782 4129 3828 4182 δ’

2256 4238 2313 4289 ἐν
2360 4235 2507 4307 αὐτῷ
2534 4235 2663 4289 Θεὸν
2713 4234 3096 4306 ἀγνοήσαντες·
3132 4229 3282 4291 οἶδὲ,
3330 4227 3478 4298 φόϐῳ
3505 4225 3597 4278 τοῦ
3651 4223 3828 4276 δοκεῖν

579 4326 728 4373 runt.
762 4315 957 4382 Tertii,
983 4328 1127 4372 metu
1154 4317 1246 4371 Dei
1266 4315 1490 4371 alterius
1515 4316 1916 4382 iutroduceudi,
1940 4316 2140 4372 Patren

2255 4327 2504 4398 δεύτερον
2555 4325 2890 4397 εἰσηγεῖσθαι
2921 4324 3072 4387 Θεὸν,
3104 4322 3203 4375 τὸν.
3242 4320 3406 4374 αὑτὸν
3436 4314 3569 4371 εἶναι
3608 4315 3829 4386 Πατέρα

579 4422 742 4482 atque
758 4409 948 4464 Filium
969 4425 1135 4464 unum
1154 4425 1273 4465 esse
1290 4411 1650 4480 eumdemque
1676 4409 1989 4478 opinantur.
2007 4407 2152 4476 Quas

580 4505 701 4559 vias
730 4505 858 4558 dum
889 4503 1132 4558 declinat
1163 4502 1403 4557 Ecclesia
1438 4503 1555 4568 Dei,
1586 4502 1911 4570 evangelica:
1943 4517 2149 4570 praeco-

581 4597 676 4657 nio
703 4597 950 4652 veritatis
978 4596 1260 4668 gloriatur.
1314 4595 1490 4651 Unum
1535 4595 1752 4664 quidem
1784 4595 1951 4650 Deum
1987 4595 2150 4664 proli-

581 4691 680 4746 teri
711 4705 790 4755 se,
822 4705 982 4760 supra
1015 4705 1204 4744 omnes
1241 4688 1566 4752 venditans;
1599 4703 1764 4741 unum
1820 4703 2034 4756 quoque
2059 4686 2150 4741 Fi-

581 4783 712 4838 lium
749 4783 1082 4852 unigenitum
1130 4779 1284 4850 eius,
1325 4781 1496 4834 Deum
1527 4780 1593 4834 de
1649 4781 1755 4833 Deo
1780 4779 1963 4834 Jesum
1989 4779 2150 4832 Chri-

578 4887 723 4934 stum
755 4891 1056 4948 agnoscens
1086 4892 1101 4942 ;
1128 4875 1377 4930 eumdem
1403 4874 1578 4943 ipsum
1613 4870 1855 4944 professa
1896 4871 2152 4926 Servato-

579 4987 697 5028 rem
731 4980 784 5026 et
828 4969 1026 5026 Filium
1078 4967 1336 5024 hominis.
1369 4967 1469 5035 Qui
1530 4982 1654 5021 cum
1717 4965 1951 5020 nondum
1990 4966 2152 5020 homo

542 5100 548 5126 ρ
581 5063 763 5125 factus
789 5063 989 5128 fuerat,
1026 5061 1198 5117 Filius
1231 5060 1323 5115 Dei
1351 5070 1530 5115 tamen
1577 5059 1892 5114 exsistebat.
1926 5056 2150 5124 Factus,

541 5139 549 5151 ’
581 5158 728 5227 quod
755 5172 862 5212 non
887 5156 1037 5227 prius
1065 5155 1264 5220 fuerat,
1293 5154 1363 5211 ob
1381 5152 1809 5222 inexplicabilem
1834 5151 2151 5206 misericor-

584 5249 686 5305 diae
713 5259 953 5320 paterna:
979 5245 1496 5303 transcendentiam.

661 5417 720 5476 ᾖ
746 5411 844 5466 Ed.
873 5411 1045 5467 Paris.
1073 5425 1194 5483 pag.
1222 5410 1310 5467 62.
1384 5409 1430 5442 ⁵³
1460 5409 1664 5465 Coloss.
1696 5421 1757 5472 ll,
1797 5408 1849 5462 9.

657 5567 770 5695 S15)
793 5567 850 5624 In
898 5570 1024 5633 line,
1071 5571 1283 5656 legend:
1332 5569 1762 5641 ὲγκαταλέξασα.
1803 5566 1875 5622 Μ.
1915 5595 1986 5608 -——
2032 5565 2153 5620 Mox

677 5655 744 5695 eo
773 5641 930 5695 γάοις
957 5643 989 5695 ἡ
1015 5655 1109 5695 του
1133 5644 1401 5695 Σωτηοος.

584 5641 930 5714 “lamiae;
957 5641 1110 5714 ἡ,τοῦ
1133 5644 1401 5714 Σωτῆρος·

657 5706 950 5781 (“frter
979 5706 1066 5766 δέ.
1093 5712 1183 5765 Sic
1211 5706 1521 5778 legendum,
1541 5728 1668 5775 non,
1707 5721 1766 5764 ut
1798 5709 1928 5781 alihi
1955 5707 2048 5781 νῦν
2075 5706 2152 5759 δέ.

587 5780 740 5861 illum
783 5795 993 5861 nempe,
1029 5781 1198 5861 cuius
1230 5785 1492 5852 cognitio,
1543 5795 1599 5838 ut
1661 5783 1828 5861 γέρας
1885 5780 2157 5850 ἐξαίρετον

591 5853 815 5913 dabatur
845 5851 1116 5913 Ecclesiae.
1151 5849 1221 5904 Μ.

2258 4425 2351 4474 καὶ
2393 4421 2520 4474 Υἱὸν
2561 4419 2896 4490 ὁρισάμενοι,
2945 4416 3040 4479 οὓς
3073 4416 3408 4485 ὲκτραπεῖσα
3446 4413 3479 4482 ὴ
3537 4407 3830 4480 Ἐκκλησία

2258 4511 2352 4571 τοῦ
2385 4510 2519 4563 Θεοῦ
2552 4509 2631 4580 τῷ
2682 4509 2778 4578 τῆς
2813 4505 3072 4577 ἀληθείας
3129 4501 3469 4572 εὐαγγελικῷ
3517 4497 3830 4570 κηρύγματι

2260 4602 2600 4673 σεμνύνεται,
2635 4600 2729 4651 ἕνα
2774 4598 2870 4669 μὲν
2897 4597 2984 4649 τὸν
3015 4595 3107 4648 ἐπὶ
3137 4595 3350 4657 πάντων
3379 4591 3512 4645 Θεὸν
3544 4589 3686 4659 ἔχειν
3733 4588 3829 4642 αὒ-

2258 4695 2445 4766 χοῦσα·
2471 4694 2567 4747 ἕνα
2595 4693 2649 4746 δὲ
2691 4692 2784 4744 καὶ
2829 4691 2954 4743 Υἱὸν
2993 4689 3274 4761 μονογενῆ,
3308 4685 3438 4738 Θεὸν
3464 4686 3528 4737 ὲκ
3553 4681 3692 4736 Θεοῦ
3732 4681 3832 4751 Ἰη-

2261 4788 2386 4842 σοῦν
2415 4786 2649 4857 Χριστὸν
2680 4782 3114 4855 ἐπιγραφομένη,
3145 4782 3372 4851 Σωτῆρα
3402 4778 3494 4831 τὸν
3527 4775 3689 4829 αὐτὸν
3738 4775 3831 4828 καὶ

2259 4881 2385 4934 Υἱὸν
2408 4877 2694 4951 ἀνθρώπου
2723 4879 3023 4948 γινόμενον,
3041 4872 3398 4945 ὁμολογοῦσα⁶
3421 4870 3551 4924 ὄντα
3579 4867 3677 4938 μὲν
3701 4866 3831 4919 Υἱὸν

2258 4973 2414 5038 Θεοῦ,
2465 4972 2594 5044 πρὶν
2624 4971 2657 5043 ἢ
2699 4970 2792 5023 καὶ
2827 4968 3114 5040 ἀνθρώπου
3143 4966 3413 5035 γενέσθαισ
3447 4965 3540 5017 καὶ
3569 4962 3730 5016 τοῦτο
3774 4960 3831 5014 δὲ

2256 5065 2566 5136 γενόμενον,
2604 5065 2739 5133 ὅπερ
2774 5063 2876 5115 οὐκ
2905 5057 2994 5132 ἦν,
3045 5061 3112 5114 δι’
3151 5060 3350 5130 ἄψατον
3395 5054 3700 5127 ὑπερϐολὴν
3733 5053 3832 5123 τῆς

2257 5154 2350 5210 τοῦ
2392 5154 2602 5227 Πατρὸς
2636 5151 3062 5224 φιλανθρωπίας.

2331 5564 2442 5636 (ΓΙ)
2495 5562 2564 5636 τὸ
2595 5560 2898 5636 πνζήρωμα.
2941 5556 3090 5636 Illum
3126 5554 3216 5636 qui
3252 5552 3680 5636 erat‘rclﬁptopa,
3737 5556 3830 5605 aut

2263 5623 2630 5707 ἔχονταηΡοει
2649 5623 2920 5707 θεότητος,
2940 5630 3030 5707 qui
3063 5623 3614 5707 ιιτςιίιιξικιε.πλήρωμαΖ

2337 5687 2446 5773 (18)
2487 5687 3239 5773 Ἐπαίδευσίενξίςροειοιυε,
3277 5687 3487 5773 Coloss.
3523 5687 3559 5757 i,
3597 5689 3682 5773 l9,
3743 5687 3833 5773 do:

2265 5760 2372 5840 rei,
2397 5760 2505 5828 πᾶν
2532 5773 2593 5825 τὸ
2627 5772 2896 5841 πλήρωμα
2949 5760 3000 5821 iu
3037 5768 3129 5841 illo
3163 5765 3520 5841 κατοικῆσαι-.
3573 5771 3630 5816 et
3688 5760 3828 5840 quod

2268 5834 2669 5908 hiciudicutut',
2700 5834 2904 5897 Cbldss.
2938 5856 2997 5908 ιι,
3025 5840 3083 5905 9,
3135 5840 3242 5893 πᾶν
3275 5835 3335 5890 τὸ
3401 5834 3674 5906 πλήρωμα
3734 5834 3828 5900 τῆς
