4086 6202
356 275 464 333 835

1018 394 1170 447 KE¢.
1201 397 1272 450 A'.

355 483 493 563 ὀῖι
531 489 727 563 μάτίτν
750 485 1138 563 Χρέστεεξτΐοὺς
1169 486 1743 563 ἒαγτοτέτίλέγουσςνν
1776 494 1924 563 οἱμὴ

427 551 752 621 rigato-niteat
783 552 888 606 τὸν
930 555 1066 606 nar
1096 554 1203 608 τοῦ
1231 558 1378 611 Θεοῦ
1396 551 1855 630 ’ὁμοξλογοῦιέτεςῖ

439 641 500 695 '0
537 642 637 712 μὲν
657 643 719 713 δὴ
745 644 840 713 τῆς
867 643 1123 712 ἀληθείας
1151 644 1306 713 λόγος
1339 649 1490 700 ταῦτ’
1528 652 1593 702 ἐκ
1637 652 1926 721 προσώπου

360 733 463 804 βοᾷ
478 733 926 814 τῆςἘκκλησίας
951 737 1000 787 οἱ
1028 735 1083 787 δὲ
1101 735 1191 788 τὸν
1207 734 1334 790 Υίὸν
1363 738 1457 790 τοῦ
1495 739 1629 793 Θεοῦ
1658 742 1929 814 ἀρνούμε-

358 841 463 888 νοι,
491 811 584 877 ενά
623 824 676 876 δὲ
708 823 836 876 Θεὸν
857 819 992 877 εἶναι
1037 825 1354 892 φάσκοντες,
1399 829 1489 881 καὶ
1534 831 1684 883 οὐδὲν
1721 832 1924 902 ἕτερον,

357 917 414 969 τί
447 917 540 970 καὶ
564 915 944 986 παρενοχλοῦσι
987 918 1162 989 μάτην
1187 923 1252 990 τῇ
1292 921 1606 993 Ἐκκλησία,
1634 927 1754 987 ταῖς
1801 926 1927 977 Ἰου-

358 1007 523 1060 δαίων
548 1008 887 1078 προσομιλεῖν
917 1015 1260 1080 συναγωγαῖς
1288 1011 1439 1080 δέον;
1471 1014 1534 1066 Τί
1565 1014 1620 1067 δὲ
1651 1015 1744 1068 καὶ
1767 1015 1926 1085 βλασ-

362 1101 562 1171 φήμοις
617 1101 756 1168 σφᾶς
782 1088 1004 1164 ἀὐτοὺς
1039 1103 1420 1177 περιπείρουσι
1453 1104 1648 1173 λόγοις,
1689 1108 1778 1160 τὸν
1831 1109 1925 1162 ἕνα

360 1192 490 1244 Θεὸν
516 1192 972 1259 συκοφαντοῦντες
1011 1193 1120 1262 (19)
1165 1194 1367 1258 διτταῖς
1411 1197 1752 1268 ἐπηγορίαις,
1784 1203 1832 1253 εἰ
1860 1200 1924 1271 δὴ

356 1283 448 1336 τὸν
469 1282 631 1336 αὑτὸν
650 1284 869 1351 Πατέρα
900 1283 1096 1338 καὶτὸν
1113 1286 1272 1339 αὑτὸν
1290 1286 1414 1339 Υίόν
1432 1288 1798 1357 ὑποτίθενται;
1817 1293 1925 1346 Καὶ

356 1373 496 1436 τίνος
533 1372 642 1444 γάρ
669 1374 782 1425 ἐστι
806 1374 984 1445 πατὴρ
1011 1375 1233 1445 μηδενὸς
1260 1378 1563 1446 ὑφεστῶτος
1597 1379 1713 1434 υἱοῦ
1736 1397 1749 1446 ;
1772 1383 1924 1446 Τίνος

353 1463 410 1516 δὲ
436 1463 550 1527 υίὸς
574 1464 746 1526 ἔσται,
783 1466 856 1535 μὴ
897 1468 1338 1539 προϋπάρχοντος
1371 1470 1464 1522 τοῦ
1509 1476 1922 1546 γεγεννηκότος;

352 1551 449 1618 Εἷς
470 1555 528 1607 δὲ
554 1555 649 1619 ὢν,
682 1557 895 1620 πάντως
919 1574 1020 1610 που
1059 1560 1221 1622 αὐτὸς
1252 1559 1402 1614 ἔσται
1436 1563 1464 1614 ὁ
1504 1566 1808 1636 σαρκωθεὶς
1832 1569 1925 1620 καὶ

353 1646 543 1700 παθὼν
603 1647 696 1701 καὶ
765 1649 856 1701 τὸν
913 1650 971 1703 ὲν
1049 1649 1354 1721 ἀνθρώποις
1412 1653 1668 1720 διανύσας
1733 1656 1923 1712 θνητὸν

357 1737 490 1809 βίον.

1308 273 1396 332 οε
1433 267 1965 338 ECCLESIASTICA
2005 267 2397 340 THEOLOGIA
2434 269 2561 340 Lis.
2596 269 2637 340 i.

3479 285 3586 347 854

2675 405 2939 478 CAPJV.

2034 497 2186 562 Quod
2214 500 2494 571 [ταυτα-δε
2522 500 2851 554 denominent
2886 500 3240 566 Christianos,
3268 501 3358 571 qui
3387 499 3589 558 Filium

2397 569 2495 623 Dei
2523 579 2625 623 non
2645 571 2878 640 fatentur
2910 571 3216 627 substitisse.

2097 664 2272 733 Atque
2295 665 2392 719 ista
2421 667 2639 735 quidem
2673 667 2919 722 veritatis
2947 667 3124 720 oratio
3159 674 3240 719 est
3274 680 3370 733 per
3403 665 3588 719 Eccle-

2028 750 2122 804 siae
2145 755 2471 820 praeconium
2517 756 2867 824 proclamata.
2918 754 2996 808 llli
3057 769 3218 824 porro
3265 756 3354 824 qui
3389 755 3587 809 Filium

2030 841 2124 896 Dei
2166 843 2499 909 inﬁciantur,
2533 861 2698 901 unum
2727 862 2857 900 vero
2889 847 3060 902 solum
3094 846 3257 899 Deum
3283 861 3400 900 esse
3433 846 3585 900 dicti-

2029 941 2164 998 tant,
2201 950 2300 990 nec
2326 945 2519 1004 prmter
2545 937 2692 990 illum
2731 937 2873 991 aliud
2909 957 2921 992 :
2954 953 3210 1006 quorsum
3247 952 3305 991 se
3329 936 3582 992 molestos

2027 1025 2281 1082 Ecclesia:
2310 1027 2401 1082 Dei
2427 1029 2683 1083 exhibent
2703 1030 2948 1093 ulterius,
2974 1031 3064 1099 qui
3094 1031 3272 1098 potius
3289 1027 3587 1086 debuerant

2027 1116 2306 1185 aggregari
2337 1119 2402 1172 ad
2428 1134 2728 1189 synagogas
2744 1117 3086 1174 Judzeorum?
3117 1127 3174 1183 ἧς
3205 1112 3466 1187 Quorsum
3497 1136 3584 1176 se-

2026 1219 2137 1262 met
2166 1224 2379 1278 quoque
2412 1210 2556 1278 ipsos
2586 1212 2766 1266 verbis
2798 1213 3169 1280 transadigunt
3210 1213 3588 1282 blaspheman-
3629 1275 3637 1288 ,

2026 1299 2190 1361 tibus,
2222 1315 2385 1353 unum
2415 1301 2604 1364 Deum,
2629 1303 2973 1373 sycophanta:
3004 1304 3145 1356 velut
3174 1303 3368 1364 solent.
3403 1306 3589 1358 convi-

2025 1391 2235 1446 ciantes
2265 1407 2361 1462 per
2399 1394 2506 1448 duo
2537 1396 2878 1463 cognomina,
2931 1396 2974 1449 si
3006 1397 3252 1451 eumdem
3289 1397 3462 1466 ipSum
3494 1397 3586 1452 Fi-

2025 1481 2178 1546 lium,
2203 1497 2362 1552 quem
2403 1495 2456 1538 et
2482 1474 2719 1551 Patrem,
2755 1503 2850 1555 per
2879 1486 3056 1540 omnia
3084 1503 3205 1542 esse
3228 1489 3582 1543 contendunt.

2024 1571 2187 1640 Cujus
2214 1575 2413 1629 etenim
2439 1586 2594 1644 pater
2616 1589 2762 1633 esset
2795 1579 2903 1643 ille,
2938 1581 3025 1648 qui
3059 1579 3229 1633 ﬁlium
3256 1595 3361 1634 non
3392 1582 3589 1634 haheat

2025 1665 2113 1732 qui
2143 1665 2441 1720 subsistat?
2474 1667 2641 1738 Cujus
2675 1687 2836 1740 porro
2861 1681 2916 1726 et
2953 1672 3044 1726 ille
3075 1672 3234 1735 lilitis,
3283 1672 3434 1738 cujus
3469 1673 3588 1726 nul-

2029 1753 2111 1808 lus
2149 1760 2552 1826 prmexstiterit,
2588 1763 2678 1830 qui
2710 1764 2895 1832 genuit
2928 1779 3049 1817 eum
3089 1764 3289 1834 pater?
3316 1762 3470 1819 Unus
3513 1764 3589 1818 si-

358 1837 580 1906 quidem
642 1851 766 1890 cnm
830 1838 1076 1902 exsistat,
1108 1855 1208 1894 nec
1239 1841 1406 1908 aliud,
1452 1845 1671 1898 omnino
1709 1845 1826 1900 ﬁeri
1879 1862 1985 1902 non
2028 1859 2203 1919 potest
2236 1853 2412 1919 aliter,
2448 1856 2578 1925 quin
2627 1873 2766 1912 unus
2820 1859 3184 1929 idemqneﬁit
3231 1859 3584 1927 incarnatus,

360 1946 576 2002 passus,
606 1941 658 1987 et
706 1932 758 1986 in
791 1933 1008 1988 bomine
1032 1951 1152 1998 suo,
1205 1937 1368 1990 vitam
1412 1938 1718 2010 transigens
1761 1943 2067 2000 mortalem:

1038 2052 1194 2104 ΚΕΦ.
1228 2051 1305 2105 Ε⁹.

363 2140 559 2217 Ὅπως
604 2140 1114 2217 Mc_ip2_es.1_.1og_tt5r
1155 2143 1290 2217 Υιρν
1323 2144 1430 2198 τοῦ
1471 2147 1618 2201 Θεοῦ
1662 2148 1917 2217 ἠρνεῖτο,

463 2208 575 2277 τὴν
595 2211 698 2264 τσῦ
725 2213 1052 2266 Σαϐελλίου
1069 2215 1416 2282 προαίρεσιν
1430 2208 1814 2287 μιμούμεῖοος.

438 2300 596 2354 Ἀλλὰ
647 2301 820 2354 ταῦτα
850 2302 1075 2370 λέγοντα
1111 2303 1395 2358 Σαϐέλλιον
1435 2307 1467 2376 ἡ
1510 2307 1802 2378 Ἐκκλησία
1828 2310 1920 2364 τοῦ

355 2389 486 2443 Θεοῦ
515 2390 590 2454 ὡς
615 2391 748 2445 ἄθεα
788 2392 880 2444 καὶ
905 2391 1134 2463 δυσσεϐῆ
1162 2392 1462 2464 τολμῶντα,
1492 2396 1704 2468 μακρὰν
1735 2397 1919 2468 ἤλασε.

355 2480 538 2535 Ταῦτα
579 2482 634 2540 δὲ
665 2483 980 2555 Μάρκελλος
1020 2484 1370 2539 ἀνανεοῦσθαι
1405 2491 1680 2560 πειρᾶται,
1714 2506 1922 2560 προκα-

352 2575 594 2646 λύμματι
637 2575 915 2647 χρώμενος
958 2577 1016 2629 οὐ
1077 2576 1286 2648 πιθανῷ
1331 2579 1489 2650 λόγῳ.
1539 2580 1670 2634 Θεὸν
1698 2581 1806 2650 γὰρ
1829 2582 1924 2636 ἕνα

353 2666 527 2736 ὀρθῶς
553 2667 887 2738 ὁριζόμενος,
918 2667 1101 2722 τοῦτον
1131 2669 1290 2722 αὐτὸν
1322 2671 1490 2738 Λόγον
1525 2670 1666 2741 ἔχειν
1705 2673 1762 2724 ὲν
1795 2667 1922 2725 ἑαυ-

353 2757 435 2828 τῷ
456 2760 728 2829 ἡνωμένον
763 2760 855 2815 καὶ
891 2761 1230 2831 συνημμένον
1254 2762 1403 2832 αὐτῷ
1453 2780 1616 2834 φησιν
1637 2781 1650 2797 ο
1691 2765 1922 2818 κᾶπειτα

354 2849 451 2904 τοῦ
482 2851 597 2914 ἐνὸς
623 2851 754 2905 Θεοῦ
782 2851 843 2904 τὸ
875 2853 972 2923 μέν
1003 2871 1055 2906 τι
1081 2854 1302 2925 Πατέρα
1322 2854 1491 2918 καλεῖ,
1522 2856 1582 2908 τὸ
1607 2857 1660 2908 δὲ
1679 2857 1824 2910 Υίόν·
1848 2858 1924 2921 ὡς

332 2941 548 3012 ’διπλῆν
585 2959 702 2995 τινα
734 2944 825 2996 καὶ
858 2943 1106 2997 σύνθετον
1134 2945 1317 2998 οὐσίαν
1349 2949 1404 2998 ὲν
1437 2947 1609 3017 ἐαυτῷ
1631 2943 1764 3001 εἶναι

356 3037 470 3088 Καὶ
497 3035 645 3107 πόσῳ
687 3034 872 3088 τούτου
921 3036 1183 3108 κρείττων
1235 3039 1291 3089 ὲν
1325 3037 1508 3090 κακῶν
1560 3037 1753 3110 ἐκλογῇ
1787 3041 1816 3092 ὁ
1848 3039 1922 3111 μὴ

355 3123 579 3195 διαιρῶν
629 3123 726 3195 μὲν
769 3124 866 3194 τὴν
893 3123 1124 3195 ἄναρχον
1158 3126 1251 3178 καί
1279 3126 1570 3197 ἀγέννητον
1606 3128 1699 3182 καὶ
1738 3127 1922 3199 θεῖκὴν

353 3212 602 3282 δύναμιν,
647 3211 735 3265 τὸν
769 3212 926 3266 αὐτὸν
973 3213 1016 3265 δ’
1073 3209 1210 3266 εἷναι
1264 3215 1537 3284 ὁμολογῶν
1603 3217 1792 3290 γυμνῷ
1846 3219 1922 3290 τῷ

352 3302 498 3372 λόγῳ
527 3302 656 3372 (21).
689 3302 844 3373 Πόσῳ
869 3303 923 3356 δὲ
943 3304 1214 3376 ἑκατέρων
1245 3304 1465 3374 βελτίων
1488 3308 1800 3373 ὸἸουδαίος,
1832 3310 1922 3363 τὸν

2666 2047 2819 2102 CAP.
2865 2047 2930 2103 V.

2024 2130 2299 2195 Quomodo
2332 2128 2614 2222 Marcellus
2656 2138 2980 2222 FiliumrDei
3025 2142 3317 2222 abnegavit,
3349 2133 3572 2198 Sabellii

2374 2218 2568 2262 sectam
2594 2219 2801 2262 secutus
2825 2221 2870 2264 et
2894 2218 3235 2280 propositum.

2095 2299 2380 2353 EnimVero
2422 2299 2714 2354 Sabellium
2745 2315 2867 2355 cum
2899 2302 3009 2355 haec
3030 2312 3294 2367 tueretur,
3326 2315 3584 2370 tanquam

2023 2388 2241 2442 a'theum
2292 2389 2566 2444 hominem
2598 2398 2652 2443 et
2679 2390 2839 2460 impie
2877 2393 3156 2460 audacem,
3187 2393 3430 2450 Ecclesia
3467 2396 3584 2462 Dei,

2023 2481 2211 2547 procul
2242 2483 2571 2539 amandavit.
2594 2482 2716 2536 Haec
2737 2485 2924 2537 eadem
2960 2474 3244 2540 Marcellus
3275 2486 3589 2542 instaurare

2025 2571 2238 2625 demum
2280 2571 2501 2642 satagit,
2553 2581 2813 2639 praetextu
2846 2574 3077 2640 quodam
3129 2589 3278 2636 usus,
3336 2589 3587 2631 sermone

2025 2677 2130 2715 non
2163 2663 2447 2716 admodum
2477 2661 2760 2731 probabili.
2799 2662 2970 2717 Unum
3007 2663 3150 2716 enim
3202 2663 3370 2717 Deum
3437 2675 3588 2720 recte

2023 2753 2300 2822 professus
2329 2755 2470 2808 hunc
2501 2756 2676 2825 ipsum
2721 2756 2910 2820 Deum,
2939 2755 3277 2810 continuisse
3309 2757 3359 2808 in
3391 2770 3450 2810 se
3497 2756 3586 2810 al"

2025 2847 2203 2899 lirmat
2249 2845 2485 2921 Verbum
2511 2861 2667 2900 suum
2712 2845 2815 2901 sibi
2873 2846 3172 2913 adunitum,
3221 2847 3430 2916 sibique
3456 2862 3586 2903 con-

2024 2945 2250 2992 cretum.
2282 2939 2458 3006 Atque
2511 2939 2638 2993 hinc
2664 2953 3006 3007 progressus,
3055 2938 3198 2992 illius
3233 2939 3390 2994 unius
3421 2955 3584 3008 quem

2025 3029 2197 3083 tenuit
2228 3029 2349 3092 Dei,
2379 3029 2526 3083 aliud
2552 3028 2767 3083 Patrem
2808 3039 2999 3096 vocat,
3058 3030 3203 3084 aliud
3248 3029 3465 3097 Filium,
3519 3044 3586 3086 ac

2025 3122 2068 3174 si
2096 3121 2147 3174 in
2179 3136 2286 3176 uno
2308 3130 2363 3176 et
2394 3123 2580 3176 eodem
2628 3121 2767 3176 foret
2807 3121 3000 3192 duplex
3039 3124 3284 3192 quautam
3321 3126 3581 3190 essentia,

2025 3213 2213 3267 eadem
2242 3222 2296 3268 et
2322 3214 2643 3282 composita.
2681 3213 2743 3267 Et
2771 3223 2973 3280 quanto
3003 3215 3224 3284 quidem
3260 3216 3496 3281 rectius,
3552 3230 3584 3272 θ

2027 3305 2234 3358 duobus
2269 3304 2444 3370 malis,
2479 3306 2521 3359 is
2548 3305 2638 3374 qui
2666 3304 2924 3368 divinam,
2954 3307 3243 3374 ingenitam
3275 3317 3330 3362 et
3363 3308 3585 3377 imprin-

350 3395 449 3447 ἕνα
472 3394 602 3448 Θεὸν
633 3395 693 3447 οὐ
730 3394 952 3464 διαιρῶν
975 3397 1053 3458 είς
1094 3396 1308 3466 Πατέρα
1346 3399 1440 3450 καὶ
1473 3398 1596 3451 Υἱὸν
1621 3401 1920 3473 Μαρκέλλῳ

2025 3392 2276 3461 eipiatam
2302 3394 2555 3448 virtutem
2589 3408 2928 3463 nequaquam
2957 3396 3226 3458 dividens,
3270 3412 3435 3449 unum
3465 3411 3586 3452 esse

351 3487 765 3559 παραπλησίως,
781 3486 901 3540 οὐδὲ
921 3486 1011 3539 τὸν
1034 3487 1194 3541 αὐτὸν
1218 3487 1526 3560 Υἰοπάτορα
1555 3491 1692 3543 κατὰ
1718 3492 1808 3545 τὸν
1828 3494 1924 3545 Σαε

350 3579 558 3633 ϐέλλιον
586 3580 840 3648 εἰσάγων,
865 3580 999 3634 ἀλλὰ
1031 3581 1200 3636 σέὸων
1230 3582 1326 3652 μὲν
1349 3583 1438 3635 τὸν
1458 3582 1608 3648 Θεὸν,
1645 3583 1923 3656 γνωρίζων

350 3672 409 3724 δὲ
440 3672 532 3724 καὶ
581 3673 892 3742 προσδοκῶν
942 3673 1032 3726 τὸν
1070 3675 1300 3743 Χριστὸν
1354 3675 1516 3728 αὐτοῦ
1569 3675 1658 3730 τὸν
1703 3678 1790 3732 διὰ
1815 3679 1922 3731 τῶν

354 3763 644 3835 προφητῶν
689 3762 838 3835 ἥξειν
871 3765 1286 3836 κηρυττόμενον
1328 3766 1386 3821 ὃν
1419 3767 1660 3831 ἐλθόντα,
1689 3770 1810 3822 ἐπεὶ
1847 3771 1920 3842 μὴ

353 3856 731 3928 παρεδέξαντο,
765 3857 918 3928 δίκην
962 3859 1059 3929 τῆς
1090 3861 1168 3922 εἰς
1213 3857 1372 3913 αὑτὸν
1405 3861 1661 3924 ἀπιστίας
1691 3855 1922 3934 ὑπέσχον

351 3963 412 3998 τε
448 3947 541 3999 καὶ
570 3946 844 4017 ὑφέξουσι.

1004 4219 1158 4272 xeo.
1185 4222 1272 4285 (τι.

497 4308 695 4373 Ὅπως
720 4309 759 4376 ἡ
793 4309 1128 4377 Ἐκκλησία
1147 4310 1253 4363 τοῦ
1293 4310 1440 4364 Θεοῦ
1491 4312 1780 4365 πιστεύει.

425 4400 490 4452 Ol
515 4400 570 4452 δὲ
600 4400 872 4454 πιστεύειν
901 4403 979 4464 είς
1006 4401 1097 4455 τὸν
1137 4402 1460 4472 ἀφικόμενον
1487 4401 1552 4454 δι’
1581 4402 1742 4472 εὐχῆς
1773 4401 1922 4472 ἔχον-

348 4505 446 4553 τες
488 4491 614 4560 τρία
669 4492 836 4545 ταῦτα
868 4493 1205 4563 γνωριοῦσιψ
1247 4494 1357 4564 (22)
1381 4489 1472 4546 τὸν
1513 4495 1576 4547 ὲκ
1612 4494 1921 4564 σπέρματος

352 4583 538 4646 Δαῶδ,
571 4584 662 4636 καὶ
690 4585 787 4655 τῆς
806 4584 974 4654 αὐτῆς
1017 4584 1174 4652 ἁγίας
1203 4585 1495 4656 Παρθένου·
1533 4585 1627 4638 καὶ
1661 4585 1752 4638 τὸν
1781 4587 1922 4639 ἐνοι-

352 4674 600 4743 κήσαντα
624 4672 795 4744 τούτῳ
821 4674 947 4728 Υίὸν
976 4674 1068 4729 τοῦ
1104 4674 1236 4727 Θεοῦ
1268 4677 1499 4746 προόντα
1527 4677 1622 4729 καὶ
1650 4677 1922 4740 οὑσιωδῶς

427 4879 489 4937 s14
515 4873 614 4931 Ed.
649 4873 821 4931 Paris.
850 4890 974 4946 pag.
1003 4873 1092 4940 65,
1129 4875 1214 4946 δι,

2023 3493 2182 3551 atque
2203 3483 2416 3536 unicum
2446 3484 2699 3538 exsertim
2729 3483 3027 3539 aﬂirmavit.
3050 3485 3113 3536 Et
3135 3493 3337 3552 quanto
3367 3487 3584 3554 quidem

2023 3581 2253 3639 utroque
2279 3571 2469 3626 melius
2495 3570 2737 3636 Iudaeus.
2763 3589 2928 3627 unum
2965 3574 3131 3627 Deum
3172 3589 3277 3628 non
3336 3577 3585 3632 dividens

2022 3663 2075 3717 in
2109 3663 2324 3718 Patrem
2357 3673 2411 3718 et
2443 3665 2495 3718 in
2523 3663 2760 3718 Filium?
2802 3666 2944 3735 quod
2972 3665 3250 3720 Marcellus
3295 3665 3447 3720 facit.
3474 3666 3586 3722 Nec

2022 3755 2267 3810 eumdem
2315 3755 2454 3824 quod
2506 3755 2772 3809 Sabellius
2806 3756 2953 3818 facit,
2981 3755 3370 3810 Filio-“Patrem
3416 3755 3586 3810 intro-

2025 3849 2216 3902 ducit:
2246 3850 2338 3904 sed
2371 3864 2494 3904 cum
2525 3849 2689 3903 Deum
2727 3858 3039 3913 veneretur,
3086 3848 3329 3918 agnoscit
3382 3857 3437 3903 et
3487 3863 3583 3903 ex-

2021 3949 2232 4009 spectat
2262 3941 2528 3997 Christum
2558 3941 2674 4011 ejus
2699 3957 2794 4010 per
2837 3941 3126 4010 prophetas
3155 3942 3529 3996 annuntiatum
3563 3957 3582 3998 ε

2023 4043 2180 4097 quem
2198 4045 2317 4082 eum
2339 4031 2660 4095 advenisset,
2680 4030 2803 4100 quia
2833 4045 2936 4082 non
2961 4041 3330 4097 susceperant,
3355 4030 3584 4085 inﬁdeli-

2025 4122 2151 4175 tatis
2177 4122 2318 4176 illius
2359 4136 2569 4192 pcenam
2625 4120 2888 4175 sufferunt
2928 4122 3102 4176 adhuc
3130 4130 3183 4176 et
3212 4122 3576 4177 sustinebunt.

2623 4213 2640 4284 ι
2667 4212 2816 4268 CAP.
2851 4211 2934 4267 γι.

2353 4303 2624 4368 Quomodo
2653 4305 2834 4356 credat
2868 4302 3104 4358 Ecclesia
3137 4302 3249 4356 Dei.

2091 4395 2278 4464 Atqui
2305 4395 2356 4448 in
2391 4395 2557 4461 illum,
2585 4396 2676 4463 qui
2703 4396 2940 4460 advenit,
2982 4395 3208 4448 credere
3249 4393 3579 4461 desiderant,

2024 4490 2135 4544 haec
2187 4491 2288 4542 tria
2333 4488 2616 4541 manifeste
2671 4487 3074 4543 conﬁtebuntur
3111 4506 3124 4542 :
3177 4496 3359 4540 natum
3389 4487 3456 4540 de
3491 4501 3580 4540 se-

2025 4583 2167 4635 mine
2199 4581 2435 4645 Davidis,
2487 4582 2712 4652 ipsaque
2740 4582 2872 4636 adeo
2902 4581 3243 4635 sanctissima
3303 4577 3521 4648 Virgine
3555 4597 3570 4634 :

2024 4673 2228 4726 Filium
2283 4688 2496 4743 quoque
2547 4674 2639 4729 Dei
2678 4689 2800 4729 eum
2850 4674 3263 4735 inhabitantem.
3299 4671 3386 4741 qui
3428 4672 3578 4753 prius

355 5058 974 5138 geor'qtoq,§wpagtxtbc
991 5065 1326 5138 κατοικῆσαι.
1351 5063 1615 5138 llr-Mox
1640 5065 1800 5138 vulgo
1831 5065 1910 5138 διὸ

2083 5067 2194 5138 (2|)
2226 5065 2439 5136 Γυμνῷ
2466 5063 2544 5130 τῷ
2575 5064 2752 5134 λόγῳ.
2785 5060 3311 5138 Sabellius_najn_qne
3328 5059 3451 5138 hvnll
3482 5076 3573 5138 er-

352 5130 436 5194 δέ,
470 5130 522 5186 et
544 5135 608 5202 ἦν
637 5133 691 5185 δὲ
726 5130 910 5202 θεολογ

355 5216 416 5254 π.
435 5202 865 5274 Αῆ-κκᾲνθρωπον
896 5213 949 5256 et
969 5205 1062 5256 ἕνα
1091 5207 1139 5258 δ.
1171 5202 1260 5256 τὸν
1281 5205 1342 5257 Θ.

423 5272 533 5342 (l9)
569 5271 722 5341 Vulg.
745 5275 1258 5342 Συκοεραντοῦντα.
1289 5276 1397 5328 luto
1432 5273 1906 5341 συκοφαντοῦντες.

349 5339 448 5412 Est
491 5339 631 5395 enim
664 5339 995 5410 συκοφαντία
1035 5345 1158 5397 illud
1202 5347 1268 5398 de
1297 5345 1402 5397 Deo
1435 5339 1746 5411 prmdicare,
1774 5349 1914 5412 quod

351 5409 496 5465 Deus
530 5427 634 5465 non
658 5409 874 5465 erat.’|n
909 5424 1175 5479 postremo
1205 5413 1308 5466 line
1331 5409 1545 5480 capitis,
1567 5412 1690 5464 lerri
1731 5409 1910 5470 forsan

350 5493 533 5549 posset
564 5491 618 5535 et
651 5481 840 5552 θνητὸν
875 5482 1005 5552 βίον.
1029 5481 1308 5536 M.-—-‘Dein
1337 5483 1384 5534 εί
1409 5480 1465 5535 δέ
1498 5491 1552 5535 et
1576 5481 1690 5534 υἱοῦ
1717 5484 1904 5552 ὐφεστ.

348 5559 402 5604 et
430 5551 699 5621 ένωμένον
737 5551 828 5603 καὶ
852 5551 968 5606 συν.

918 5176 929 5188 .
961 5145 1014 5213 et
1038 5129 1118 5213 οἷς
1148 5128 1376 5213 ἐκτραπ.
1402 5146 1456 5188 et
1485 5135 1611 5188 Υίὸν
1653 5128 1757 5187 τοῦ
1773 5136 1905 5188 Θεοῦ

2024 5128 2418 5198 ιη’Μςίτοειῖιιηὶ
2452 5128 2614 5196 clam,
2634 5128 2749 5213 non
2766 5131 3032 5211 exsertim.
3056 5128 3575 5213 Ea§s1}t&§5tv._luo

2011 5202 2108 5260 ἀεί
2177 5207 2337 5259 Deum
2401 5222 2505 5259 ηυιι
2559 5205 2908 5257 dividebant:
2948 5202 3068 5267 quia
3123 5202 3391 5253 Christum
3436 5202 3572 5267 ejus,

2017 5278 2188 5330 adhuc
2211 5283 2576 5341 exspectatum
2607 5275 2912 5330 credebant,
2958 5271 3268 5341 et_credunt
3299 5284 3494 5341 verum
3521 5283 3575 5325 et

2019 5361 2223 5400 merum
2263 5336 2552 5402 hominem.
2582 5346 2644 5395 de
2684 5341 2990 5396 hominibus
3014 5338 3272 5394 futurum.
3299 5336 3570 5396 M.—Mox

2023 5416 2180 5476 vulgo
2212 5414 2382 5468 σέὸων
2406 5415 2496 5467 καὶ
2532 5414 2622 5464 τὸν
2643 5411 2702 5463 Θ.

2083 5485 2194 5553 (2‘2)
2236 5486 2402 5555 Vulgo
2435 5481 2755 5555 γνωρίζουσι
2764 5497 2790 5555 _:
2822 5489 2874 5555 et
2894 5479 3378 5555 ἀπεστάλθηῌΜεῙ-ιι
3403 5495 3571 5555 cor_r.;

2012 5547 2133 5608 mox
2175 5547 2367 5623 vulgo‘
2389 5547 2594 5614 ρι’Υἱὸς
2635 5551 2733 5623 τοῦ
2757 5551 2907 5622 ᾶνθρ.
2943 5553 3000 5623 ὃν
3023 5562 3075 5606 et
3111 5547 3272 5622 τρίῶν
3294 5551 3351 5604 δέ
3385 5562 3436 5604 et
3464 5547 3573 5604 εἷεν

420 5619 786 5691 (Ξογυὺσίαν
811 5621 878 5693 ἐν
897 5622 1085 5688 ἑαυτῷ
1125 5623 1295 5677 εἶναι.
1345 5619 1557 5693 ﬂecte,
1615 5636 1668 5677 et
1727 5634 1903 5679 tamen

2024 5625 2200 5678 ὶποὸλ.
2233 5619 2289 5677 et
2322 5623 2416 5693 τὴν
2452 5624 2548 5692 μὲν
2584 5621 2759 5692 σάρκα
2794 5619 2927 5674 τίσ.
2958 5621 3126 5677 Porro
3148 5619 3317 5689 Vulgo
3373 5623 3572 5673 σκοπὸν

348 5687 596 5759 Exsonat
621 5694 775 5760 paulo
795 5692 941 5760 prius
973 5687 1068 5762 legi
1098 5703 1322 5762 poterat.
1345 5689 1412 5742 Μ.

2009 5706 2058 5749 et
2092 5693 2520 5763 δογματίζοντες.
