4086 6202
556 245 664 302 855

1227 242 1496 300 EUSEBII
1535 243 2013 299 C.£S.\RIENSIS
2052 242 2201 303 OPP.
2243 243 2421 299 PARS
2457 244 2551 300 IV.
2587 275 2658 285 —
2696 243 3120 301 DOGMATICA.

3679 243 3792 309 836

557 362 822 428 exstabat,
871 367 925 415 et
976 362 1406 417 substantialiter
1437 363 1770 418 consistebat
1808 380 1821 417 :
1858 378 1958 418 nec
2008 380 2113 417 non

2220 364 2523 433 ὑφεστῶτα·
2552 365 2643 417 καὶ
2675 364 2765 416 τὸν
2809 364 2998 417 τούτου
3033 364 3250 434 Πατέρα
3276 361 3429 425 Θεὸν,
3465 364 3555 433 ὑφ’
3588 359 3649 416 οῦ
3698 367 3799 418 καὶ

557 454 713 509 istius
750 453 961 507 Patrem
1010 455 1173 506 Deum
1201 493 1216 516 ,
1277 468 1307 506 a
1356 470 1463 523 quo
1504 456 1702 508 missus
1754 454 1971 509 advenit
2004 456 2113 518 ille,

557 548 1004 614 quemadmodum
1049 545 1116 599 ab
1166 546 1281 613 ipso
1329 562 1469 615 saepe
1498 547 1713 615 ponitur
1744 548 1796 600 in
1845 547 2113 604 confesso.

555 637 721 691 Nobis
750 638 911 705 igitur
930 652 1065 691 unus
1094 637 1234 691 Deus
1264 648 1367 703 est,
1387 656 1419 690 α
1448 650 1549 708 quo
1576 648 1697 691 sunt
1727 642 1905 693 omnia
1926 640 1994 704 “,
2029 656 2116 695 se-

554 734 785 784 Cundum
828 730 1067 799 Apostoli
1131 731 1357 785 dictum.
1392 732 1456 784 Et
1490 748 1626 786 unus
1657 733 1911 786 Dominus
1966 733 2119 788 Jesus

554 821 802 876 Christus
849 832 941 891 per
990 839 1138 889 quem
1173 833 1294 875 sunt
1340 838 1514 877 omnia
1572 825 1639 887 ⁸⁸,
1676 826 1767 892 qui
1802 824 1908 879 Deo
1947 825 2118 880 Filius

555 912 861 980 unigenitus
890 915 1317 982 przeexsistebat.
1354 914 1417 966 Et
1446 915 1655 975 tertius,
1679 917 1973 968 secundum
2002 931 2120 968 car-

553 1018 673 1057 nem
700 1003 865 1058 Filins
909 1006 1144 1059 hominis
1180 1023 1191 1058 :
1225 1020 1384 1074 quem
1433 1006 1705 1059 hominem
1738 1016 1918 1059 nostra
1956 1022 2118 1061 causa

551 1097 785 1165 suscepit
810 1097 977 1150 Filius
1007 1098 1121 1151 Dei.
1150 1098 1255 1151 Sed
1293 1113 1387 1151 nec
1416 1112 1610 1166 corpus
1634 1099 1776 1167 quod
1803 1102 2115 1167 assumpsit,

550 1196 669 1238 erat
719 1186 857 1238 idem
894 1201 1015 1239 cum
1069 1186 1205 1239 Filio
1244 1188 1356 1252 Dei,
1400 1188 1490 1255 qui
1533 1188 1826 1256 assumpsit
1866 1204 1880 1239 :
1946 1202 2121 1257 neque

551 1275 669 1345 ipse
699 1278 791 1329 Dei
832 1278 1002 1332 Filius
1047 1295 1184 1332 unus
1212 1278 1461 1346 idemque
1484 1281 1640 1333 debet
1664 1280 1961 1333 existimari
1996 1295 2118 1333 cum

551 1369 796 1437 genitore
826 1384 940 1423 suo.
975 1370 1015 1423 E
1050 1371 1223 1423 tribus
1252 1380 1431 1424 autem
1487 1370 1748 1437 subjectis
1793 1372 1943 1425 hisce
1969 1412 1983 1437 ,
2045 1372 2120 1424 illi

552 1460 640 1527 qui
665 1459 876 1513 duobus
908 1461 1186 1515 concessis
1213 1462 1432 1516 tertium
1463 1461 1738 1530 rejiciunt,
1769 1464 1836 1516 ab
1880 1462 2121 1517 Ecclesia

551 1552 645 1605 Dei
685 1562 811 1607 sunt
840 1552 1149 1623 rejiciendi.

786 1632 787 1635 ‘
1040 1649 1049 1659 ·
1187 1642 1337 1697 CAP.
1385 1642 1491 1697 vn.
1516 1643 1531 1715 ι

2219 457 2379 519 αὑτὸς
2438 456 2770 509 ἀπεστάλθαι
2812 457 3048 526 συνεχῶς
3092 455 3365 526 ὁμολογεῖ.
3408 457 3569 527 Ἡμῖν
3613 456 3799 511 τοίνυν

2219 544 2297 611 εἷς
2324 548 2453 611 Θεὸς
2483 550 2510 600 6
2546 547 2755 618 Πατὴρ,
2795 548 2863 611 ἐξ
2900 546 2971 604 οὗ
3004 550 3073 601 τὰ
3101 548 3316 609 πάντα,
3350 548 3489 601 κατά
3505 548 3593 600 τὸν
3636 550 3796 603 Ἀπό-

2221 640 2419 693 στολον⁵
2479 643 2570 695 καὶ
2613 638 2690 705 εἷς
2719 642 2918 713 Κύριος
2959 641 3163 711 Ἰησοῦς
3190 640 3440 712 Χριστὸς,
3492 640 3564 692 δι’
3604 634 3679 695 οὗ
3722 640 3797 694 τὰ

2218 730 2431 793 πάντα,
2464 734 2491 784 6
2520 731 2699 802 προὼν
2729 732 2823 784 τοῦ
2852 731 2985 784 Θεοῦ
3017 732 3305 803 μονογενὴς
3332 733 3476 796 Υἱὸς,
3497 734 3590 801 καὶ,
3612 730 3799 804 τρίτος

2218 822 2246 873 6
2280 822 2417 874 καντά
2447 824 2623 894 σάρκα
2655 824 2777 886 Υἱὸς
2801 823 3105 894 ἀνθρώπου,
3139 824 3195 875 ὃν
3240 825 3305 877 δι’
3338 826 3484 895 ἡμᾶς
3507 826 3798 896 ἀνείληφεν

2219 916 2246 964 6
2275 913 2401 977 Υἱὸς
2423 914 2516 966 τοῦ
2551 915 2707 969 Θεοῦ.
2758 916 2894 968 Ἀλλ’
2918 916 3041 969 οὑτε
3073 917 3101 968 ὃ
3130 916 3381 986 ἀνείληφε
3417 917 3573 988 σῶμα
3598 919 3799 973 ταύτὸν

2218 998 2381 1073 ἦντῷ
2410 1005 2717 1074 ἀνειληφότι
2758 1005 2871 1075 Υἱῷ
2900 1006 2993 1059 τοῦ
3039 1006 3192 1059 Θεοῦ’
3226 1006 3345 1058 οὔτε
3394 1004 3553 1070 αὑτὸς
3588 1009 3617 1059 6
3668 1007 3800 1069 Υἱὸς

2219 1094 2312 1147 τοῦ
2340 1096 2471 1148 Θεοῦ
2504 1093 2583 1157 εἷς
2617 1098 2711 1150 καὶ
2754 1100 2781 1150 6
2826 1098 2987 1161 αὑτὸς
3022 1097 3086 1150 ἂν
3120 1098 3397 1169 νομισθείη
3422 1098 3497 1168 τῷ
3533 1114 3799 1170 γεγεννη-

2219 1193 2358 1241 κότι“
2391 1190 2558 1261 τριῶν
2587 1191 2649 1260 δὴ
2684 1191 2884 1245 τούτων
2917 1192 3306 1262 ὑποκειμένων,
3332 1195 3379 1245 οἱ
3401 1194 3493 1245 δύο
3541 1194 3797 1259 διδόντες,

2219 1281 2279 1333 τὸ
2314 1282 2492 1352 τρίτον
2527 1283 2570 1334 δ’
2597 1284 2835 1337 ἐκποδὼν
2868 1284 3194 1355 ποιούμενοι,
3226 1285 3661 1358 τῆςῈκκλησίας
3686 1284 3800 1342 εἷεν

2223 1371 2288 1424 ἂν
2321 1372 2634 1444 ἀπόϐλητοι.

2878 1638 3032 1704 xm.
3066 1642 3141 1706 2'.

550 1753 702 1817 Quod
718 1755 975 1827 diuersum
998 1755 1060 1808 ab
1085 1754 1320 1809 Ecclesia
1338 1756 1526 1825 dogma
1544 1767 1761 1820 tuentes,
1781 1776 1811 1811 α
1826 1757 2114 1827 theologica

2223 1739 2413 1805 Ὅπως
2451 1742 2504 1793 οί
2527 1740 2858 1827 ἐτερόδρξοί
2887 1743 3196 1827 διαφόρως,
3213 1743 3322 1811 τῆς
3352 1746 3484 1811 περὶ
3517 1745 3622 1799 τοῦ
3656 1746 3798 1800 Υιοῦ

547 1832 611 1877 de
637 1826 729 1877 Dei
760 1823 900 1878 Filio
924 1827 1148 1891 ratione,
1187 1842 1289 1878 non
1321 1823 1421 1879 uno
1459 1831 1609 1880 modo
1644 1830 1754 1880 solo
1782 1823 2112 1882 exciderunt.

618 1915 847 1969 Carnem
879 1926 1026 1969 certe
1065 1916 1375 1971 Servatoris
1412 1917 1558 1970 athei
1606 1918 1824 1986 quidam
1877 1920 2117 1973 lueretici

546 2006 887 2077 abnegando,
924 2014 979 2061 et
1036 2009 1293 2077 opinione
1346 2018 1553 2061 tantum
1609 2010 1771 2071 nuda,
1830 2019 1991 2079 atque
2022 2026 2118 2080 per

544 2099 888 2165 phantasiam
946 2099 1001 2152 in
1051 2100 1211 2153 terris
1258 2101 1574 2168 apparuisse
1621 2100 1793 2153 solam
1845 2102 2113 2168 dicendo,

544 2188 704 2258 primi
728 2197 884 2241 erant
915 2189 1007 2258 qui
1038 2189 1091 2242 in
1132 2190 1232 2243 hoc
1261 2203 1458 2259 genere
1494 2205 1522 2243 a
1560 2205 1725 2258 Scopo
1751 2192 1996 2246 veritatis
2022 2207 2116 2246 ex-

545 2280 819 2335 ciderunt.
870 2281 1033 2350 Atqui
1063 2281 1521 2351 dispensationem
1568 2282 1713 2336 illam
1745 2283 1795 2335 in
1823 2294 1985 2339 carne
2016 2285 2111 2339 ad-

544 2373 830 2439 miserunt,
879 2373 1213 2441 abnegantes
1272 2377 1762 2443 praeexsistcutiam
1810 2375 1935 2430 Filii
1996 2377 2111 2444 Dei,

542 2468 742 2530 varias,
780 2468 921 2535 quod
944 2467 1057 2536 jam
1084 2467 1219 2530 dixi,
1263 2482 1509 2521 errorum
1558 2469 1780 2524 semitas
1826 2469 2115 2526 adinveue-

542 2568 691 2613 runt.
726 2559 865 2614 Sunt
888 2560 977 2628 qui
1012 2574 1222 2613 merum
1258 2557 1406 2611 illum
1449 2559 1723 2613 hominem
1756 2562 2109 2629 arbitrantur,

543 2649 713 2704 nihilo
746 2649 1022 2704 meliorem
1052 2649 1334 2703 hominum
1373 2658 1567 2703 natura
1629 2650 1947 2714 communi,
2006 2652 2113 2705 nisi

542 2754 801 2811 quantum
822 2742 886 2795 ad
910 2742 1127 2796 virtutis
1154 2743 1558 2810 prterogativas.
1587 2743 1655 2794 At
1684 2746 1772 2811 qui
1806 2745 1981 2812 ipsum
2014 2758 2110 2796 su-

541 2844 638 2902 per
666 2832 847 2887 omnia
884 2832 1051 2886 Deum
1076 2846 1276 2899 corpus
1321 2830 1664 2885 inhabitasse
1705 2830 1995 2897 afﬁrmant,
2054 2840 2111 2885 et

542 2924 715 2993 ipsum
739 2924 819 2977 sui
861 2924 1029 2993 ipsius
1067 2922 1263 2975 Filium
1291 2924 1567 2977 exstitisse
1601 2934 1868 2986 asserunt,
1896 2935 2113 2993 propter

542 3013 687 3067 illam
715 3013 1006 3067 secundum
1031 3013 1304 3065 hominem
1339 3012 1825 3080 dispensationem,
1858 3029 1978 3066 cum
2004 3015 2110 3069 duo

543 3106 924 3167 concederent,
969 3105 1135 3157 Deum
1183 3115 1345 3171 atque
1405 3105 1715 3167 hominem,
1764 3120 1791 3156 a
1830 3104 1989 3157 tertio
2024 3120 2111 3159 se-

540 3193 801 3262 metipsos
819 3192 1186 3255 excluserunt,
1211 3192 1560 3246 Servatorem
1591 3194 1765 3260 ipsum
1793 3193 1882 3246 Dei
1913 3192 2109 3248 Filium

540 3285 873 3353 unigenitum
915 3283 1252 3354 abnegando.
1278 3290 1335 3346 ὦ
1368 3283 1517 3337 Hanc
1551 3285 1677 3337 olim
1705 3284 1971 3338 Sahellius
1998 3294 2111 3339 tue-

540 3375 703 3429 batur
741 3376 1068 3429 sententiam
1098 3392 1110 3427 :
1169 3386 1223 3430 et
1258 3377 1324 3429 ad
1376 3375 1519 3428 illam
1552 3391 1693 3429 nunc
1726 3376 1935 3430 delatus
1966 3375 2109 3430 Mar-

540 3468 708 3522 cellus
739 3468 889 3520 abiit.
919 3466 1042 3534 Qui,
1072 3483 1178 3521 non
1209 3468 1370 3522 aliter
1427 3482 1588 3537 quam
1622 3467 1790 3523 Judaei
1825 3468 2066 3523 inﬁdeles
2091 3507 2108 3534 ,

540 3573 598 3615 se
634 3561 797 3614 Deum
823 3574 1116 3629 agnoscere
1135 3562 1477 3631 proﬁtentur.
1496 3562 1585 3631 qui
1609 3572 1691 3616 est
1711 3577 1874 3631 super
1896 3576 2107 3627 omnes,

539 3662 595 3707 et
622 3652 722 3706 hoc
769 3653 1119 3707 vehementer
1170 3664 1383 3724 urgent.
1442 3655 1693 3711 Secundo
1725 3670 1939 3723 quoque
1991 3653 2108 3709 loco

540 3758 761 3797 carnem
790 3752 1087 3811 agnoscunt
1108 3745 1173 3799 de
1197 3743 1417 3812 Virgine
1446 3755 1711 3813 sumptam
1727 3744 2103 3800 sanctissima:

541 3833 763 3887 tertium
794 3847 924 3886 vero
954 3834 1107 3898 illud,
1136 3835 1276 3901 quod
1305 3844 1389 3887 cst
1413 3836 1641 3903 primum
1680 3833 1872 3888 salutis
1909 3844 2107 3890 nostra:

540 3934 722 3992 caput,
750 3923 966 3989 Filium,
996 3934 1155 3993 quem
1192 3926 1335 3979 velut
1382 3926 1556 3980 obviis
1589 3924 1729 3978 ulnis
1763 3926 2103 3993 amplectun-

541 4025 649 4079 tur,
676 4015 849 4069 lucem
879 4026 1041 4081 atque
1073 4019 1382 4085 veritatem,
1411 4032 1504 4087 per
1530 4018 1940 4088 abnegatiunem
1962 4020 2103 4090 Filii,

537 4123 569 4163 a
598 4109 845 4164 veritatis
883 4109 998 4164 luce
1032 4112 1370 4165 exciderunt.
1402 4110 1538 4165 Hinc
1562 4121 1664 4176 est,
1692 4122 1750 4166 ut
1774 4111 1893 4166 illos
1918 4115 2105 4168 audia-

534 4216 660 4258 mus
690 4218 853 4256 unum
889 4204 1107 4271 quidem
1140 4203 1306 4257 Deum
1332 4207 1673 4269 conlitentes,
1694 4214 1747 4259 et
1774 4221 1991 4259 carnem
2014 4221 2105 4260 ve-

538 4305 797 4349 nerantcs
824 4311 852 4347 a
884 4295 1178 4349 Servalore
1202 4306 1508 4365 susceptam
1543 4314 1558 4351 :
1594 4306 1649 4349 at
1688 4296 1882 4351 Filium
1912 4297 2105 4351 nihilo-

2608 1815 2914 1881 θεολογίας
2937 1814 3412 1868 ἐκπεπτώκασιν.

2293 1900 2402 1971 Τὴν
2450 1901 2513 1973 δὴ
2563 1902 2659 1971 μὲν
2708 1904 2883 1973 σάρκα
2932 1903 3024 1959 τοῦ
3066 1904 3315 1974 Σωτῆρος
3357 1903 3503 1958 ἀθεοί
3522 1921 3665 1967 τινες
3685 1906 3799 1959 τῶν

2220 1994 2539 2065 ἑτεροδόξων
2573 1978 3059 2067 παραιτησάμενοι,
3106 1999 3231 2071 δόξῃ
3260 1999 3315 2051 δέ
3355 2017 3459 2052 τινι
3494 2003 3798 2068 φαντασίας

2218 2077 2393 2153 ὦφθαι
2423 2088 2583 2139 αὑτὸν
2605 2089 2695 2139 ἐπὶ
2731 2088 2830 2158 τῆς
2866 2088 2968 2157 γῆς
3007 2090 3305 2160 εἰρηκότες,
3339 2090 3544 2161 πρῶτοι
3578 2092 3669 2145 τοῦ
3693 2094 3796 2163 τῆς

2217 2176 2473 2247 ἀληθείας
2504 2180 2703 2231 σκοποῦ
2755 2181 3209 2252 διημαρτήκασιν.
3240 2184 3300 2235 Ui
3330 2183 3497 2254 δὲτὴν
3530 2183 3794 2256 ἑνσαρκον

2217 2272 2527 2341 οἰκονομίαν
2563 2274 3041 2345 παραδεδεγμένοι,
3073 2276 3163 2328 τὸν
3199 2276 3253 2328 δὲ
3281 2278 3512 2348 προόντα
3534 2278 3626 2330 τοῦ
3657 2278 3794 2331 Θεοῦ

2219 2361 2344 2413 Υἱὸν
2386 2364 2776 2434 ἀρνησάμενοι,
2821 2365 3089 2428 ποικίλας,
3129 2367 3203 2429 ὡς
3237 2367 3393 2437 ἔφην,
3439 2371 3649 2432 ἑαυτοῖς
3693 2370 3797 2424 ἀν-

2216 2453 2364 2517 οδίας
2397 2456 2720 2526 ἐπενόησαν.
2755 2458 2817 2510 Οἱ
2845 2456 2900 2510 δὲ
2946 2457 3098 2527 ψιλὸν
3149 2459 3453 2529 ἄνθρωπον,
3482 2460 3579 2529 τῆς
3608 2462 3796 2531 κοινῆς

2218 2547 2467 2599 ἁπάντων
2489 2548 2699 2617 φύσεως
2738 2552 2855 2601 κατ’
2886 2551 3036 2603 οὐδὲν
3072 2552 3351 2622 κρείττονα
3379 2553 3410 2623 ἦ
3442 2554 3563 2606 ὅσον
3592 2556 3796 2624 ἀρετῆς

2216 2640 2611 2709 προτερήμασι,
2648 2642 2927 2709 γεγονέναι
2970 2642 3129 2695 αὑτὸν
3176 2645 3476 2715 εἰρηκότες.
3509 2647 3572 2697 Οί
3612 2646 3655 2697 δ’
3703 2648 3796 2699 αὑ-

2214 2730 2303 2782 τὸν
2328 2733 2605 2802 ἐνοικῆσαι
2650 2733 2738 2785 τὸν
2783 2734 2888 2786 τῶν
2918 2734 3052 2786 ὅλων
3077 2735 3207 2787 Θεὸν
3244 2736 3320 2805 τῷ
3354 2736 3564 2807 σώματι
3587 2738 3794 2809 δογμαο

2214 2824 2480 2887 τίσαντες,
2519 2825 2645 2877 Υίόν
2672 2844 2731 2878 τε
2760 2827 2922 2879 αὑτὸν
2980 2827 3174 2880 ἑαυτοῦ
3207 2830 3543 2900 χρηματίσαι
3570 2831 3789 2899 φάντες,

2213 2914 2281 2966 δι’
2306 2917 2371 2985 ἢν
2420 2918 2681 2986 ὑπέμεινε
2730 2920 2846 2971 κατ’
2896 2920 3178 2992 ἄνθρωπον
3225 2924 3557 2992 οίκονομίαν,
3602 2923 3695 2975 δύο
3716 2924 3794 2975 δι-

2211 3005 2391 3069 δόντες
2445 2998 2609 3071 οὑτοι,
2647 3008 2780 3060 Θεὸν
2833 3009 2926 3061 καὶ
2977 3009 3282 3079 ἄνθρωπον,
3331 3010 3425 3062 τοῦ
3477 3010 3661 3081 τρίτου
3700 3010 3789 3063 τὸν

2217 3096 2479 3163 μονογενῆ
2496 3094 2588 3147 τοῦ
2622 3096 2756 3148 Θεοῦ
2785 3096 2932 3163 Υἱὸν,
2954 3098 3342 3169 ἀρνησάμενοι.
3384 3100 3599 3151 Τούτων
3625 3099 3791 3153 πάλαι

2217 3188 2313 3256 μὲν
2350 3188 2652 3252 Σαϐέλλιος,
2699 3191 2816 3242 νυνὶ
2874 3190 2929 3242 δὲ
2978 3191 3319 3261 Μάρκελλος,
3358 3196 3421 3262 τῇ
3454 3192 3645 3264 γνώμῃ
3676 3202 3793 3247 συνέ

2212 3279 2575 3347 ἀπαχθέντες,
2598 3280 2687 3332 τὸν
2712 3282 2807 3351 μὲν
2839 3284 2931 3335 ἐπὶ
2967 3282 3182 3335 πάντων
3227 3283 3360 3336 Θεὸν
3397 3284 3656 3336 Ἰουδαίων
3671 3287 3787 3348 τοῖς

2212 3368 2457 3432 ἀπίστοις
2481 3371 2679 3441 ὁμοίως
2725 3368 2783 3425 εὖ
2812 3373 2953 3444 μάλα
2984 3374 3181 3427 εἰδέναι
3204 3374 3645 3445 διισχυρίζονται·
3683 3376 3781 3429 καὶ

2210 3459 2459 3532 δεύτερον
2508 3464 2605 3533 τὴν
2661 3464 2835 3537 σάρκα
2880 3466 2975 3537 τὴν
3030 3468 3093 3518 ὲκ
3152 3467 3249 3536 τῆς
3292 3467 3445 3532 ἁγίας
3496 3464 3774 3536 Παρθένου

2211 3556 2711 3623 συνωμολογήκασι·
2760 3556 2873 3626 (ἳὸ)
2915 3558 2975 3609 τὸ
3007 3558 3063 3609 δὲ
3095 3557 3294 3627 τρίτον,
3330 3556 3460 3609 αὐτὸ
3504 3556 3565 3608 τὸ
3602 3556 3778 3625 κεφά-

2218 3642 2370 3697 λαιον
2416 3647 2514 3717 τῆς
2545 3648 2796 3701 ἀπάντων
2836 3650 2989 3720 ἡμῶν
3043 3650 3335 3721 σωτηρίας,
3388 3650 3481 3701 τὸν
3509 3650 3634 3702 Υἱὸν
3685 3649 3782 3704 τοῦ

2209 3734 2341 3788 Θεοῦ
2372 3739 2939 3809 παραγκωνισάμενοι,
2959 3739 3073 3808 φῶς
3088 3740 3216 3792 ὄντα
3241 3740 3331 3792 κα)⁵
3356 3739 3609 3812 ἀλήθειαν
3625 3741 3784 3811 ὁμοῦ,

2208 3832 2271 3898 τῇ
2303 3830 2527 3899 ἀρνήσει
2582 3830 2672 3883 τοῦ
2725 3831 2875 3894 Υίοῦ,
2921 3832 3133 3883 καὶτοῦ
3172 3832 3270 3902 τῆς
3316 3832 3573 3901 ἀληθείας
3612 3835 3787 3903 φωτὸς

2209 3922 2646 3977 ἐκπεπτώκασιν.
2696 3926 2887 3977 Ἔνθεν
2919 3926 3014 3978 ἕνα
3055 3924 3151 3995 μὲν
3194 3924 3328 3977 Θεὸν
3381 3927 3786 3995 ὁμολογούντων

2208 4014 2384 4067 αὐτῶν
2421 4015 2662 4080 ἀκούσει,
2708 4017 2801 4070 καὶ
2850 4017 2947 4087 τὴν
2982 4017 3158 4087 σάρκα
3196 4017 3251 4069 δὲ
3293 4017 3387 4069 τοῦ
3429 4019 3675 4089 Σωτῆρος
3703 4037 3785 4071 τι-

2210 4107 2452 4177 μώντων’
2472 4108 2562 4161 τὸν
2592 4109 2647 4160 δὲ
2673 4110 3024 4179 ἐνοικήσαντα
3057 4114 3121 4181 τῇ
3162 4112 3325 4182 σαρκὶ
3350 4112 3484 4164 Θεοῦ
3520 4113 3644 4164 Υἱὸν
3675 4131 3785 4181 φω-

2206 4200 2268 4267 νῇ
2296 4199 2391 4267 μὲν
2428 4198 2519 4251 καὶ
2562 4199 2765 4267 χείλεσι
2798 4201 3269 4271 παραδεχομένων,
3316 4202 3463 4273 ἔργῳ
3497 4203 3549 4255 δὲ
3589 4221 3785 4274 παραι-

2205 4290 2498 4361 τουμένων.
2525 4292 2652 4345 Υἱὸν
2674 4293 2781 4364 γὰρ
2801 4292 2933 4345 Θεοῦ
2969 4294 3104 4365 χρῆν
3133 4293 3334 4366 ζητεῖν,
3367 4296 3579 4365 ἀληθῶς
3604 4297 3785 4359 ζῶντα

538 4388 716 4441 minus
755 4386 857 4451 Dei
882 4386 1275 4441 inhabitantem
1318 4388 1458 4441 hanc
1486 4403 1729 4453 carnem,
1767 4405 1895 4443 voce
1948 4400 2102 4445 tenus

2214 4382 2299 4433 καὶ
2329 4382 2630 4450 ὑφεστῶτα·
2671 4383 2794 4436 οῦτε
2844 4386 2934 4437 τὸν
2971 4387 3152 4449 αὑτὸν,
3296 4388 3606 4457 ἀνείληφεν,
3652 4387 3783 4441 ὅντα

538 4486 701 4547 atque
731 4477 905 4542 labiis,
940 4493 1060 4532 cum
1097 4488 1413 4547 agnoscant,
1442 4493 1499 4533 re
1527 4480 1637 4549 ipsa
1685 4482 1900 4549 penitus
1938 4483 2102 4537 abne-

533 4579 744 4637 cantes.
769 4568 902 4622 Nam
933 4568 1126 4623 Filium
1158 4570 1249 4624 Dei
1302 4571 1573 4639 inquirere
1602 4572 1860 4626 debemus
1905 4574 2053 4627 illum
2084 4614 2101 4639 ,

534 4661 631 4730 qui
656 4662 799 4715 vivat
827 4670 881 4715 et
906 4661 1163 4715 subsistat
1185 4677 1341 4715 vere:
1372 4677 1476 4715 non
1510 4663 1651 4716 idem
1676 4665 1762 4730 qui
1790 4677 2098 4733 censeatur,

2209 4471 2443 4542 σώματι,
2473 4472 2595 4525 οὔτε
2620 4473 2711 4526 τὸν
2727 4476 2886 4527 αὑτὸν
2917 4476 3042 4529 ὅντα
3063 4477 3139 4547 τῷ
3165 4478 3281 4549 Θεῷ
3304 4480 3397 4531 καὶ
3424 4478 3614 4550 Πατρί.
3644 4477 3782 4531 Οὔτε

2207 4562 2314 4634 γὰρ
2334 4564 2425 4616 τὸν
2460 4564 2715 4618 ἐπέκεινα
2743 4565 2849 4618 τῶν
2887 4568 3022 4620 ὅλων
3065 4569 3196 4621 Θεὸν
3244 4571 3369 4623 Υἱὸν
3408 4571 3472 4624 ἄν
3497 4589 3581 4634 τις
3614 4568 3780 4623 εἰπὼν

2206 4656 2433 4726 εὑσεεὴς
2458 4656 2561 4727 εἴη·
2581 4658 2745 4725 (τίνος
2770 4658 2876 4730 γάρ
2914 4660 3065 4713 ἔσται
3095 4662 3221 4725 Υἱὸς
3249 4666 3276 4715 ὁ
3306 4663 3404 4733 τὴν
3430 4664 3663 4735 ἄναρχον
3690 4664 3781 4717 καὶ

534 4766 659 4806 cum
684 4752 773 4806 illo
826 4755 966 4821 quod
1028 4754 1319 4823 assumpsit
1348 4768 1607 4823 corpore;
1660 4769 1759 4808 nec
1793 4756 1930 4808 idem
1975 4768 2100 4808 cum

2214 4748 2497 4819 ἀγέννητον
2528 4749 2754 4820 θεότητα
2787 4752 3245 4824 περιϐεϐλημένος
3267 4758 3304 4820 ;)
3338 4754 3460 4807 οὔτε
3494 4756 3582 4808 τὸν
3626 4770 3781 4825 μονο-

536 4841 645 4897 Deo
687 4853 849 4911 atque
876 4842 1054 4898 Patre.
1098 4843 1282 4912 Neque
1326 4844 1467 4897 enim
1511 4844 1807 4897 secundum
1845 4844 2099 4913 pietatem

2214 4843 2332 4913 γενῆ
2362 4842 2452 4895 τοῦ
2479 4842 2611 4896 Θεοῦ
2656 4844 2782 4898 Υἱὸν
2812 4846 2972 4899 αὑτὸν
3006 4842 3144 4899 εἶναι
3192 4848 3281 4901 τὸν
3321 4849 3540 4919 Πατέρα
3583 4866 3667 4912 τις
3704 4848 3780 4901 εί-

535 4950 662 4992 vere
696 4937 925 4990 senserit
981 4936 1049 5003 is,
1094 4937 1184 5006 qui
1246 4935 1442 4989 Filium
1473 4934 1756 5004 profitetur
1781 4951 1901 4989 esse
1948 4934 2097 4989 illum

2214 4934 2317 4987 πιὼν
2354 4922 2611 5007 δράσεται
2644 4936 2742 5007 τὴν
2780 4937 2919 4991 κατὰ
2948 4937 3056 4989 τῶν
3084 4937 3377 5010 δυσφήμων
3414 4940 3588 5011 δίκην.

535 5024 705 5081 Deum
739 5027 829 5095 qui
869 5034 955 5079 est
1004 5041 1167 5095 super
1215 5026 1418 5081 omnia.
1468 5025 1701 5095 Eceujus
1753 5026 1947 5080 matris
1980 5041 2100 5081 esse
2139 5036 2317 5094 potest
2345 5027 2433 5081 ille
2462 5027 2651 5093 Filius,
2676 5030 2766 5097 qui
2812 5030 3098 5085 divinitate
3162 5032 3397 5101 ingenita
3466 5044 3519 5087 et
3568 5033 3777 5105 absque

533 5120 642 5175 ullo
673 5121 960 5192 principio,
989 5122 1275 5177 amicitur?
1305 5121 1415 5177 Nec
1445 5123 1489 5176 si
1513 5121 1634 5190 quis
1668 5122 2007 5191 unigenitum
2040 5122 2137 5178 Dei
2178 5122 2392 5185 Filium.
2429 5122 2791 5178 eumdemmet
2814 5133 2868 5179 et
2890 5123 3103 5180 Patrem
3136 5141 3257 5181 esse
3283 5130 3490 5190 doceat,
3513 5127 3776 5195 judicium

534 5220 731 5285 poterit
773 5219 1068 5285 declinare,
1104 5220 1248 5289 quod
1299 5228 1383 5274 est
1434 5227 1620 5274 contra
1649 5219 1943 5274 maledicos
1988 5220 2366 5274 constitutum.

608 5441 666 5500 ›Ι‹
697 5436 791 5492 Ed.
823 5438 996 5497 Paris.
1032 5455 1150 5509 pag.
1178 5439 1266 5494 65.
1384 5439 1431 5471 “
1459 5439 1667 5495 Coloss.
1698 5449 1737 5505 t,
1770 5436 1855 5491 16.
1934 5436 1977 5467 ⁵⁸
2006 5436 2140 5490 ibid.
2180 5435 2260 5488 l7.

606 5612 719 5689 (35*)
764 5614 832 5689 Τὸ
854 5614 921 5689 δὲ
950 5618 1344 5687 τρίτονΝιιΙςο
1379 5618 1512 5672 ἀλλὰ
1536 5619 1593 5671 τὸ
1619 5619 1799 5689 τρίτον
1834 5626 1885 5669 et
1918 5615 2031 5689 ΜΡ.⁸
2056 5632 2114 5689 γᾴρ

2215 5613 2329 5689 μῶς
2380 5613 2497 5670 loco
2526 5613 2680 5685 ὁμοῦ,
2715 5627 2767 5673 et
2790 5636 2876 5689 γρ.
2921 5619 3172 5683 ἀκούσεις
3216 5620 3331 5679 loco
3362 5619 3603 5674 ἀκούσει.
3635 5612 3774 5673 Dein

530 5685 692 5753 “"80
722 5686 823 5753 χρὴ
864 5687 1039 5755 ζητεῖν
1067 5702 1118 5745 et
1146 5685 1354 5742 lati—2.
1386 5685 1667 5742 δυσσεϐῶν
1691 5689 1843 5758 δίκην
1878 5699 1930 5743 et
1967 5685 2045 5739 διὸ
2079 5685 2134 5737 δὲ
2170 5686 2289 5753 τήν.
