4086 6202
336 238 436 298 8‘57
1337 236 1425 289 DE
1462 231 1989 289 ECCLESIASTICA
2021 230 2414 285 TIIEOLOGIA
2448 230 2577 283 LIB.
2613 227 2657 282 I.
3460 226 3571 288 οῦδ

1093 358 1151 411 Φ.
1185 358 1264 409 H'.
1947 368 1977 411 Δ
2620 348 2773 403 CAP.
2820 347 2955 403 VIII.

999 358 1151 411 ΚΕΦ.
1185 358 1264 409 H'.
2620 358 2773 403 CAP.
2826 358 2955 403 VIII.

330 450 670 518 Παρὰθεσις
708 450 817 518 τῆς
866 447 1070 571 ἐνγειὲῦὲ
1110 448 1213 579 ἕλικι
1271 448 1774 515 ἐκκλησιαστικης
1816 368 1983 513 Op-A
2012 444 2336 512 Proponitur
2385 443 2680 496 orthodoxa
2725 451 2776 496 et
2824 441 3078 495 salutaris
3126 439 3375 495 Ecclesia:
3418 441 3570 509 ﬁdes.

1001 535 1033 569 ο
1072 535 1103 570 ο
1170 534 1263 579 ας.

1001 534 1263 571 οοοζιαρ.

965 538 1103 571 σοοο
1148 538 1208 569 ια
1250 559 1263 571 ι

402 614 495 665 Διὸ
526 613 590 684 δὴ
616 613 711 683 τὴν
738 611 950 663 εὐθεῖαν
982 609 1074 662 καὶ
1101 538 1383 679 gustatth
1408 609 1524 661 ὁδὸν
1544 608 1909 682 ὀρθοτομοῦσα
2003 671 2010 678 ,

2003 671 2010 678 ι
2079 602 2419 672 Quapropter
2443 603 2528 657 via
2559 602 2703 672 regia
2733 611 2891 674 atque
2921 613 3065 659 recta
3100 603 3354 660 incedens
3382 604 3572 661 Eccle-

336 706 365 775 ἢ
414 704 708 774 Ἐκκλησία
749 700 838 755 τοῦ
866 701 1021 765 Θεοῦ,
1053 701 1148 763 τὰς
1182 700 1278 769 μὲν
1316 700 1478 763 ἄλλας
1526 700 1910 772 παρεκτροπάς

2022 696 2088 751 sia
2142 696 2256 761 Dei,
2314 696 2629 750 diverticula
2675 712 2705 750 a
2759 710 2817 750 se
2855 696 3067 765 ablegat
3122 686 3574 766 cujusquemodi:
3628 762 3635 779 ι

334 795 719 864 ἀπεδοκίμασε,
753 795 865 856 τοῖς
888 793 932 846 δ’
957 792 1128 862 αὐτῆς
1158 792 1433 863 θρέμμασι
1462 791 1562 862 τῆς
1589 792 1770 845 ἐνθέου
1809 791 1910 861 χά-

2010 787 2145 850 suis,
2174 787 2263 855 qui
2310 796 2451 848 sunt,
2484 787 2714 842 alumnis
2756 789 2945 857 gratia:
2982 789 3180 843 divina:
3211 790 3571 859 cognitionem

336 904 483 958 ριτος
514 884 837 955 παραδίδωσι
877 883 975 954 τὴν
998 883 1238 951 ἶγνῶσιν,
1280 885 1397 937 κατ’
1429 884 1559 936 αὐτὸ
1584 871 1683 954 τῆς
1718 884 1909 952 παλιγ-

2009 878 2352 931 commendat
2400 892 2415 929 :
2461 877 2585 931 dum
2639 879 2692 933 in
2750 880 2868 949 ipso
2910 882 3333 950 regenerationis
3393 897 3574 937 sacra:-

335 978 581 1045 γενεσίας
616 978 910 1047 μυστήριον
949 976 1231 1046 ὁμολογεῖν
1272 974 1595 1028 διδάσκουσα
1639 977 1775 1046 (καὶ)
1821 995 1910 1029 πι-

2008 978 2188 1023 mento
2216 968 2371 1023 docet
2407 970 2671 1036 conﬁteri,
2725 980 2779 1025 et
2812 972 3033 1027 credere
3088 974 3140 1028 in
3192 990 3353 1028 unum
3408 976 3572 1030 Deum

338 1067 545 1118 στεύειν
574 1065 684 1133 (24)
704 1067 784 1127 είς
815 1066 912 1119 ἕνα
940 1066 1091 1130 Θεὸν,
1111 1065 1327 1136 Πατέρα
1359 1065 1791 1136 παντοκράτορα,
1822 1082 1908 1117 τε-

2010 1060 2225 1115 Patrem
2274 1063 2737 1132 omnipotentem,
2809 1063 3101 1132 perfectam
3164 1068 3277 1122 suis
3334 1068 3575 1123 numeris

334 1158 481 1210 λείαν
506 1157 597 1210 καὶ
627 1157 829 1227 ἀκριδῆ
882 1156 971 1209 καὶ
997 1157 1285 1227 ὁλόκληρον
1322 1156 1524 1228 ταύτην
1567 1157 1763 1209 εἰδέναι
1792 1157 1904 1227 (25)

2008 1162 2281 1213 exactam,
2302 1162 2356 1205 et
2382 1161 2810 1206 consummatam
2845 1155 3081 1222 undique
3111 1155 3249 1210 hanc
3282 1171 3392 1224 pra:
3416 1172 3475 1211 se
3498 1157 3573 1211 fe-

333 1248 672 1317 παρέχουσαν
700 1246 796 1315 τὴν
822 1246 1113 1315 θεολογίαν,
1142 1246 1176 1317 ἢ
1201 1246 1331 1300 Θεὸν
1365 1247 1461 1316 μὲν
1492 1247 1585 1300 ἕνα
1608 1248 1907 1317 παραδίδω-

2008 1257 2133 1295 rens
2165 1242 2487 1296 credendam
2514 1242 2792 1309 theologia:
2822 1244 3107 1309 rationem,
3156 1259 3261 1313 qua
3288 1244 3428 1299 Deus
3456 1260 3573 1299 esse

332 1355 436 1399 σιν,
477 1339 811 1409 ἀφορίζουσα
848 1340 945 1409 τῆς
990 1338 1302 1410 Ἑλληνικῆς
1347 1338 1437 1391 καὶ
1470 1338 1727 1391 πολυθέου
1774 1337 1903 1390 πλά-

2009 1348 2142 1386 unus
2177 1335 2425 1398 traditur,
2469 1350 2803 1404 paganorum
2856 1335 2921 1389 de
2970 1337 3073 1391 diis
3123 1337 3304 1392 multis
3356 1352 3573 1393 errores

330 1446 445 1498 νης’
491 1431 710 1501 Πατέρα
736 1430 790 1481 δὲ
818 1428 977 1482 αὐτὸν
1002 1427 1106 1482 οἶδε
1139 1431 1239 1500 τῆς
1278 1430 1570 1500 Ἰουδαϊκῆς
1601 1429 1905 1501 χωρίζουσα

2007 1423 2364 1485 refelluntur;
2411 1440 2511 1493 qua
2538 1427 2849 1494 agnoscitur
2890 1427 3029 1480 idem
3065 1428 3205 1483 Deus
3238 1428 3401 1483 Pater
3434 1448 3445 1482 :
3480 1444 3573 1497 per

328 1521 692 1584 διδασκαλίας,
742 1522 1155 1593 παντοκράτορα
1192 1522 1248 1575 δὲ
1292 1522 1449 1574 αὐτὸν
1498 1521 1765 1590 ὁμολογεῖ,
1807 1522 1905 1591 τῆς

2006 1531 2165 1584 quam
2224 1517 2622 1570 confessionem
2672 1532 2827 1571 suam
2874 1520 3197 1573 discernitur
3248 1520 3488 1575 Ecclesia
3542 1537 3574 1576 a

330 1610 438 1663 τῶν
490 1611 664 1664 ἀθέων
710 1612 1028 1682 ἑτεροδόξων
1080 1611 1528 1682 ἀποστρεφομένη
1579 1611 1674 1682 τὴν
1719 1611 1905 1663 δυσσέ-

2006 1606 2249 1673 Judaeis;
2296 1622 2401 1676 qua
2465 1608 2774 1674 agnoscitur
2820 1610 2962 1664 idem
3021 1611 3361 1680 omnipotens
3414 1628 3568 1677 esse,

332 1702 501 1756 ϐειαν.
539 1703 723 1765 Οὐδεὶς
751 1703 879 1771 γοῦν
912 1704 1017 1757 τῶν
1049 1703 1366 1775 ἑτεροδόξων
1397 1702 1539 1756 εἴποι
1573 1702 1639 1755 ἂν
1668 1702 1755 1756 τὸν
1790 1704 1900 1755 Πα-
1933 1707 1945 1762 1

1956 1701 2287 1762 ςθιὴοοιευηι
2320 1709 2375 1754 et
2428 1700 2803 1755 haereticorum
2849 1702 3177 1770 impietatem
3233 1704 3569 1759 detestanda.

334 1792 465 1862 τέρα
498 1792 588 1845 τοῦ
621 1795 878 1866 Χριστοῦ,
917 1796 1080 1847 αὑτὸν
1108 1791 1245 1848 εἶναι
1294 1796 1385 1848 τὸν
1418 1795 1547 1848 Θεὸν
1580 1796 1671 1848 τὸν
1708 1810 1904 1848 παντο-

2004 1788 2191 1843 Nullus
2219 1801 2397 1844 autem
2435 1790 2593 1859 plane
2634 1791 2775 1845 inter
2830 1791 2986 1846 aliter
3029 1793 3377 1860 proﬁtentes,
3410 1808 3572 1863 quam

336 1886 595 1956 κράτορα,
621 1887 695 1949 ὼς
737 1887 855 1939 οὐδὲ
900 1887 1163 1941 Ἰουδαίων
1198 1888 1579 1959 ὁμολογήσειεν
1615 1887 1679 1940 ἄν
1706 1905 1789 1950 τις
1811 1890 1902 1941 τὸν

2002 1883 2245 1942 Ecclesia
2290 1882 2485 1945 docet,
2535 1884 2880 1939 conﬁtebitur
2910 1885 3074 1938 Deum
3109 1885 3325 1939 Patrem
3370 1886 3569 1944 Christi

337 1978 470 2031 Θεὸν
495 1979 705 2048 Πατέρα
738 1975 893 2044 εἶναι,
929 1980 1019 2033 τὸν
1053 1981 1314 2051 μονογενῆ
1353 1980 1477 2033 Υἱὸν
1509 1980 1581 2051 μὴ
1602 1979 1754 2043 εἰδώς
1776 1997 1789 2009 ·
1820 1983 1904 2034 οὑ-

2002 1993 2122 2034 esse
2168 1974 2317 2034 illum
2361 1976 2452 2050 qui
2490 1972 2631 2029 Deus
2665 1987 2747 2029 est
2782 1976 3157 2046 omnipotens;
3188 1982 3247 2040 vis
3280 1984 3340 2031 ut
3394 1992 3493 2032 nec
3540 1992 3572 2034 e

338 2068 393 2120 δέ
423 2085 484 2135 γε
509 2068 699 2139 Ἕλλην
736 2070 831 2122 ἕνα
864 2069 1020 2139 μόνον
1048 2073 1267 2141 φήσειεν
1297 2071 1492 2125 εἰδέναι
1520 2070 1670 2124 Θεόν.
1702 2071 1799 2124 Διά
1821 2089 1901 2124 τοι

2000 2070 2304 2127 Ιιιάαεονυιη
2352 2076 2502 2126 secta
2549 2065 2816 2135 quispiam
2874 2074 2958 2120 est
3000 2064 3341 2131 professurus
3402 2065 3571 2121 Deum

338 2156 535 2209 τούτων
553 2158 801 2212 ἁπάντων
822 2159 1259 2229 ἀποκαθαίρουσα
1283 2160 1378 2231 τὴν
1398 2159 1601 2230 πλάνην
1621 2163 1652 2231 ἡ
1676 2159 1903 2233 Ἐκκλη-

2002 2163 2239 2228 Patrem,
2268 2179 2389 2218 cum
2421 2164 2539 2232 ejus
2568 2158 2765 2218 hlium
2790 2157 3123 2225 unigenitum
3156 2171 3263 2211 non
3287 2157 3568 2213 admittat:

338 2246 443 2309 σία,
477 2248 565 2300 τὸν
596 2248 690 2300 ἕνα
722 2248 851 2301 Θεὸν
886 2249 1162 2318 κηρύττει,
1192 2251 1354 2303 αὑτὸν
1394 2246 1529 2303 εἶναι
1564 2251 1655 2303 καὶ
1685 2234 1901 2323 Πατέρα

2001 2256 2096 2310 sed
2154 2270 2255 2310 uec
2314 2271 2646 2326 paganorum
2727 2256 2866 2310 ullus
2966 2249 3336 2316 concesserit,
3406 2264 3574 2304 unum

334 2344 425 2394 καὶ
459 2340 865 2413 παντοκρᾶίτορα
904 2341 1244 2405 διδάσκουσα,
1292 2342 1507 2415 Πατέρα
1541 2344 1637 2413 μὲν
1668 2344 1783 2406 ένὸς
1808 2344 1900 2395 τοῦ

2001 2345 2173 2400 solum
2215 2362 2338 2402 esse
2371 2348 2563 2403 Deum.
2617 2348 2700 2403 Ab
2738 2348 2962 2403 istorum
3003 2340 3249 2402 omnium
3299 2342 3574 2396 erroribus

329 2434 568 2505 Χριστοῦ
611 2435 793 2505 μόνου,
838 2434 944 2487 τῶν
994 2435 1049 2488 δὲ
1091 2436 1289 2489 λοιπῶν
1330 2438 1581 2491 ἁπάντων
1626 2440 1758 2493 Θεὸν
1809 2444 1901 2496 καὶ

2000 2437 2240 2493 Ecclesia
2299 2452 2359 2492 se
2395 2438 2681 2503 mundans,
2738 2454 2903 2493 unum
2961 2440 3124 2494 Deum
3179 2432 3471 2509 pradieate
3520 2438 3574 2484 α

330 2526 553 2595 κτίστην
593 2526 687 2578 καὶ
718 2525 940 2597 Κύριον.
973 2526 1126 2579 Οὕτω
1169 2529 1261 2580 καὶ
1294 2528 1419 2581 Υἱὸν
1465 2530 1596 2582 Θεοῦ
1639 2533 1899 2603 μονογενῆ

2000 2531 2244 2584 eumdem
2280 2544 2400 2584 esse
2429 2532 2585 2585 docet
2618 2529 2836 2585 Patrem
2877 2540 2931 2584 et
2962 2532 3383 2600 omnipotentem
3416 2548 3431 2586 :
3468 2521 3573 2581 Ps-

344 2618 548 2687 Ἰησοῦν
576 2619 806 2689 Χριστὸν
834 2620 1181 2689 παραδίδωσι,
1211 2621 1301 2673 τὸν
1323 2622 1430 2691 πρὸ
1454 2624 1668 2675 πάντων
1693 2625 1900 2679 αἰώνων

2002 2631 2137 2675 trem
2167 2621 2382 2689 quidem
2412 2621 2573 2675 unius
2599 2621 2768 2676 solius
2813 2620 3012 2676 Christi
3039 2637 3055 2685 ;
3086 2621 3333 2676 omnium
3388 2630 3565 2674 autem

332 2710 397 2761 ὲκ
420 2710 511 2762 τοῦ
546 2712 752 2781 Πατρὸς
780 2713 1166 2781 γεγεννημένον
1188 2731 1201 2743 ·
1242 2714 1302 2765 οὐ
1346 2713 1435 2765 τὸν
1464 2714 1621 2766 αὐτὸν
1665 2715 1791 2769 ὄντα
1826 2717 1901 2787 τῷ

2000 2710 2280 2764 Dominum
2332 2719 2387 2764 et
2433 2710 2791 2775 conditorem,
2844 2716 2899 2764 et
2950 2709 3140 2764 Deum.
3183 2710 3267 2765 Ad
3320 2709 3564 2764 eumdem

334 2802 530 2872 Πατρὶ,
568 2803 684 2855 καθ’
719 2804 909 2856 ἑαυτὸν
943 2804 998 2856 δὲ
1027 2804 1155 2857 ὄντα
1190 2804 1281 2857 καὶ
1310 2804 1505 2867 ζῶντα,
1555 2806 1647 2857 καὶ
1687 2807 1901 2877 ἀληθῶς

2000 2823 2210 2878 quoque
2256 2808 2473 2863 modum
2524 2806 2618 2861 Dei
2675 2806 2872 2861 Filium
2924 2807 3256 2877 unigenitum
3324 2804 3568 2873 agnoscit

333 2892 464 2945 Υἰὸν
519 2894 736 2945 συνόντα
768 2894 901 2963 (26),
949 2894 1080 2947 Θεὸν
1126 2894 1237 2964 (27)
1269 2894 1332 2946 ὲκ
1366 2894 1521 2957 Θεοῦ,
1571 2896 1663 2947 καὶ
1697 2896 1809 2964 φῶς
1838 2898 1901 2949 ὲκ

1999 2916 2145 2967 eum,
2176 2903 2265 2972 qui
2300 2911 2425 2956 ante
2460 2901 2642 2956 omnia
2670 2898 2867 2955 saecula
2896 2899 2962 2955 de
2991 2900 3147 2954 Patre
3178 2899 3278 2954 fuit
3306 2900 3518 2968 genitus
3547 2918 3560 2953 ι

336 2982 533 3052 φωτὸς,
569 2985 659 3035 καὶ
699 2985 837 3055 ζωὴν
875 2987 938 3038 ὲκ
983 2986 1160 3056 ζωῆς·
1206 2985 1450 3048 ἀλέκτοις
1484 2987 1577 3039 καὶ
1622 2988 1898 3059 ἀρρήτοις,
1934 3048 1949 3059 ,

1953 3049 1967 3059 _
2002 3007 2105 3045 non
2148 2992 2295 3046 illum
2322 3002 2488 3057 certe,
2528 2990 2774 3047 eumdem
2835 3006 2958 3046 eum
3001 2990 3156 3045 Patre
3195 2991 3566 3056 exsistentem,

337 3048 433 3129 καὶ
466 3048 806 3129 παντάπασιν
845 3048 1139 3145 ἀγνώστοις
1180 3079 1330 3149 ἡμῖν,
1374 3080 1467 3131 καὶ
1501 3048 1950 3151 ἀκαταλήπτοις(

1951 3083 1969 3105 ⁴
2003 3091 2058 3138 at
2086 3099 2183 3153 per
2211 3100 2268 3139 se
2311 3086 2720 3150 subsistentem,
2766 3085 3142 3152 viventemque
3180 3096 3307 3136 vere
3350 3082 3562 3146 Filium,

335 3168 514 3238 λόγοις
546 3172 609 3222 ἐκ
635 3169 729 3223 τοῦ
748 3171 955 3242 Πατρὸς
984 3172 1074 3224 ἐπὶ
1098 3172 1337 3243 σωτηρίᾳ
1366 3173 1472 3224 τῶν
1492 3173 1627 3225 ὅλων
1649 3190 1900 3245 γεγεννη-

2002 3187 2124 3226 cum
2155 3173 2311 3226 Patre
2350 3176 2771 3231 coexsistentem
2811 3175 2977 3230 Deum
3023 3174 3088 3229 de
3121 3173 3247 3240 Deo,
3278 3173 3453 3227 lumen
3504 3176 3568 3227 de

335 3263 515 3332 μένον,
535 3266 627 3316 καὶ
647 3265 742 3333 οὐχ
768 3265 963 3335 ὁμοίως
991 3265 1086 3335 μὲν
1114 3268 1224 3328 τοῖς
1252 3266 1454 3329 λοιποῖς
1477 3269 1748 3337 γεννητοῖς
1774 3268 1912 3341 ὑπο-⁸

2003 3264 2199 3319 lumine
2226 3278 2239 3322 -:
2278 3268 2442 3320 vitam
2470 3269 2534 3321 de
2563 3268 2669 3322 vita
2698 3286 2712 3333 ;
2752 3266 3212 3322 inenarrabilibus
3234 3306 3247 3327 ,
3283 3264 3568 3320 ineffabili-

334 3356 555 3418 στάντα,
591 3356 708 3409 οὐδὲ
737 3357 877 3427 ζωὴν
909 3358 1116 3427 ἐμφερῆ
1146 3359 1254 3420 τοῖς
1292 3357 1357 3409 δι’
1382 3358 1541 3410 αὐτοῦ
1572 3358 1901 3428 γεγεννημέ-

2003 3354 2145 3417 bus,
2199 3356 2510 3411 omnimodo
2559 3359 2854 3427 incognitis
2906 3368 2959 3411 et
3015 3358 3567 3427 imperscrulabilibns

332 3464 442 3509 νοις
477 3446 673 3511 ζῶντα,
716 3448 874 3517 μόνον
924 3449 980 3500 δὲ
1034 3446 1093 3513 ἐξ
1127 3447 1291 3501 αὐτοῦ
1331 3447 1425 3501 τοῦ
1472 3448 1681 3519 Πατρὸς
1711 3451 1903 3502 ἀποτε-

2002 3445 2299 3500 rationibus
2330 3446 2397 3501 de
2425 3448 2585 3502 Patre
2618 3450 2881 3519 genitum,
2916 3450 2982 3502 ad
3019 3448 3248 3502 salutem
3304 3448 3567 3502 universis

333 3539 553 3611 χθέντα,
590 3542 683 3593 καὶ
710 3540 989 3612 αὐτοζωὴν
1030 3541 1173 3594 ὂντα.
1203 3541 1313 3595 Καὶ
1340 3541 1544 3612 ἔπρεπε
1578 3540 1685 3612 γὰρ
1708 3541 1784 3611 τῷ
1812 3542 1901 3594 ἐπὶ

2001 3538 2420 3607 procurandam.
2482 3536 2596 3593 Non
2653 3539 2907 3594 similiter
2961 3538 3083 3592 aliis
3132 3538 3564 3594 subsistentem:

334 3632 550 3685 πάντων
575 3630 713 3701 Θεῷ,
748 3632 853 3705 πρὸ
892 3631 1091 3694 παντὸς
1126 3630 1405 3700 γεννητοῦ,
1436 3630 1529 3683 καὶ
1554 3630 1658 3702 πρὸ
1688 3631 1901 3684 πάντων

2002 3644 2101 3683 nec
2125 3629 2289 3683 vitam
2319 3630 2585 3684 viventem
2614 3645 2733 3684 cum
2772 3630 2875 3684 illis
2906 3645 3086 3700 parem
3124 3629 3213 3698 qui
3244 3631 3312 3685 ab
3344 3645 3409 3684 eo
3441 3640 3567 3685 sunt

336 3721 564 3786 αἰώνων,
607 3722 667 3775 τὸ
702 3723 981 3791 μονογενὲς
1024 3717 1181 3774 τοῦτο
1214 3720 1606 3792 προϐάλλεσθαι
1637 3721 1899 3791 γέννημα,

2002 3720 2215 3775 creati:
2252 3721 2423 3776 solum
2466 3722 2532 3776 de
2587 3721 2702 3776 solo
2755 3721 2915 3777 Patre
2961 3724 3195 3792 genitum
3228 3738 3242 3777 :
3275 3722 3566 3791 ipsamntet

336 3813 521 3884 ῶσπερ
554 3814 674 3867 τινά
706 3814 944 3885 κρηπίδα
972 3813 1065 3867 καὶ
1096 3812 1338 3883 θεμέλιον
1378 3812 1614 3883 ἀρραγῆ,
1643 3811 1749 3863 τῶν
1778 3810 1904 3881 μελ-

2001 3813 2167 3867 vitam
2204 3814 2578 3870 exsistentem.
2616 3813 2746 3867 Erat
2796 3814 2940 3867 enim
2992 3814 3102 3869 Deo
3144 3814 3471 3869 conveniens
3513 3823 3566 3869 et

334 3901 534 3959 λόντων
554 3906 793 3960 διἀῦτοῦ
818 3905 1189 3977 γεννήσεσθαι.
1211 3905 1299 3956 Διὸ
1327 3903 1389 3977 δὴ
1416 3903 1519 3972 πρὸ
1550 3903 1764 3956 πάντων
1798 3902 1903 3955 τῶν

2002 3917 2320 3973 congruum,
2363 3905 2454 3974 qui
2500 3919 2659 3974 super
2697 3920 2885 3959 omnes
2922 3914 3026 3969 est,
3080 3905 3169 3974 qui
3211 3913 3335 3960 ante
3388 3907 3565 3961 omnia

341 3997 642 4067 μελλόντων
665 3974 878 4052 ἔσεσθαι
910 3974 998 4050 τὸν
1024 3998 1150 4049 Υἱὸν
1174 3974 1386 4065 ἐγέννα,
1414 3994 1604 4065 ὥσπερ
1618 3994 1760 4056 τινὸς
1788 4010 1900 4061 φω-

2003 3996 2203 4063 genita,
2240 4004 2363 4051 ante
2402 3996 2598 4051 szecula
2647 3998 2826 4051 omnia
2858 3997 3184 4063 exsistebat,
3236 3998 3563 4068 unigenitum

335 4090 426 4151 τὸς
458 4089 669 4155 ἀκτῖνα,
691 4092 785 4141 καὶ
816 4088 960 4157 ζωῆς
999 4088 1201 4156 πηγὴν,
1252 4087 1343 4139 καὶ
1368 4083 1635 4155 θησαυρὸν
1664 4081 1899 4150 ἀγαθῶν,

1949 4128 1953 4131 .
2005 4088 2105 4141 hoc
2150 4088 2395 4156 genimen
2454 4091 2789 4156 producere‘,
2837 4087 2999 4142 veluti
3042 4090 3328 4159 quamdam
3391 4090 3562 4144 basim

344 4193 365 4226 ι
389 4178 443 4228 ὲν
469 4170 513 4241 ᾧ
540 4178 737 4238 πάντες
792 4178 924 4229 εἰσὶν
955 4178 1003 4227 οὶ
1046 4174 1304 4246 θησαυροὶ
1340 4174 1437 4243 τῆς
1465 4172 1652 4241 σοφίας
1682 4172 1774 4223 καὶ
1804 4172 1903 4241 τῆς

2004 4176 2241 4231 futurum
2282 4189 2336 4231 et
2364 4178 2795 4244 fundamentum,
2828 4190 2882 4234 et
2921 4181 3340 4235 sustentaculum
3372 4180 3566 4235 immo-

344 4285 363 4316 ι
384 4267 634 4334 γνώσεως
670 4268 993 4339 ἀπόκρυφοι,
1021 4286 1038 4317 ι
1075 4267 1215 4319 κατὰ
1259 4266 1347 4319 τὸν
1374 4265 1512 4317 θεῖον
1562 4262 1897 4317 Ἀπόστολον.

2004 4270 2107 4324 bile
2139 4286 2323 4324 eorum
2350 4271 2589 4326 omnium
2625 4287 2745 4341 quae
2777 4281 2933 4327 erant
2969 4272 3021 4327 in
3062 4274 3317 4328 secundis
3370 4274 3568 4343 produt

339 4358 616 4413 Τοσοῦτων
650 4360 884 4429 ἀγαθῶν,
925 4362 952 4411 ὁ
988 4359 1143 4430 μόνος
1193 4358 1391 4427 ἀγαθὸς
1435 4356 1622 4427 Πατὴρ
1649 4356 1738 4409 τὸν
1776 4354 1902 4407 Υίὸν
1932 4377 1952 4436 Ι

1954 4361 2192 4434 )cenda.
2232 4359 2379 4415 Ilanc
2405 4362 2475 4415 ob
2497 4376 2717 4416 causam
2758 4361 2954 4416 Filium
3006 4363 3399 4433 progenerat/it,
3444 4371 3567 4418 ante

338 4451 537 4522 ὑφίστη
568 4450 840 4522 αὐτοζωὴν
885 4452 1032 4514 ὂντα,
1072 4449 1327 4514 ζωοποιὸν
1359 4447 1466 4501 τῶν
1500 4447 1653 4512 ὅλων,
1687 4446 1779 4499 καὶ
1810 4446 1904 4497 αὐ-

2009 4467 2069 4507 ea
2117 4452 2296 4507 omnia
2343 4468 2461 4523 quae
2503 4454 2845 4524 producenda
2903 4466 3095 4521 erant,
3135 4464 3385 4523 tanquam
3434 4455 3568 4510 lucis

335 4542 515 4610 τοφῶς
542 4542 599 4596 τὸ
622 4542 890 4613 ἀληθινὸν,
918 4543 1008 4595 καὶ
1037 4542 1212 4611 πάσης
1235 4543 1423 4613 νοερᾶς
1453 4542 1543 4593 καὶ
1571 4540 1790 4609 λογικῆς
1818 4538 1906 4591 οὑ-

2009 4544 2281 4611 cujnsdant
2337 4546 2566 4609 radium,
2613 4546 2735 4601 vita:
2786 4546 3010 4610 fontem,
3048 4546 3307 4600 bonorum
3354 4547 3567 4600 thesau-

339 4631 462 4694 σίας
508 4634 859 4701 φωτιστικόν⁹
912 4634 1002 4686 καὶ
1044 4634 1348 4701 αὐτόλογον,
1397 4634 1491 4686 καὶ
1546 4632 1756 4702 σοφίαν,
1816 4648 1904 4683 σο-

2008 4651 2148 4699 rum,
2173 4653 2190 4685 ι
2215 4635 2267 4688 in
2296 4650 2403 4705 quo
2419 4646 2746 4691 suntomnes
2769 4638 3044 4705 sapientiae
3071 4637 3305 4690 thesauri
3339 4638 3566 4691 abscon-

339 4723 458 4791 φῶς
486 4724 596 4792 (98)
631 4724 698 4777 τά
724 4726 897 4777 πάντα
922 4724 1016 4777 καὶ
1067 4724 1294 4792 λογικῶς
1326 4723 1683 4794 ὑφιστάμενόν
1710 4742 1768 4776 τε
1810 4725 1903 4777 καὶ

2009 4726 2100 4779 diti
2124 4736 2177 4779 et
2204 4727 2547 4797 cognitionis,
2575 4746 2592 4779 ι
2613 4730 3056 4798 quemadmodum
3085 4728 3295 4782 divinus
3328 4729 3565 4783 docebat

336 4814 656 4867 διοικοῦντα.
688 4810 786 4867 Ὧν
825 4816 886 4887 δὴ
924 4818 1081 4886 χάριν
1109 4817 1136 4867 ὁ
1171 4816 1456 4885 μονογενὴς
1487 4816 1613 4877 Υἱὸς
1641 4814 1733 4867 τοῦ
1768 4814 1901 4867 Θεοῦ

2008 4816 2298 4885 Apostolus
2336 4818 2401 4874 “.
2455 4819 2746 4874 Tantorum
2804 4820 3095 4890 taliumque
3134 4820 3418 4887 bonorum,
3475 4822 3563 4889 qui

344 4906 505 4975 μόνος
564 4906 724 4969 αὐτὸς
778 4908 870 4960 καὶ
926 4907 1045 4960 οὐδὲ
1098 4906 1252 4971 ἄλλος
1300 4906 1658 4978 ἀνηγόρευταί
1705 4923 1762 4958 τε
1816 4908 1909 4960 καὶ

2004 4909 2151 4962 solus
2201 4910 2375 4965 bonus
2438 4910 2596 4966 Pater
2641 4921 2745 4978 est,
2796 4911 2987 4966 Filium
3038 4913 3324 4980 progenuit
3384 4927 3562 4975 suum,

338 4994 511 5050 ἔστιν.
862 4992 866 4997 ’
2009 5000 2293 5070 ipsatnmet
2323 5001 2487 5056 vitam
2514 5004 2859 5058 exsistentem
2881 5043 2897 5069 ,
2938 5010 2993 5056 et
3021 5003 3260 5056 omnium
3293 5016 3411 5071 quae
3442 5011 3567 5056 sunt

414 5274 526 5346 (2t)
556 5275 934 5331 Διδάσκουσα
962 5279 1284 5341 πιστεύειν,
1318 5277 1431 5345 lege
1469 5278 1562 5331 καὶ
1612 5276 1906 5331 πιστεύειν.
2078 5276 2186 5345 (26)
2224 5274 2359 5329 Υἰὸν
2382 5275 2872 5346 συνόντωνῡεθει,
2898 5273 2975 5346 τῷ
3000 5272 3194 5346 Πατρί.

340 5341 520 5419 Corde
553 5348 692 5419 enim
722 5352 979 5419 creditur,
1010 5364 1129 5419 iure
1161 5350 1218 5401 tit
1274 5341 1539 5403 confessio
1573 5363 1586 5398 :
1625 5357 1910 5417 utrumque
2078 5341 2201 5419 (27')!
2232 5347 2338 5419 lllp.
2372 5364 2460 5419 γρ.
2501 5345 2684 5419 ,Πατρέ
2720 5356 2844 5400 ante
2891 5341 3022 5398 Θέόν
3060 5341 3383 5417 ponendum.
3440 5344 3561 5401 Mox

341 5416 585 5486 exigitur
618 5417 668 5468 in
696 5432 850 5471 sacro
874 5418 1218 5486 baptismate.
1381 5485 1395 5486 ί
1822 5415 1836 5417 “

1381 5485 1395 5486 γ
1822 5415 1836 5417 ’
2006 5415 2163 5479 vulgo
2184 5416 2263 5469 διὸ
2284 5415 2340 5468 δέ
2370 5415 2421 5469 et
2455 5416 2583 5468 αὐτὸ
2610 5415 2741 5483 φῶς,
2774 5425 2877 5486 etc.

419 5483 958 5567 (ξωμαρέχουσατξ
994 5487 1323 5567 θεολογίαγ.
1376 5485 1528 5567 Lege-
1573 5488 1905 5567 παρέχουσα.
2052 5486 2189 5567 ’(ἢβ)
2223 5487 2331 5539 Καὶ
2358 5487 2613 5567 σοφίαν,
2643 5484 2865 5567 σαεξῶς,
2905 5484 3090 5567 ξρξίοξ
3114 5483 3470 5567 αριτοσοφίαν,
3499 5495 3560 5567 ειν

343 5551 586 5610 Ecclesia
622 5551 830 5622 nempe,
860 5558 972 5609 suis
1015 5551 1245 5610 alumnis
1280 5558 1412 5608 hanc
1457 5551 1752 5621 lidemfsi'c'
1796 5567 1909 5608 sta-
2006 5551 2312 5624 αὐτόλογον.
2358 5551 2524 5625 Sic‘et
2557 5570 2683 5610 mss.
2716 5551 2787 5609 cr.
2823 5572 2871 5624 p.
2914 5557 3005 5609 I2]
3045 5555 3104 5610 D.
3144 5555 3259 5609 Mox
3298 5551 3453 5625 v‘nlgo
3490 5551 3559 5606 ὧν

348 5625 444 5682 tim
482 5625 807 5697 χωρίζουσα.
849 5627 916 5681 Μ.
948 5659 1016 5667 -
1045 5628 1163 5681 Mox
1202 5633 1356 5697 vulgo
1386 5626 1475 5678 τὸν
1506 5626 1635 5679 Θεὸν
1666 5627 1904 5696 Πατέρα.

958 5659 1016 5667 -
1045 5628 1163 5681 Mox
1202 5633 1356 5697 vulgo
1386 5626 1475 5678 τὸν
1506 5626 1635 5679 Θεὸν
1666 5627 1904 5696 Πατέρα.
2004 5626 2061 5678 δέ
2088 5637 2140 5681 et
2170 5624 2571 5692 ἀναγορεύεται.
