4086 6202
352 341 453 395 8-H

1291 337 1378 392 DE
1419 327 1953 397 ECCLESIASTICA
1993 338 2388 397 THEOLOGIA
2423 340 2556 397 LIB.
2596 340 2634 396 1.

3472 348 3575 405 8ιὲ

342 455 506 523 τρὺς,
530 450 757 518 ἐκεῖνος
777 448 1134 519 ἐξηγήσατο.
1162 470 1178 503 i
1218 450 1374 504 Ἀλλὰ
1398 454 1489 505 καὶ
1511 453 1672 506 αὑτοῦ
1694 455 1785 507 τοῦ
1808 456 1898 508 Σω

2021 453 2264 507 eamdem
2301 449 2464 507 veluti
2495 452 2668 523 sigillo
2694 466 2793 507 suo
2819 452 3266 509 communiturus.
3312 450 3576 522 Quocirca

336 549 511 615 τῆρος
543 545 601 595 ὲν
622 543 739 605 ταῖς
765 544 885 613 περῖ
910 540 1073 593 αὑτοῦ
1101 540 1464 603 διδασκαλίαις
1486 541 1637 594 ταῦτ’
1661 544 1917 615 ἐπισφρα-

340 636 670 704 γιςομὲνου,
712 634 779 685 δι’
822 627 896 684 ὧν
940 632 1144 699 ἔλεγεν·
1185 631 1347 684 Οὕτω
1388 632 1495 700 γὰρ
1535 631 1851 701 ἠγάπησεν
1881 638 1913 689 ό

339 727 492 791 Θεὸς
517 726 623 778 τὸν
646 728 887 793 κόσμον,
921 721 1075 776 ὥστε
1108 723 1214 776 τὸν
1242 722 1377 776 Υὶὸν
1400 724 1585 777 αὑτοῦ
1608 724 1713 777 τὸν
1730 743 1910 794 μονο-

336 818 489 889 γενῆ
530 817 765 880 ἔδωκεν,
800 815 899 867 ἵνα
934 814 1052 881 πᾶς
1081 817 1113 868 ὀ
1153 816 1453 868 πιστεύων·
1486 816 1570 881 εἰς
1589 816 1773 869 αὑτὸν
1801 818 1909 887 ἔχῃ

336 910 495 978 ζωὴν
523 909 775 962 αἰώνιον.
808 907 866 959 '0
892 910 1027 978 μετά
1046 906 1247 970 ταύτας
1277 906 1375 969 τὰς
1399 905 1579 975 φωνὰς
1601 908 1821 978 γενητὸν
1850 908 1909 971 ἐξ

336 1003 437 1054 οὑκ
482 1002 665 1062 ὄντων,
693 999 786 1051 καὶ
835 1000 1039 1069 κτίσμα
1065 998 1173 1068 (56)
1215 998 1556 1069 προηγμένον
1596 998 1659 1050 ὲκ
1698 997 1791 1050 τοῦ
1833 999 1907 1070 μὴ

334 1092 489 1151 ὄντος
524 1091 612 1143 τὸν
638 1090 763 1143 Υἰὸν
792 1089 1123 1161 ὁριζόμενος,
1155 1088 1343 1158 λέληθε
1370 1086 1603 1158 τοῦνομα
1638 1089 1735 1158 μὲν
1756 1089 1905 1159 αὑτῷ

338 1183 497 1253 μόνον
528 1181 904 1251 χαριζόμενος,
921 1180 982 1233 τὸ
1007 1180 1050 1233 δ’
1073 1179 1285 1251 ἀληθῶς
1309 1178 1441 1235 Υἱὸν¹
1458 1176 1596 1232 εἶναι
1632 1179 1793 1251 ἀρνού
1803 1197 1899 1249 με-

333 1289 440 1335 νος.
487 1273 543 1324 ’0
586 1271 695 1341 γὰρ
728 1269 786 1335 ἐξ
818 1270 915 1322 οὑκ
952 1270 1118 1323 ὄντων
1157 1269 1412 1337 γεγονὼς,
1452 1269 1551 1321 οὑκ
1596 1268 1659 1321 ἂν
1689 1268 1903 1340 ἀληθῶς

329 1362 525 1431 γένοιτ’
549 1362 615 1417 ἂν
646 1364 772 1426 Υἱὸς
804 1362 897 1416 τοῦ
921 1361 1084 1414 Θεοῦο
1119 1362 1199 1414 ὅτι
1240 1360 1371 1431 μηδὲ
1403 1359 1528 1413 ἄλλο
1558 1376 1609 1412 τι
1641 1360 1747 1411 τῶν
1781 1377 1901 1428 γεν-

328 1470 528 1523 νητων.

2017 557 2139 596 cum
2161 541 2467 612 hujusmodi
2494 542 2861 598 testimonium
2902 544 3001 613 ipsi
3033 545 3407 601 universorum
3438 547 3575 603 Deus

2015 632 2361 698 exhibuerit;
2429 647 2661 701 cumque
2718 634 2936 694 disertis
2998 635 3178 691 verbis
3228 636 3573 709 Evangelista

2013 724 2345 795 pronuntiet,
2376 739 2497 779 eum
2534 739 2655 781 esse
2678 724 2873 780 Filium
2911 726 3267 796 unigenitum,
3295 730 3418 784 dum
3449 747 3575 800 pro-

2019 815 2229 868 nuntiat
2264 832 2277 868 :
2312 814 2479 868 Deum
2512 832 2656 869 nemo
2680 817 2809 870 vidit
2835 832 3063 885 unquam
3089 817 3440 889 :Um'genitus
3470 822 3577 877 Fi-

2014 908 2116 959 lius
2160 903 2272 977 (aut
2313 906 2454 960 Deus
2487 907 2815 976 unigenitus)
2849 910 2938 979 qui
2980 919 3090 963 erat
3126 911 3179 964 in
3213 912 3333 966 sinu
3365 911 3571 979 Patris,

2014 998 2122 1067 ipse
2142 999 2407 1051 enarravit
2433 996 2498 1052 ⁵³.
2532 997 2721 1052 Adhuc
2749 1014 2870 1052 cum
2905 999 3163 1054 Servator
3192 1002 3408 1071 insuper
3435 1004 3567 1072 ipse.

2011 1089 2154 1142 inter
2207 1088 2527 1153 docendum,
2590 1090 2693 1142 boc
2742 1092 2999 1158 assignet,
3048 1091 3135 1147 ubi
3174 1093 3242 1146 ita
3286 1094 3568 1163 loquitur:

2008 1180 2095 1233 Ita
2116 1179 2255 1234 Deus
2278 1181 2460 1234 dilexit
2490 1184 2783 1247 mundum,
2829 1194 2883 1236 ut
2914 1180 3111 1237 Filium
3140 1185 3299 1251 ipsius
3334 1186 3572 1257 unigenio

2008 1280 2117 1323 tum
2152 1272 2389 1337 dederit,
2418 1280 2473 1325 ut
2505 1273 2675 1327 omnis
2716 1274 2878 1340 quiin
2913 1290 3031 1328 eum
3066 1277 3373 1341 crediderit,
3413 1278 3569 1332 vitam

2006 1361 2269 1424 pOSst'deat
2300 1373 2546 1417 retentam
2592 1362 2659 1439 ‘5.
2705 1364 2963 1433 Quisquis
3012 1366 3172 1435 igitur
3207 1372 3265 1429 ὦ
3294 1374 3412 1436 post
3455 1367 3571 1422 haec

2008 1453 2315 1508 testimonia
2352 1455 2687 1525 progenitum
2716 1457 2865 1510 illum
2899 1457 2965 1512 de
2991 1472 3095 1512 non
3121 1459 3371 1524 entibus,
3415 1468 3470 1514 et
3503 1473 3571 1514 ex

326 1560 437 1601 non
468 1554 598 1599 ente
656 1543 974 1613 productam
1039 1541 1388 1597 alIirmaverit
1429 1551 1753 1605 creaturam,
1796 1542 1961 1598 istum
2002 1545 2232 1613 Filium;
2308 1563 2500 1602 nomen
2556 1551 2605 1604 ei
2672 1552 2882 1620 nudum
2949 1552 3319 1607 tantummodo
3383 1551 3569 1622 largiri

330 1634 775 1705 deprehenditur,
825 1648 1010 1689 revera
1066 1643 1241 1688 autem
1276 1632 1469 1687 Filium
1523 1648 1661 1700 esse,
1703 1649 2017 1705 pernegare.
2052 1638 2185 1692 Nam
2231 1640 2319 1708 qui
2381 1640 2448 1694 de
2506 1656 2608 1694 non
2680 1641 3062 1697 exsistentibus
3100 1651 3390 1712 generatus
3444 1654 3569 1709 est,

328 1733 381 1793 is
407 1744 561 1792 certe
587 1733 678 1789 Dei
707 1731 879 1789 Filius
915 1747 1038 1788 esse
1075 1745 1262 1786 revera
1308 1729 1494 1801 nequit
1524 1745 1539 1785 :
1573 1745 1677 1786 non
1722 1734 1896 1802 magis
1934 1748 2093 1803 quam
2134 1734 2346 1804 quidvis
2371 1736 2514 1791 aliud
2549 1746 2811 1791 creatum.

995 1808 1161 1878 Κεφ.
1191 1824 1247 1877 l'.

334 1917 457 1970 Ὅτι
482 1918 664 1985 μόνος
696 1916 762 1969 ἐκ
796 1916 900 1969 τοῦ
931 1917 1160 1984 Πατρός
1188 1918 1495 1986 γεννηθεὶς
1530 1918 1769 1984 εἰκότως
1805 1922 1904 1974 καί

405 1988 553 2052 Θεὸς
597 1988 689 2040 καὶ
732 1987 1067 2057 μονογενὴς
1127 1988 1254 2054 Υἱὸς
1293 1990 1480 2058 μόνος
1521 1989 1702 2055 αὐτὸς
1733 1992 1907 2045 ἀνεί-

394 2070 593 2123 meat.

405 2149 517 2216 (57)
555 2148 611 2200 Ὀ
637 2148 680 2199 δ’
706 2146 920 2217 άληθῶς
955 2147 1079 2210 Υἱὸς
1106 2147 1199 2200 τοῦ
1230 2150 1364 2201 Θεοῦ
1402 2148 1461 2213 ἐξ
1503 2150 1664 2204 αὑτοῦ
1709 2150 1804 2204 ἆτε
1840 2149 1903 2221 δὴ

330 2239 395 2292 ἐκ
416 2240 623 2311 Πατρὸς
651 2239 985 2309 ἀποτεχθεὶς,
1012 2239 1234 2303 εἰκότως
1257 2241 1348 2294 καὶ
1364 2242 1662 2313 Ἀγαπητὸς
1694 2243 1785 2295 καὶ
1802 2242 1908 2296 Μο-

329 2333 549 2401 νογενὴς
600 2332 987 2403 χρηματίζειεν
1017 2332 1082 2384 ἂν
1112 2330 1206 2385 τοῦ
1254 2333 1492 2404 Πατρός”
1534 2333 1673 2387 οὕτω
1713 2333 1767 2387 δὲ
1812 2333 1905 2386 καὶ

325 2424 456 2487 Θεὸς
487 2424 550 2477 ἂν
575 2426 657 2493 εἴη
690 2423 821 2493 (58).
853 2423 916 2475 Τί
944 2423 1051 2495 γὰρ
1086 2423 1150 2477 ἂν
1177 2424 1385 2492 γένοιτο
1412 2424 1544 2477 Θεοῦ
1569 2426 1812 2494 γέννημα
1826 2423 1904 2495 τῷ

324 2516 676 2585 γεγεννηκότι
709 2514 1178 2587 ἀφωμοιωμένον;
1230 2516 1415 2580 Κτίζει
1459 2516 1556 2587 μὲν
1598 2512 1691 2570 οὖν
1748 2516 1901 2586 βασι-

322 2603 445 2669 λεὺς
468 2606 643 2667 πόλιν,
669 2604 784 2657 ἀλλ’
809 2604 868 2656 οὑ
900 2604 1064 2674 γεννᾷ
1089 2603 1243 2656 πόλιν
1265 2621 1277 2634 ·
1314 2606 1508 2675 γεννᾷν
1534 2605 1590 2658 δὲ
1621 2605 1756 2670 υἱὸν,
1790 2603 1901 2657 ἀλλ’

324 2698 387 2750 οὑ
413 2697 615 2762 κτίζειν
647 2697 863 2765 λέγεται
886 2711 899 2725 °
936 2695 1030 2748 καὶ
1055 2697 1083 2747 ό
1116 2694 1441 2767 δημιουργὸς
1470 2695 1742 2766 τεχνίτης,
1785 2694 1899 2748 ἀλλ’

326 2790 449 2859 οὐχὶ
477 2789 655 2859 πατὴρ
692 2787 886 2856 γένοιτ’
930 2787 994 2839 ἂν
1025 2786 1119 2839 τοῦ
1166 2788 1299 2858 πρὸς
1342 2789 1499 2840 αὑτὸν
1545 2788 1901 2858 δημιουργου-

332 2882 494 2951 μένου
513 2896 526 2909 ·
567 2880 661 2932 τοῦ
693 2879 736 2933 δ’
766 2879 824 2946 ἐξ
848 2878 1012 2933 αὑτοῦ
1036 2877 1231 2945 φύντος
1263 2877 1380 2931 υίοῦ
1406 2880 1511 2945 Δοὑκ
1541 2877 1606 2931 ἂν
1638 2878 1899 2949 δημιουρ-ι

324 2975 422 3044 γὸς
465 2973 704 3045 λεχθείη.
739 2974 844 3026 Καὶ
877 2972 940 3044 δὴ
985 2972 1078 3025 καὶ
1109 2972 1137 3025 ὁ
1184 2971 1291 3024 τῶν
1320 2972 1455 3025 ὅλων
1482 2971 1613 3035 Θεὸς
1661 2970 1754 3024 τοῦ
1806 2971 1900 3041 μὲν

325 3067 459 3120 Υἱοῦ
489 3066 698 3137 Πατὴρ,
728 3064 820 3118 τοῦ
860 3064 915 3117 δὲ
960 3063 1164 3134 κόσμου
1192 3063 1412 3135 κτίστης
1454 3062 1520 3116 ἂν
1554 3062 1773 3125 εἰκότως
1808 3062 1900 3114 καὶ

1930 1838 1977 1896 Β

2642 1832 2794 1887 CAP.
2842 1830 2908 1885 Χ.

2009 1922 2160 1990 Quod
2198 1940 2312 1978 cum
2340 1924 2482 1978 solus
2506 1925 2572 1977 sit
2591 1925 2654 1977 de
2682 1922 2841 1977 Patre
2875 1926 3196 1994 progenitus,
3219 1928 3402 1980 merito
3423 1926 3565 1981 scius

2073 2017 2267 2069 dicitur
2295 2016 2402 2084 ipse
2426 2027 2472 2070 et
2498 2015 2654 2080 Deus,
2685 2028 2730 2069 et
2759 2014 3095 2086 Unigeuitus,
3120 2027 3274 2086 atque
3307 2015 3503 2071 Filius.

2078 2152 2178 2220 Qui
2218 2153 2510 2208 secundum
2552 2153 2834 2208 veritatem
2873 2152 2969 2207 Dei
3004 2152 3173 2208 Filius
3215 2162 3331 2217 est,
3373 2150 3441 2207 de
3470 2153 3564 2208 illo

2006 2246 2109 2300 hoc
2133 2255 2238 2310 est,
2270 2244 2336 2300 de
2365 2244 2522 2298 Patre
2551 2236 2786 2314 genitus,
2813 2244 2939 2314 quid
2964 2245 3158 2298 mirum
3184 2243 3228 2299 si
3252 2242 3568 2300 etDilectus

2006 2338 2208 2401 audiat,
2253 2348 2307 2392 et
2333 2337 2506 2392 Patris
2560 2337 2644 2391 sui
2679 2333 3019 2407 Unigenitus,
3060 2336 3131 2391 ob
3188 2349 3347 2405 quam
3394 2335 3568 2406 ipsam

2003 2444 2222 2483 causam
2257 2438 2312 2485 et
2338 2430 2479 2483 Deus
2531 2427 2728 2482 fuerit?
2756 2428 2829 2482 De
2852 2427 2959 2482 Deo
2976 2427 3237 2496 siquidem
3262 2427 3389 2497 quid
3419 2430 3569 2484 aliud

2003 2522 2145 2590 gigni
2172 2520 2360 2589 possit,
2389 2533 2548 2588 quam
2585 2518 2727 2587 quod
2756 2518 2856 2587 ipsi
2887 2533 2983 2588 per
3014 2518 3211 2590 omnia
3236 2520 3310 2573 sit
3351 2518 3565 2574 similli-

2003 2612 2185 2667 mum?
2229 2610 2426 2667 Condit
2462 2608 2710 2677 equidem
2751 2608 3023 2662 civitatem
3066 2622 3184 2672 rex,
3238 2620 3343 2662 non
3384 2618 3564 2662 autem

2003 2702 2168 2772 gignit
2206 2700 2508 2764 civitatem;
2538 2700 2759 2770 gignere
2793 2712 2919 2752 vero
2950 2698 3114 2752 illium
3136 2736 3152 2762 ,
3184 2712 3288 2752 non
3326 2698 3566 2755 condere

2002 2794 2261 2848 dicitur:
2323 2790 2517 2845 artifex
2568 2791 2732 2844 etiam
2791 2798 3158 2852 constructor,
3220 2794 3562 2857 nequaquam

2003 2899 2136 2940 vero
2172 2892 2325 2954 pater
2355 2882 2472 2952 ejus
2514 2882 2621 2937 dici
2674 2882 2858 2948 debet,
2906 2881 3047 2949 quod
3082 2880 3387 2936 construxit
3419 2895 3435 2935 :
3469 2880 3563 2950 qui

2003 2975 2096 3028 ﬁlii
2131 2975 2275 3029 dese
2300 2972 2635 3043 progenerati
2677 2972 2924 3027 conditor
2967 2986 3072 3024 non
3115 2968 3437 3044 appellatur.
3480 2969 3564 3023 Ad

2002 3067 2252 3123 eumdem
2281 3066 2498 3121 modum
2525 3066 2900 3119 universorum
2928 3061 3225 3129 Deus,Filii
3257 3061 3340 3117 sui
3375 3060 3561 3128 Pater,

325 3159 559 3230 ποιητὴς
585 3157 810 3225 λέγοιτο.
838 3155 899 3208 Ei
926 3156 969 3209 δ’
995 3154 1141 3219 ἅπαξ
1169 3171 1270 3207 που
1294 3155 1388 3226 τῆς
1412 3155 1631 3226 Γραφῆς
1657 3154 1898 3224 εὑρίσκει

2005 3157 2185 3211 mundi
2217 3154 2467 3211 conditor
2500 3154 2702 3224 optimo
2723 3152 2847 3222 jure
2872 3163 2925 3207 et
2951 3160 3292 3207 constructor
3321 3150 3563 3221 appella-

322 3266 407 3311 τις
428 3250 548 3319 είρη
557 3247 736 3318 μένον,
762 3246 973 3313 Κύριος
1005 3246 1206 3300 ἔκτισέ
1226 3263 1301 3315 με
1320 3245 1515 3313 ἀρχὴν
1533 3244 1685 3299 ὁδῶν
1711 3244 1894 3299 αὑτοῦ

294 3343 408 3406 εἰς
448 3339 591 3408 ἔργα
627 3337 812 3392 αὐτοῦ
836 3372 852 3399 ,
892 3335 983 3388 τὸν
1016 3334 1140 3389 νοῦν
1176 3338 1493 3389 ἐπισκοπεῖν
1527 3335 1628 3407 χρὴ
1664 3335 1757 3388 τοῦ
1806 3335 1895 3389 λό-

321 3448 439 3499 γου,
474 3431 533 3483 ὸν
590 3431 783 3501 μικρὸν
813 3429 1035 3503 ὕστερον
1066 3428 1396 3500 ὲκθήσομαι’
1452 3427 1586 3481 ἀλλὰ
1628 3428 1722 3498 μὴ,
1758 3426 1896 3480 κατὰ

321 3522 658 3594 Μάρκελλον,
689 3524 753 3575 ὲκ
792 3524 917 3593 μιᾶς
947 3522 1143 3586 λέξεως
1176 3521 1244 3572 τὸ
1275 3520 1607 3592 κυριώτατον
1634 3519 1732 3590 τῆς
1774 3519 1895 3571 Ἐκ-

325 3616 550 3685 κλησίας
581 3615 980 3687 παρασαλεύειν
1028 3615 1221 3684 δόγμα.
1259 3616 1527 3676 Κάκεῖνος
1572 3610 1699 3683 γὰρ,
1752 3610 1896 3677 ἅπαξ

322 3708 559 3770 ἀκούσας
598 3706 766 3775 Λόγον
800 3703 937 3760 εἶναι
965 3707 1056 3760 τὸν
1078 3696 1224 3769 Υίὸν,
1253 3702 1346 3757 ἐπὶ
1368 3702 1460 3757 τὸν
1484 3701 1767 3771 ἄνθρωπον
1799 3717 1898 3754 κα-

322 3797 594 3860 ταπεσὼν,
624 3798 724 3867 τὴν
752 3795 983 3867 ὕπαρξιν
1007 3795 1184 3865 ἠθέτει
1210 3793 1397 3847 αὑτοῦ.
1430 3786 1523 3846 Ὃν
1550 3792 1613 3863 δὴ
1644 3792 1738 3845 καλ⁸
1761 3790 1897 3864 πρὸς

322 3889 485 3945 αὑτοῦ
508 3890 601 3942 καὶ
626 3888 761 3959 πρὸς
785 3888 877 3941 τοῦ
896 3887 1105 3959 [ἰατρὸς
1125 3883 1564 3957 μαρτυρούμενον
1587 3880 1724 3935 εἶναι
1748 3880 1894 3945 Υἱὸν,

324 3981 442 4043 πῶς
474 3983 586 4043 τοῖς
624 3980 832 4043 λοιποῖς
858 3979 1133 4049 γεννητοῖς
1166 3974 1531 4045 παραϐάλλειν
1556 3973 1733 4040 ὃσιον;
1772 3970 1896 4034 Πῶς

322 4078 369 4131 δ’
400 4078 548 4130 ἔσται
583 4077 912 4148 Μονογενὴς,
941 4074 1017 4146 τῷ
1044 4072 1237 4144 πλήθει
1268 4072 1376 4126 τῶν
1406 4071 1701 4141 γεγονότων
1732 4085 1895 4121 συνα-

327 4170 722 4243 ριθμούμενος;
755 4170 864 4223 Καὶ
896 4167 999 4238 μὴν
1034 4166 1092 4230 ἐξ
1131 4164 1299 4233 αὐτῆς
1333 4164 1429 4233 τῆς
1462 4162 1827 4233 προσηγορίας
1868 4163 1897 4214 ὁ

327 4263 441 4326 υἱὸς
468 4263 567 4333 τὴν
595 4262 730 4333 πρὸς
771 4262 862 4313 τὸν
894 4259 1105 4330 πατέρα
1144 4256 1376 4327 φυσικὴν
1412 4254 1593 4324 σχέσιν
1631 4254 1895 4324 παρίστη-ι

326 4358 415 4404 συ
432 4368 446 4381 ·
473 4350 549 4414 ὡς
583 4346 651 4404 αὖ
677 4350 836 4404 πάλιν
861 4349 921 4401 τὸ
957 4345 1237 4418 μονογενὲς
1274 4346 1443 4414 ὄνομα
1469 4344 1562 4395 καὶ
1590 4342 1682 4395 τοῦ
1710 4343 1897 4411 γένους

325 4442 652 4512 ἐφάπτεται,
682 4442 776 4494 καὶ
804 4440 900 4510 τῆς
931 4441 1232 4510 γεννήσεως
1260 4436 1447 4506 αὑτῆς,
1489 4434 1582 4487 καὶ
1618 4432 1711 4486 τοῦ
1742 4432 1897 4504 μόνον

1998 3257 2106 3302 tur.
2132 3247 2285 3313 Quod
2306 3247 2348 3302 si
2367 3245 2531 3300 semel
2556 3259 2652 3315 per
2673 3244 2977 3312 Scripturas
2994 3242 3299 3297 inveniatur
3323 3241 3559 3297 dictum:

1996 3340 2254 3394 Dominus
2303 3337 2538 3392 condidit
2585 3352 2664 3390 me
2706 3336 3019 3404 principium
3059 3335 3263 3389 viarum
3297 3334 3448 3404 ejus,
3491 3335 3562 3389 ad

1996 3447 2149 3499 opera
2186 3434 2300 3499 ejus
2334 3430 2401 3495 ”,
2425 3427 2639 3497 penitus
2679 3426 3006 3480 sententiam
3037 3424 3156 3494 ejus
3202 3425 3351 3490 dicti,
3397 3440 3560 3495 quam

1994 3522 2151 3592 paulo
2184 3530 2304 3591 post
2330 3519 2576 3588 espositu
2589 3533 2680 3571 rus
2710 3530 2851 3579 sum,
2879 3515 3137 3570 debemus
3156 3515 3508 3585 introspicere
3540 3535 3555 3570 :

1994 3627 2093 3667 nec
2139 3611 2280 3681 quod
2330 3609 2585 3664 Marcello
2644 3614 2959 3677 usurpatqu
3009 3604 3132 3669 fuit,
3186 3617 3405 3677 propter
3454 3608 3559 3663 hoc

1995 3702 2212 3757 unicum
2266 3700 2673 3763 testimonium,
2724 3697 3151 3753 ecclesiasticum
3222 3696 3556 3767 praecipuum

1993 3792 2185 3863 dogma
2207 3791 2549 3847 labefactare.
2571 3790 2662 3845 ille
2676 3790 2817 3844 enim
2838 3804 2960 3844 cum
2982 3789 3275 3844 audivisset
3296 3788 3375 3844 vel
3391 3790 3557 3845 semel

1997 3885 2226 3952 positum
2271 3883 2464 3937 Filium
2524 3880 2760 3953 Verbum
2811 3879 3111 3944 nominari,
3167 3879 3234 3932 ad
3287 3877 3555 3933 humanas

1996 3976 2232 4029 rationes
2262 3972 2544 4042 delapsus,
2589 3970 2757 4039 ipsius
2790 3970 2948 4037 plane
3000 3966 3217 4023 sustulit
3256 3965 3555 4021 subsisten-

1996 4066 2145 4121 tiam.
2177 4064 2309 4120 Cum
2339 4065 2429 4133 qui
2468 4077 2562 4131 per
2588 4062 2848 4131 seipsum,
2878 4068 2931 4114 et
2955 4073 3050 4128 per
3083 4057 3260 4112 Patris
3286 4057 3554 4127 prolatum

1998 4155 2385 4218 testimonium,
2421 4152 2591 4207 Filius
2618 4159 2986 4218 usurparetur,
3018 4150 3121 4203 nisi
3152 4162 3416 4203 summam
3458 4162 3555 4217 per

1995 4247 2322 4316 impietatem
2373 4260 2497 4300 cum
2558 4242 2764 4298 caeteris
2822 4241 3084 4297 creaturis
3145 4256 3246 4297 nec
3302 4239 3553 4309 componi

1996 4337 2187 4393 debeat
2218 4349 2391 4404 neque
2409 4333 2731 4402 comparari.
2760 4331 2891 4385 Nam
2922 4344 3028 4401 quo
3053 4342 3207 4401 pacto
3235 4330 3554 4402 Unigenitus

1997 4424 2249 4495 appellari
2277 4432 2474 4493 queat,
2514 4422 2606 4491 qui
2641 4436 2763 4476 cum
2798 4420 3138 4476 multitudine
3166 4429 3555 4476 annumeratur

324 4532 486 4598 εἶναι,
527 4534 621 4587 καὶ
654 4534 944 4604 μηδέτερον
980 4529 1127 4601 αὑτῷ
1170 4529 1270 4600 τῆς
1312 4526 1554 4594 υἱότητος
1595 4525 1889 4581 κοινωνεῖν.

2001 4514 2404 4573 creaturarum?
2424 4515 2554 4568 Cum
2573 4514 2655 4567 vel
2677 4513 2744 4566 de
2765 4512 2997 4567 nominis
3019 4510 3187 4567 solius
3210 4511 3556 4579 usurpatione

336 4622 477 4677 Ἀλλ’
506 4626 711 4676 ἐοίκασι
734 4621 922 4676 ταύτὸν
942 4618 1242 4691 Μαρκέλλῳ
1273 4616 1440 4679 πάθος
1460 4614 1779 4668 πεπονθέναι
1802 4614 1895 4668 καὶ

321 4713 491 4772 οὗτοι.
536 4717 594 4770 '0
628 4716 723 4786 μὲν
756 4714 865 4785 γὰρ
885 4714 991 4766 δέει
1019 4712 1113 4764 τοῦ
1151 4711 1223 4782 μὴ
1255 4709 1347 4762 δύο
1377 4708 1540 4771 Θεοὺς
1570 4708 1760 4771 εἰπεῖν,
1796 4706 1894 4777 τὴν

322 4808 551 4879 ἄρνησιν
573 4808 666 4860 τοῦ
688 4807 815 4860 Υἱοῦ
844 4803 1226 4877 προύϐάλλετο,
1253 4801 1350 4871 τὴν
1376 4797 1668 4852 ὑπόστασιν
1690 4798 1894 4852 ἀθετῶν

324 4899 492 4956 αὑτοῦ
513 4916 526 4931 °
556 4901 603 4953 οί
629 4900 703 4963 δὲ,
722 4899 812 4953 δύο
843 4898 1021 4960 δόντες
1042 4894 1385 4955 ὑποστάσεις,
1411 4892 1511 4962 τὴν
1544 4892 1640 4962 μὲν
1671 4890 1895 4958 ἀγέννηε

310 5007 440 5053 τον,
470 4989 568 5058 τὴν
613 4988 656 5042 δ’
685 4987 745 5052 ἐξ
773 4988 870 5040 οὑκ
902 4986 1070 5039 ὄντων
1114 4982 1443 5043 κτισθεῖσαν,
1485 4980 1579 5032 ἕνα
1628 4979 1726 5048 μὲν
1761 4976 1893 5030 Θεὸν

311 5085 387 5151 in;
407 5081 665 5134 ίστανται.
703 5080 759 5132 Ὁ
790 5078 846 5131 δὲ
888 5076 1006 5138 ria;
1030 5076 1130 5127 οὑκ
1162 5074 1234 5126 ἐτ’
1264 5073 1464 5133 αὑτοῖς,
1496 5069 1615 5122 οὑδὲ
1648 5069 1887 5135 Μονογε-

1999 4610 2140 4665 ﬁlius
2175 4607 2473 4661 naturalem
2524 4604 2810 4675 quamdam
2854 4602 3096 4657 obtineat
3143 4603 3210 4656 ad
3253 4601 3554 4672 genitorem

1999 4713 2152 4755 suum
2187 4696 2522 4759 relationem,
2555 4707 2785 4764 cumque
2810 4708 3004 4748 nomen
3040 4692 3190 4757 illud,
3222 4692 3551 4762 unigenitus,

2000 4790 2067 4845 ad
2094 4803 2261 4858 genus
2291 4788 2596 4859 pertingat,
2645 4795 2700 4840 et
2744 4785 3143 4856 generationem
3167 4821 3183 4849 ,
3222 4782 3392 4838 solum
3430 4796 3555 4838 eum

1982 4881 2197 4935 ‘indicet
2222 4891 2272 4935 et
2291 4879 2592 4934 solitarium
2630 4894 2643 4932 :
2673 4892 2773 4932 nec
2805 4877 2859 4931 in
2886 4875 3147 4929 liliatione
3168 4884 3286 4940 sua,
3316 4888 3554 4943 quocum

1996 4987 2101 5042 que
2142 4987 2261 5026 cum
2309 4972 2416 5025 alio
2465 4969 2894 5040 participantem.
2927 4968 3077 5031 mAt
3123 4966 3265 5021 enim
3304 4965 3555 5020 videntur

1997 5063 2154 5117 iidem
2182 5063 2268 5117 isti
2299 5078 2419 5116 cum
2445 5060 2694 5116 Marcello
2734 5059 2923 5115 eodem
2955 5058 3112 5127 plane
3139 5056 3296 5112 modo
3342 5054 3544 5112 affecti.

407 5248 466 5307 ὦ
498 5242 592 5295 Ed.
621 5240 814 5303 Paris,
851 5253 1006 5309 pagg.
1031 5235 1120 5303 68,
1147 5236 1233 5291 69.
1312 5233 1358 5264 ⁸³
1384 5230 1539 5286 Joan.
1570 5246 1608 5294 ι,
1638 5229 1724 5283 18.
1798 5226 1895 5282 ⁸⁸]

2008 5266 2021 5280 .
2056 5239 2137 5287 ιιι,
2174 5219 2254 5274 16.
2330 5220 2375 5251 ⁵⁵
2408 5217 2566 5271 Prov.
2594 5231 2713 5280 vnn,
2747 5213 2839 5268 22.

390 5436 503 5502 (56)
535 5434 930 5504 Προηῃιένον.
960 5433 1144 5492 Recte.
1174 5430 1324 5504 male
1349 5425 1609 5504 antem_in_
1636 5423 1885 5490 Socrate,

327 5496 755 5581 προηγούμενον,
791 5505 947 5581 forte
978 5501 1348 5581 προαγόμενον
1383 5512 1418 5581 :_
1448 5498 1539 5550 sed
1569 5496 1735 5581 'hanc
1788 5510 1885 5581 pp-

328 5564 498 5633 ﬂ'l'at'tt'
521 5564 799 5629 lectionem
829 5564 1489 5636 Ilialilll.'M.;—beiliVUIgO
1520 5564 1726 5636 γένοιτο
1739 5565 1883 5636 υἱός.

400 5648 513 5717 (37)
554 5648 617 5700 Ὀ
638 5642 968 5717 δ’λάληθῶς.
1020 5644 1272 5717 Socrates
1312 5632 1473 5717 legit,
1498 5632 1601 5689 6‘6”
1657 5632 1882 5717 άλύτως,

324 5702 416 5773 sed
453 5702 628 5770 niinus
662 5702 874 5769 sincera
918 5702 1003 5767 est
1033 5714 1174 5766 illius
1202 5711 1361 5765 lectio
1380 5702 1549 5778 'quam
1579 5714 1776 5761 nostra.
1812 5702 1881 5757 M.

320 5820 389 5830 —
438 5788 570 5843 Dein
596 5787 750 5855 vulgo
785 5784 880 5836 ἆτε
912 5782 989 5835 δέ.

654 5878 923 5940 Par-non.
956 5874 1071 5935 Gn.
1100 5873 1310 5934 XXIV

2058 5423 2169 5495 (58)
2203 5424 2263 5478 Τί
2277 5422 2387 5493 γὰρ
2414 5422 2489 5486 ἂν
2519 5422 2769 5495 γένοιτο.
2800 5418 2957 5471 Deest
3000 5430 3098 5495 vox
3149 5416 3354 5483 γένοιτο
3409 5415 3548 5495 apud

1990 5488 2262 5549 Socratem
2284 5488 2452 5557 male,
2484 5488 2576 5558 qui
2602 5500 2656 5543 et
2680 5496 2919 5543 nOstratn
2952 5488 3546 5558 scripturanrcorrigu,

1988 5565 2195 5634 legend.
2235 5564 2395 5634 enim,
2483 5555 2563 5634 τὸ,
2588 5558 2667 5634 τῷ
2686 5555 3053 5634 γεγεννηκότι.
3084 5555 3368 5634 Μίμ-Μυς
3394 5559 3549 5634 vitiati

1988 5618 2131 5752 δηυμζ
2152 5618 2400 5704 τεχνίτης
2428 5618 2481 5685 ét
2512 5618 2663 5683 ὲκκλ.
2699 5618 3097 5699 ’παρασκεύειν
3126 5626 3299 5696 δόγμα
3330 5634 3385 5682 et
3416 5618 3549 5678 ὃνόὲ

1988 5717 2056 5752 κα
2113 5713 2164 5752 et
2197 5699 2713 5752 συναοιθιιούιιενον.
3080 5712 3085 5717 '

1987 5701 2079 5755 καί
2113 5713 2164 5759 et
2197 5701 2418 5769 συναριο
2429 5701 2525 5770 μού
2533 5715 2713 5770 μενον.

3152 5855 3228 5911 27
