4086 6202
537 306 642 361 8ιὸ

1195 306 1466 363 EUSEBII
1502 307 1979 365 CESARIENSIS
2016 309 2165 365 OPP.
2206 311 2386 365 PARS
2425 312 2511 366 IV.
2552 345 2620 356 -—
2656 314 3076 371 DOCMATICA.

3657 321 3761 376 ω

538 424 655 479 Prae
708 433 849 478 metu
902 436 1133 493 namque
1164 423 1276 489 ille,
1329 439 1395 479 ne
1450 426 1585 480 duos
1636 426 1911 481 videretur
1958 426 2087 484 Deos

2195 428 2292 499 νὴς
2312 428 2482 492 ἔσται,
2512 428 2632 482 οὐδὲ
2658 430 2762 502 μὴν
2777 431 2909 503 (38‘)
2928 432 3145 503 Κύριος,
3165 432 3283 486 οὐδὲ
3296 433 3446 499 Θεὸς,
3473 437 3635 507 μηδὲν
3664 437 3768 508 μὲν

540 517 803 585 proliteri,
834 515 901 570 ad
921 514 1040 568 Filii
1067 513 1335 582 processit
1369 515 1798 585 abnegationem,
1834 516 2086 586 byposta-

542 608 643 662 sim
707 607 872 677 ipsius
928 603 1234 659 inﬁciando.
1289 605 1367 658 llli
1432 619 1564 660 vero
1619 622 1739 661 cum
1796 608 2095 661 concedant

548 704 857 770 hypostases
887 696 1038 757 duas,
1063 708 1224 750 unam
1257 695 1573 765 ingenitam,
1606 702 1839 750 creatam
1870 695 2093 748 alteram

547 792 605 843 de
659 803 764 843 non
806 786 1227 850 exsistentibus.
1266 800 1430 840 unum
1479 786 1695 855 quidem
1762 786 2096 840 substituunt

543 878 725 931 Deum.
753 878 821 931 At
848 876 1023 947 nullus
1040 876 1245 929 interea
1271 876 1374 930 illis
1396 873 1565 929 Filius
1579 875 1805 929 habetur
1830 873 1883 927 in
1910 889 2095 929 nume-

539 978 677 1033 rato,
703 983 811 1024 non
848 967 1189 1039 Unigenitus,
1245 981 1353 1021 non
1413 965 1692 1028 Dominus,
1749 980 1853 1020 non
1904 967 2090 1019 Deus:

536 1076 709 1131 neque
737 1062 879 1114 enim
910 1058 1200 1129 quidquam
1231 1057 1431 1123 habet,
1478 1058 1774 1111 secundum
1812 1069 1938 1122 eos,
1973 1070 2093 1110 cum

533 1164 757 1222 paterna
791 1151 1071 1206 divinitate
1118 1163 1401 1204 commune
1434 1165 1449 1202 :
1479 1150 1572 1202 sed
1611 1162 1707 1217 per
1735 1148 1913 1200 omnia
1945 1160 2093 1200 com-

507 1289 519 1320 ι
534 1247 753 1315 ponitur
812 1258 935 1298 cum
970 1251 1341 1296 creaturarum
1387 1241 1541 1294 turba
1589 1239 1642 1292 in
1686 1239 1807 1304 hoc,
1850 1238 1989 1307 quod
2028 1236 2095 1292 de

537 1322 704 1391 nihilo
728 1334 1121 1405 procreabatur
1156 1351 1170 1387 :
1204 1333 1299 1388 sed
1322 1346 1424 1387 non
1450 1330 1514 1386 ad
1543 1331 1705 1385 istum
1746 1330 1960 1384 modum
1991 1328 2093 1384 Ec-

537 1428 723 1483 clesia.
760 1426 895 1479 Nam
935 1424 1128 1479 Filium
1159 1424 1249 1479 Dei
1283 1423 1540 1492 praedicat
1574 1422 1741 1476 Deum
1783 1420 2095 1474 Dominum-

536 1538 641 1592 que
664 1520 944 1576 verissime
966 1518 1163 1572 Filium
1188 1531 1308 1571 esse
1339 1530 1488 1580 eum,
1513 1523 1676 1583 atque
1704 1512 1872 1567 Deum
1900 1511 2091 1567 docet:

538 1633 643 1672 non
692 1615 958 1670 communi
1021 1613 1249 1683 quadam
1295 1626 1415 1666 cum
1471 1604 1943 1674 multis’ratione,
2001 1606 2094 1677 qui

2200 519 2559 572 ὲπικοινωνῶν
2598 523 2662 591 τῇ
2698 521 2789 574 τοῦ
2832 523 3043 594 Πατρὸς
3081 523 3312 595 θεότητι,
3333 528 3443 588 τοῖς
3470 526 3527 579 δὲ
3559 527 3767 594 λοιποῖς

2200 610 2478 681 κτίσμασι,
2506 610 2625 664 καθ’
2653 610 2680 663 ὅ
2708 611 2766 675 ἐξ
2805 612 2905 665 οὐκ
2940 615 3107 666 όντων
3141 614 3367 685 ὑπέστη,
3419 616 3770 687 παραϐαλλό-

2203 719 2379 772 μενος.
2427 703 2564 755 Ἀλλ’
2588 704 2685 773 οὐχ
2712 703 2882 766 οὕτως
2904 706 2938 775 ή
2982 704 3271 775 Ἐκκλησία
3291 722 3305 736 ο
3337 707 3426 759 τὸν
3450 707 3497 760 δ’
3526 708 3652 762 Υῑὸν
3671 709 3770 763 τοῦ

2200 792 2355 857 Θεοῦ,
2373 792 2503 845 Θεὸν
2532 795 2625 846 καὶ
2652 792 2854 863 Κύριον
2881 793 3260 867 ἀνακηρύττει,
3288 798 3381 849 καὶ
3403 798 3616 868 ἀληθῶς
3635 800 3771 853 Υἱὸν

2199 878 2336 935 εἶναι
2366 884 2459 935 καὶ
2485 883 2615 937 Θεὸν
2647 884 2883 938 διδάσκει
2910 901 2923 915 °
2956 886 3015 938 οὐ
3046 886 3186 939 κατὰ
3221 888 3347 951 τοὺς
3377 888 3605 952 πολλοὺς
3634 892 3768 955 τοὺς

2200 972 2425 1045 ἐπίκλην
2444 974 2838 1044 ὀνομασθέντας
2871 976 3017 1041 υἱούς
3040 994 3099 1030 τε
3130 979 3222 1030 καὶ
3254 978 3406 1043 θεοὺς
3426 981 3552 1051 περὶ
3579 974 3654 1035 ὧν
3683 984 3767 1036 εἴ-

2204 1078 2379 1131 ρηται,
2420 1062 2558 1133 Ἐγὼ
2581 1060 2738 1117 εἵπετ’
2780 1066 2912 1118 Θεοί
2956 1065 3127 1130 ἐστε,
3170 1067 3267 1121 καὶ
3315 1067 3434 1121 υἱοὶ
3479 1068 3769 1137 Ὑψίστου

2201 1149 2440 1216 πάντες,
2475 1151 2596 1205 καθ’
2625 1152 2653 1204 ὃ
2680 1152 2734 1204 δὲ
2756 1153 2931 1222 ’μόνος
2974 1153 3153 1217 αὐτὸς,
3196 1156 3225 1207 ὁ
3266 1154 3327 1219 ἐξ
3362 1153 3525 1209 αὑτοῦ
3563 1173 3765 1228 γεννηο

2201 1239 2310 1305 Θεὶς
2347 1241 2440 1295 τοῦ
2475 1244 2683 1315 Πατρὸς
2727 1247 2783 1298 ὲν
2832 1248 3010 1316 μορφῇ
3056 1246 3268 1317 ὑπῆρχε
3303 1246 3461 1312 Θεοῦ,
3501 1247 3663 1301 εἰκών
3710 1249 3762 1300 τ’

2199 1328 2266 1405 ἦν
2298 1333 2390 1388 τοῦ
2423 1334 2556 1388 Θεοῦ
2596 1335 2688 1389 τοῦ
2735 1337 2963 1409 ἀοράτου
3006 1341 3101 1392 καὶ
3156 1338 3502 1411 Πρωτότοκος
3545 1339 3763 1409 ἁπάσης

2200 1427 2446 1490 κτίσεως.
2486 1428 2575 1481 Διὸ
2616 1430 2707 1483 καὶ
2750 1431 2913 1499 τιμᾷν
2960 1431 3054 1484 καὶ
3086 1430 3261 1484 σέϐειν
3300 1430 3394 1484 καὶ
3440 1435 3762 1502 προσκυνεῖν

2204 1518 2359 1587 μόνον
2389 1519 2569 1584 αὑτὸν,
2599 1517 2686 1574 οἷα
2717 1522 2918 1595 Κύριον
2946 1521 3041 1577 καὶ
3062 1522 3305 1594 Σωτῆρα,
3337 1522 3433 1575 καὶ
3452 1520 3605 1588 Θεὸν,
3631 1522 3762 1575 tau-

2197 1608 2297 1678 τῆς
2325 1626 2390 1679 με
2398 1609 2612 1682 μάθηκα
2620 1629 2735 1683 μεν.

538 1710 951 1766 denominantur
997 1708 1095 1776 [itii
1137 1715 1297 1776 atque
1355 1706 1462 1767 dii.
1542 1712 1726 1772 utpote
1770 1702 1837 1758 de
1894 1701 2087 1771 quibus
2126 1700 2324 1757 dicitur
2372 1722 2384 1759 :
2425 1705 2535 1775 Ego
2577 1710 2688 1762 dixi
2716 1723 2737 1762 :
2771 1709 2858 1763 Dii
2897 1712 3052 1776 estis,
3099 1720 3147 1764 et
3197 1711 3297 1779 ﬁlii
3366 1726 3539 1764 omnes
3594 1709 3762 1765 Altis-

535 1802 653 1856 simi
692 1798 738 1830 "
773 1813 790 1850 :
819 1799 909 1853 sed
944 1808 1101 1867 prout
1147 1812 1243 1866 par
1271 1807 1390 1849 erat
1425 1794 1574 1848 illum
1609 1793 1780 1848 solum
1824 1792 1925 1847 dici
1947 1835 1961 1860 ,
1998 1792 2089 1860 qui
2128 1792 2195 1847 de
2227 1792 2319 1848 illo
2342 1799 2730 1864 procreabatur
2779 1800 2970 1867 Patre,
3030 1802 3121 1871 qui
3179 1803 3233 1856 in
3276 1801 3450 1855 forma
3486 1799 3579 1856 Dei
3608 1802 3758 1855 exsi-

536 1896 713 1952 stebat
754 1911 766 1946 :
804 1903 859 1947 et
880 1893 1056 1962 imago
1083 1891 1259 1944 fuerat
1287 1887 1573 1943 invisibilis
1614 1886 1707 1941 Dei
1732 1924 1747 1951 ,
1780 1884 2177 1954 Primogenitus
2220 1886 2484 1944 universa:
2541 1901 2821 1947 creaturae.
2888 1892 3147 1960 Quocirca
3208 1892 3276 1947 ab
3316 1891 3552 1947 Ecclesia
3579 1892 3755 1946 edocti

535 2008 718 2047 sumus
772 1991 920 2044 illum
987 1986 1155 2042 solum
1219 1984 1441 2047 colere,
1503 1980 1793 2046 venerari,
1865 1980 2127 2047 adorare,

533 2085 750 2139 existat.

1178 2172 1337 2229 CAP.
1364 2170 1453 2225 XI.

535 2269 691 2334 Quod
707 2266 939 2321 Ecclesia
972 2279 1130 2317 unum
1155 2271 1401 2334 agnoscat
1430 2269 1477 2315 et
1503 2269 1682 2334 notum
1717 2257 1879 2334 faciat
1902 2256 2085 2323 Deum,

602 2339 719 2392 licet
766 2352 927 2405 nuper
975 2328 1241 2388 admiserit
1293 2332 1441 2385 illam
1491 2330 1755 2399 formam,
1824 2328 1963 2383 Deus
2015 2334 2090 2398 με

605 2408 736 2463 Deo.

603 2500 757 2568 Quod
788 2499 832 2555 si
864 2506 1047 2552 autem
1083 2504 1396 2561 vereantur,
1427 2509 1495 2549 ne
1521 2495 1654 2549 duos
1678 2492 1816 2548 Deos
1849 2506 2090 2563 pronun-

536 2597 696 2649 tiasse
728 2591 997 2652 videatur,
1024 2587 1199 2641 sciant
1228 2593 1463 2655 oportet,
1493 2584 1635 2654 quod
1667 2592 1940 2653 utcunque
1966 2581 2091 2636 licet

530 2683 728 2737 Filium
762 2680 1113 2750 proliteamur
1133 2675 1323 2742 Deum,
1348 2690 1485 2729 unus
1510 2685 1716 2739 tamen,
1754 2682 1941 2729 nostra
1969 2687 2091 2729 sen-

533 2775 725 2839 tentia,
768 2774 906 2826 Deus
936 2771 1046 2825 sit:
1084 2768 1173 2823 ille
1204 2766 1478 2830 nimirum,
1512 2767 1603 2835 qui
1635 2765 1782 2819 solus
1826 2760 2089 2832 principio

535 2869 703 2924 caret,
747 2858 837 2928 qui
894 2857 1164 2924 ingenitus
1210 2872 1225 2920 ;
1274 2854 1368 2923 qui
1404 2854 1674 2922 propriam
1705 2867 1735 2906 a
1761 2866 1820 2906 se
1851 2849 2091 2921 possidet

533 2950 865 3003 divinitatem
896 2985 911 3011 ,
946 2947 1035 3015 qui
1078 2945 1176 3013 ipsi
1212 2945 1432 3010 insuper
1462 2941 1600 2997 Filio
1625 2941 1919 2998 exsistendi
1956 2955 2086 2996 cau-

532 3057 669 3103 sam,
696 3048 751 3093 et
781 3037 959 3091 taliter
990 3035 1285 3092 exsistendi
1310 3034 1476 3089 dedit.
1499 3033 1604 3089 Per
1619 3047 1781 3103 quem
1813 3041 1867 3087 et
1913 3032 2086 3102 ipsum

534 3147 613 3195 se,
641 3128 812 3184 Filius
836 3126 1124 3181 conﬁtetur
1147 3125 1347 3190 vivere,
1380 3125 1469 3179 ubi
1504 3125 1599 3189 ait,
1635 3123 2085 3189 Quemadmodum

531 3238 612 3275 me
639 3220 782 3275 misit
809 3220 977 3273 vivens
1017 3215 1179 3273 Pater
1208 3230 1225 3268 :
1262 3226 1310 3270 et
1356 3233 1447 3287 ego
1492 3218 1603 3271 vivo
1634 3232 1727 3286 per
1768 3213 1984 3269 Patrem
2016 3214 2083 3267 ⁵⁷.

532 3312 601 3365 Et
624 3309 1055 3382 quemadmodum
1086 3304 1250 3361 Pater
1272 3307 1421 3382 habet
1452 3307 1608 3361 vitam
1659 3306 1713 3358 in
1757 3305 1926 3375 seipso
1959 3320 1977 3358 :
2012 3308 2088 3357 ita

537 3418 738 3472 quoque
786 3410 834 3455 et
880 3396 1023 3453 Filio
1079 3398 1218 3451 dedit
1268 3398 1457 3451 habere
1504 3398 1663 3450 vitam
1709 3398 1766 3450 in
1816 3396 1987 3466 seipse
2017 3395 2085 3449 ³⁸.

2195 1990 2379 2049 utpote
2442 1984 2533 2053 qui
2601 1985 2881 2052 Dominus,
2956 1985 3234 2053 Servator,
3285 1995 3340 2041 et
3401 1985 3545 2041 Deus
3609 1984 3754 2039 illius

2833 2170 2986 2223 ΚΕΦ.
3018 2170 3122 2222 IA'.

2191 2281 2379 2345 Ὅπως
2405 2282 2513 2335 ἕνα
2525 2282 2671 2335 Θεὸν
2693 2283 2729 2349 ἡ
2749 2284 3076 2351 Ἐκκλησία
3092 2278 3365 2352 γνωρίζει,
3388 2284 3576 2335 καιτοι
3602 2279 3755 2335 Θεὸν

2501 2354 2567 2406 ἐκ
2602 2354 2748 2407 Θεοῦ
2789 2354 2937 2409 εἶναι
2969 2352 3435 2423 παραδεχομένη.

2258 2492 2321 2543 Ei
2345 2491 2399 2544 δὲ
2436 2490 2597 2560 φόϐον
2635 2492 2813 2553 αὐτοῖς
2853 2494 3085 2562 ἐμποιεῖ,
3120 2492 3191 2563 μή
3222 2508 3295 2559 πη
3326 2489 3433 2559 ἄρα
3459 2488 3550 2540 δύο
3582 2488 3747 2550 Θεοὺς

2189 2581 2298 2651 (⁵9)
2332 2581 2681 2654 ἀναγορεύειν
2705 2582 2932 2649 δόξαιεν,
2958 2583 3208 2647 ἴστωσαν,
3238 2581 3332 2645 ὡς,
3362 2581 3455 2634 καὶ
3492 2579 3585 2633 τοῦ
3618 2580 3743 2632 riui:

2190 2671 2325 2742 πρὸς
2357 2671 2513 2742 ήμῶν
2543 2670 2965 2742 ὁμολογουμένου
2993 2672 3148 2734 Θεοῦ,
3183 2667 3262 2735 εἷς
3292 2672 3356 2726 ἂν
3381 2671 3588 2739 γένοιτο
3614 2667 3747 2734 Θεὸς

2192 2764 2375 2835 μόνος·
2412 2765 2615 2826 ἐκεῖνος
2644 2767 2672 2817 ὁ
2704 2764 2860 2833 μόνος
2888 2764 3116 2835 ἄναρχος
3144 2765 3237 2817 καὶ
3263 2764 3571 2834 ἁγέννητος,
3594 2764 3624 2816 ὁ
3647 2762 3747 2834 τὴν

2189 2854 2413 2923 θεότητα
2435 2854 2635 2907 οἰκείαν
2666 2854 3017 2924 κεκτημένος,
3046 2853 3193 2925 αὐτῷ
3223 2871 3283 2907 τε
3316 2853 3393 2925 τῷ
3421 2854 3535 2925 Υῑῷ
3564 2854 3658 2907 τοῦ
3680 2851 3748 2906 εἷ-

2189 2963 2298 3009 ναι,
2335 2946 2429 2998 καὶ
2461 2944 2553 2998 τοῦ
2581 2945 2768 3016 τοιῷδε
2790 2942 2949 3008 εῖναι,
2975 2945 3211 3015 γεγονὼς
3231 2944 3424 3010 αἴτιος,
3460 2945 3527 2998 δι’
3563 2946 3621 2999 ὃν
3652 2947 3748 2999 καὶ

2188 3036 2345 3099 αὐτὸς
2372 3038 2399 3089 ὁ
2430 3037 2554 3100 Υἱὸς
2578 3037 2828 3107 ὁμολογεῖ
2859 3037 2975 3109 ζῇν,
3012 3038 3264 3107 ἄντικρυς
3296 3037 3499 3105 λέγων·
3541 3037 3748 3102 Καθὼς

2186 3126 2504 3179 ἀπέστειλέ
2522 3142 2598 3195 με
2625 3129 2657 3179 ὁ
2690 3126 2800 3186 (ὧν
2828 3126 3048 3195 Πατὴρ,
3085 3127 3243 3195 κάγὼ
3270 3126 3341 3187 ζῶ
3378 3127 3475 3180 διὰ
3513 3127 3617 3181 τὸν
3632 3131 3747 3182 Πα-

2187 3217 2342 3285 τέρα.
2386 3219 2494 3271 Καὶ
2528 3217 2729 3288 ὥσπερ
2760 3216 2869 3287 γὰρ
2905 3220 2939 3271 ὁ
2970 3218 3170 3286 Πατὴρ
3195 3218 3347 3285 ζωὴν
3368 3219 3490 3286 ἔχει
3520 3218 3589 3269 ἐν
3611 3217 3749 3270 ἐαυ-

2186 3308 2286 3374 τῷ,
2321 3309 2470 3363 οὕτω
2496 3310 2595 3363 καὶ
2622 3309 2700 3374 τῷ
2736 3309 2843 3375 Υἱῷ
2869 3309 3051 3363 ἔδωκε
3085 3290 3238 3378 (cui)?
3265 3308 3427 3377 ἔχειν
3444 3309 3511 3360 ἐν
3530 3293 3740 3370 ἐαυτῷ.

2187 3403 2275 3455 Διὸ
2304 3404 2396 3455 καὶ
2422 3402 2576 3473 ἡμῶν
2603 3403 2695 3457 καὶ
2719 3401 2910 3455 ἑαυτοῦ
2944 3401 3073 3455 Θεὸν
3102 3397 3237 3455 εἶναι
3268 3400 3495 3452 διδάσκει
3526 3398 3615 3449 τὸν
3634 3398 3744 3448 Πα-

534 3494 706 3559 Quam
738 3490 809 3546 ob
843 3504 1061 3546 causam
1122 3497 1361 3543 nostrum
1416 3487 1508 3543 ille
1538 3488 1705 3542 Deum
1755 3503 1876 3543 esse
1924 3488 2086 3543 docet

2190 3494 2319 3565 τέρα
2355 3496 2411 3546 ὲν
2459 3489 2539 3557 οἷς
2580 3511 2761 3565 φησιν·
2808 3492 3145 3562 Ἀνέρχομαι
3183 3493 3324 3559 πρὸς
3363 3489 3468 3541 τὸν
3510 3486 3739 3554 Πατέρα

538 3583 778 3648 Patrem,
803 3590 964 3652 atque
992 3594 1146 3635 suum
1188 3581 1376 3646 Deum,
1412 3579 1498 3633 ubi
1529 3579 1787 3647 loquitur,
1843 3578 1991 3631 Vada
2016 3581 2084 3633 ad

538 3671 753 3728 Patrem
780 3686 972 3736 meum,
1004 3682 1048 3723 et
1077 3671 1289 3724 Patrem
1321 3679 1545 3723 vestrum
1579 3684 1596 3720 :
1643 3668 1806 3722 Deum
1839 3684 2007 3721 meum
2036 3678 2084 3721 et

536 3765 704 3820 Deum
758 3775 981 3817 vestrum
1001 3761 1212 3831 '°,:sed
1244 3769 1301 3817 et
1343 3770 1505 3830 caput
1533 3774 1747 3829 quoque
1793 3758 1918 3813 Filii
1968 3774 2085 3815 esse

534 3858 699 3913 Deum
730 3858 883 3910 docet
909 3853 1238 3917 Ecclesimsh
1273 3852 1550 3906 alumnum
1594 3866 1824 3920 magnus
1851 3852 2084 3921 Aposto-

533 3952 617 4005 ius
638 3949 727 4005 ubi
754 3950 849 4013 ait,
884 3947 1049 4017 Caput
1078 3956 1251 3999 autem
1282 3944 1497 4010 Christi,
1537 3944 1676 3997 Deus
1703 3955 1776 3998 est
1810 3944 1875 3999 “.
1927 3944 2083 4001 Nunc

532 4042 727 4095 iterum
762 4040 827 4094 de
852 4038 988 4093 Filio
1018 4038 1367 4107 prolocutus:
1405 4037 1570 4101 Atque
1602 4036 1771 4104 ipsum
1814 4037 1953 4089 dedit
1996 4054 2086 4090 ca-

532 4144 624 4204 put
666 4149 822 4202 super
854 4133 1050 4196 omnia,
1086 4130 1334 4185 Ecclesiw
1368 4146 1478 4184 sua:
1518 4145 1633 4199 qua:
1665 4140 1737 4183 est
1782 4146 1971 4199 corpus
2000 4131 2083 4197 ip-

530 4228 639 4280 sius
668 4224 735 4258 '°'
766 4222 1057 4288 Quocirca,
1074 4218 1332 4289 princeps
1353 4214 1441 4269 hic
1458 4212 1717 4271 Ecclesia:
1731 4226 1785 4273 ct
1803 4219 1910 4273 dux
1936 4218 2085 4273 dica-

532 4328 664 4373 tur:
701 4327 861 4387 caput
892 4326 1069 4371 autem
1103 4314 1260 4384 hujus
1293 4314 1398 4367 erit
1422 4314 1582 4366 Pater
1627 4329 1641 4365 :
1692 4312 1765 4364 ita
1809 4326 1949 4365 unus
1986 4312 2086 4365 iste

2186 3603 2305 3653 μου
2353 3585 2449 3638 καὶ
2485 3584 2713 3653 Πατέρα
2758 3583 2952 3654 ὑμῶν,
3001 3583 3097 3637 καὶ
3141 3584 3282 3637 Θεόγ
3308 3598 3424 3650 μου
3465 3578 3561 3632 καὶ
3593 3578 3742 3632 Θεὸν·

2191 3675 2371 3745 ὑμῶν.
2405 3676 2512 3729 Καὶ
2543 3675 2781 3745 κεφαλὴν
2802 3675 2859 3728 δὲ
2889 3674 3050 3727 αὑτοῦ
3086 3675 3183 3745 μὲν
3208 3673 3300 3727 τοῦ
3321 3671 3449 3726 Υἱοῦ
3476 3672 3565 3725 τὸν
3590 3670 3743 3732 Θεὸν,

2190 3768 2288 3838 τῆς
2318 3767 2364 3820 δ’
2399 3768 2719 3837 Ἑκκλησίας
2772 3766 2863 3819 τὸν
2888 3766 3011 3819 Υἱὸν
3058 3766 3086 3817 ὁ
3125 3767 3295 3837 μέγας
3331 3764 3644 3826 Ἀπόστολος
3672 3764 3752 3817 δι-

2190 3858 2395 3921 δάσκει,
2442 3858 2572 3926 ἡμῖν
2618 3856 2818 3924 λέγων·
2866 3855 3108 3924 Κεφαλὴ
3158 3854 3228 3907 δὲ
3269 3853 3377 3907 τοῦ
3424 3851 3677 3921 Χριστοῦ
3718 3856 3752 3905 ὀ

2193 3949 2363 4013 Θεός·
2399 3947 2474 4018 πῆ
2516 3946 2574 3999 δὲ
2617 3947 2743 4017 περὶ
2784 3944 2877 3999 τοῦ
2926 3944 3056 3998 Υἱοῦ
3101 3944 3356 4013 φάσκωνθ
3410 3942 3519 3997 Καὶ
3565 3941 3754 3995 αὑτὸν

2186 4040 2368 4094 ἔδωκε
2421 4038 2691 4108 κεφαλὴν
2727 4036 2879 4106 ὑπὲρ
2908 4037 3101 4090 πάντα
3137 4034 3211 4103 τεῇ
3249 4035 3592 4101 Ἐκκλησία,
3620 4033 3753 4100 ἣτις

2150 4130 2315 4186 ’ἐστὶ
2354 4132 2417 4184 τὸ
2452 4128 2621 4198 σῶμα
2649 4128 2853 4183 αὑτοῦ.
2889 4126 3095 4181 Οὐκοῦν
3135 4125 3235 4196 τῆς
3284 4126 3383 4197 μὲν
3428 4123 3751 4191 Ἐκκλησίας

2186 4223 2346 4286 αὐτὸς
2375 4222 2484 4290 (40)
2519 4221 2756 4292 ἀρχηγὸς
2796 4222 2861 4274 ἂν
2911 4218 3018 4289 εἴη,
3050 4221 3143 4271 καὶ
3176 4217 3383 4288 κεφαλὴ
3416 4217 3469 4269 δὲ
3507 4215 3670 4268 αὐτοῦ
3721 4216 3751 4266 ό

2187 4311 2395 4383 Πατήρ·
2420 4304 2574 4374 οὗτος
2600 4306 2680 4373 εἷς
2712 4308 2844 4372 Θεὸς
2867 4312 2895 4363 ὁ
2916 4308 3006 4361 τοῦ
3047 4308 3366 4378 μονογενοῦς
3388 4305 3513 4359 Υἱοῦ
3535 4303 3748 4374 Πατὴρ,

532 4410 672 4464 Deus
695 4420 749 4464 et
777 4409 969 4464 unicus
999 4406 1161 4461 fuerit
1193 4405 1285 4475 qui
1317 4413 1400 4458 est
1434 4403 1593 4457 Pater
1620 4401 1739 4456 Filii
1788 4402 2080 4471 unigeniti:

2190 4404 2283 4457 xui.
2327 4404 2423 4473 μία
2452 4404 2485 4472 ἡ
2519 4403 2610 4455 καὶ
2641 4400 2730 4454 τοῦ
2757 4400 2922 4454 αὐτοῦ
2954 4401 3047 4453 τοῦ
3078 4398 3313 4469 Χριστοῦ
3349 4397 3572 4468 κεφαλή.
3601 4397 3751 4458 Μιᾶς

529 4503 747 4557 unicum
775 4501 938 4556 etiam
968 4506 1134 4569 caput
1165 4498 1333 4566 ipsius
1364 4495 1585 4550 Christi.
1614 4492 1748 4547 Cum
1792 4507 1923 4547 vero
1962 4492 2082 4547 uni-

529 4608 653 4647 cum
688 4574 758 4646 Sit
778 4588 1124 4660 principium,
1154 4595 1318 4655 caput
1347 4584 1510 4638 etiam
1561 4583 1782 4635 unicum
1833 4580 1923 4646 sit,
1952 4595 2079 4649 quo-

530 4686 690 4739 modo
716 4683 806 4737 ﬂet
828 4691 886 4736 ut
910 4680 1019 4735 sint
1047 4680 1153 4734 duo
1205 4677 1306 4742 Dii,
1354 4685 1409 4730 et
1446 4691 1550 4730 non
1584 4690 1746 4738 unus,
1774 4689 1963 4743 nempe
1993 4674 2080 4730 ille

528 4774 695 4840 solus,
724 4772 815 4842 qui
842 4772 1046 4826 nullum
1073 4784 1129 4824 se
1162 4767 1495 4837 superiorem
1546 4765 1741 4820 habet:
1774 4765 1860 4819 cui
1900 4766 2076 4820 nullus

526 4868 664 4922 alius
711 4845 928 4920 causam
979 4860 1304 4918 subsistendi
1353 4857 1620 4913 contulit?
1665 4858 1780 4926 qui,
1821 4868 1880 4912 ut
1920 4873 2074 4914 suum

526 4958 790 5032 peculium
805 4954 1092 5025 quoddam,
1109 4953 1358 5009 deitatem
1385 4950 1819 5021 inprincipiatam
1836 4960 1891 5005 et
1918 4950 2073 5021 inge-

2186 4495 2240 4548 δὲ
2272 4494 2435 4564 οῦσης
2455 4493 2627 4563 ἀρχῆς
2648 4509 2706 4544 τε
2734 4492 2827 4545 καὶ
2852 4491 3108 4561 κεφαλῆς,
3136 4491 3253 4554 πῶς
3277 4491 3343 4544 ἂν
3372 4491 3607 4559 γένοιντο
3626 4488 3752 4541 Θεοὶ

2184 4586 2297 4651 δύο,
2328 4587 2445 4655 οὐχὶ
2475 4585 2532 4638 δὲ
2576 4580 2657 4647 εἷς
2695 4585 2900 4647 ἐκεῖνος
2946 4584 3124 4653 μόνος,
3161 4586 3188 4635 ό
3217 4582 3419 4653 μηδένα
3458 4581 3747 4651 ἀνώτερον.

2188 4677 2320 4749 μηδὲ
2352 4675 2541 4729 ἑαυτοῦ
2572 4676 2739 4728 αἴτιον
2770 4674 2953 4745 ἓτερον
2977 4674 3443 4744 ὲπιγραφόμενος;
3473 4673 3668 4725 οἰκεῖον
3693 4670 3752 4725 δὲ

2184 4771 2278 4824 καὶ
2305 4770 2557 4839 ἄναρχον,
2586 4768 2680 4821 καὶ
2702 4767 2991 4837 ἀγέννητον
3018 4766 3118 4835 τῆς
3147 4764 3479 4837 μοναρχικῆς
3503 4762 3753 4829 ἐξουσίας

2184 4863 2281 4935 τὴν
2303 4862 2528 4932 Θεότητα
2550 4860 2904 4931 κεκτημένος,
2930 4859 3115 4928 καὶτῷ
3142 4857 3255 4928 Υἱῷ
3273 4858 3369 4927 τῆς
3403 4855 3595 4909 ἑαυτοῦ
3629 4853 3751 4906 θεό-

2184 4955 2342 5026 τητός
2377 4972 2435 5007 τε
2468 4954 2569 5007 καὶ¹
2586 4952 2728 5023 ζωῆς
2756 4952 3037 5023 μεταδοὺς,
3067 4953 3095 5005 ὁ
3125 4951 3183 5004 δὲ
3214 4949 3377 5004 αὐτοῦ
3412 4948 3483 5001 τὰ
3503 4946 3758 5017 σύμπαν-

600 5121 657 5178 Et
703 5113 797 5167 Ed.
831 5109 1029 5178 Paris.,
1056 5125 1180 5181 pag.
1205 5110 1293 5164 70.
1368 5108 1414 5141 "
1443 5108 1582 5164 Psal.
1612 5122 1796 5174 um,
1825 5110 1877 5166 6.
1953 5114 2172 5173 "Joan.
2201 5115 2381 5183 vt,57.
2457 5113 2503 5144 ⁸⁸
2532 5111 2687 5167 Joan.
2711 5111 2873 5176 v.26.
2947 5111 2991 5141 ”
3019 5108 3172 5164 Joan.
3202 5125 3293 5171 xr,
3329 5106 3415 5160 17.
3466 5104 3511 5135 ⁸⁸
3563 5097 3585 5152 ι
3622 5096 3770 5156 Cor.

535 5218 613 5260 x1,
642 5203 695 5255 5.
714 5198 729 5226 ⁴
772 5201 841 5233 ⁸ο·
867 5199 1067 5272 Ephes.
1096 5219 1137 5271 ι,
1167 5200 1255 5268 22,
1289 5197 1380 5259 25.

595 5364 724 5436 (38")
759 5365 925 5435 Vulgo
955 5365 1054 5438 μέν
1087 5377 1141 5422 et
1165 5366 1376 5437 ὑπῆρχε
1408 5363 1501 5417 τοῦ
1534 5362 1668 5449 Θεοῦ
1710 5372 1767 5417 et
1826 5362 2077 5435 μεμάθη-

522 5450 705 5570 κεῖδο)
739 5502 1103 5571 Διατορεύειν
1148 5504 1339 5570 δόξαι,
1390 5505 1745 5559 ἐνιστωσαν,
1798 5500 1964 5570 Lege,
2026 5509 2082 5556 et

524 5572 814 5644 distingue,
841 5572 1089 5644 δόξαιμεν
1108 5593 1122 5606 ·
1147 5574 1465 5630 ἐνέστωσαν.
1492 5574 1563 5629 Μ.
1587 5572 1907 5637 -Δόξαιεν,
1933 5573 2085 5626 ἵστω-

527 5659 625 5695 σαν
640 5642 783 5716 cod.;
814 5645 936 5716 dein
965 5642 1119 5716 vulgo
1142 5645 1209 5715 μὲ
1227 5644 1334 5708 ζῶν
1364 5656 1419 5704 et
1447 5664 1501 5703 κ.
1530 5646 1717 5715 ὥσπερ
1741 5645 1768 5698 ὁ
1798 5644 1990 5714 Πατήρ
2021 5651 2075 5699 et

523 5710 760 5781 κεφαλὴν
782 5711 879 5781 μὲν
903 5729 953 5765 τ.

2256 5362 2370 5433 (40)
2414 5363 2689 5432 Ἆρχηγὸς
2724 5361 2799 5416 ἂν
2840 5361 2949 5428 ειη.
2981 5360 3140 5433 Eorte
3169 5360 3339 5433 deest,
3371 5361 3467 5433 καὶ
3516 5354 3741 5433 κεφαλή.

2187 5425 2320 5486 Nain
2344 5425 2632 5500 caput'es't,
2663 5425 2729 5485 de
2779 5446 2885 5499 quo
2916 5425 3097 5484 ταῦτα
3146 5430 3386 5500 στρέφει,
3430 5430 3558 5482 latet
3583 5425 3747 5500 forte

2187 5496 2495 5558 arianizans
2522 5496 2939 5565 hicEusebius,
2985 5502 3133 5556 ltisce
3181 5496 3329 5555 enim
3386 5509 3441 5553 et
3479 5496 3751 5551 similibus

2190 5573 2508 5628 testimoniis
2534 5572 2821 5626 utebantur
2850 5570 2945 5635 iUi,
2963 5579 3018 5625 et
3042 5568 3233 5625 Filium
3266 5568 3380 5632 Dei,
3399 5570 3625 5637 ἄναρχον
3624 5580 3750 5637 _ue~

2189 5641 2405 5706 ﬂabant,
2440 5650 2495 5697 et
2540 5641 2727 5711 ἀΐδιον.
2762 5638 2836 5693 Μ.
2864 5632 2939 5682 -’
2960 5640 3090 5697 Dein
3118 5640 3277 5711 vulgo
3304 5641 3340 5711 ἡ
3370 5638 3463 5693 τοῦ
3492 5632 3657 5691 ἀὺτοῦ
3689 5644 3756 5690 et

2191 5711 2397 5779 γένοιτο
2430 5721 2484 5769 et
2507 5711 2625 5781 οὐχὶ
2656 5707 2754 5774 εἷς.
