4086 6202
349 310 461 368 845

1372 306 1459 360 DE
1495 304 2017 362 ECCLESIASTICA
2057 302 2451 368 THEOLOGIA
2490 302 2622 357 LIB.
2660 302 2706 356 Ι.

3490 299 3585 356 8“

343 443 418 480 τα
465 425 580 495 (Η)
634 423 1105 493 ὑποστησάμενος·
1166 422 1195 472 6
1243 420 1586 474 ἀποστέλλων
1647 420 1834 473 αὐτόν·
1898 422 1926 473 6

2032 427 2425 496 neratamlcum
2458 415 2800 471 monarcliica
2837 423 3106 484 potestate
3161 430 3411 486 suprema
3464 430 3593 486 pos-

345 516 713 588 προστάττων
759 513 926 582 αὐτῷ,
974 514 1002 564 6
1046 510 1448 581 ὲντελλόμενος’
1511 512 1539 563 6
1574 510 1864 565 διδάσκων·
1900 512 1928 562 6

349 604 538 657 πάντα
572 600 718 672 αὑτῷ
743 599 1088 671 παραδιδοὺς,
1129 600 1157 650 6
1188 598 1422 663 δοξάζων
1462 601 1654 653 αὐτόν’
1697 603 1723 653 6
1760 602 1928 672 ὑπερ-

351 697 509 767 υψῶν
529 713 542 726 ·
579 695 607 747 6
637 692 915 756 ἀναδείξας
938 689 1161 761 βασιλέα
1192 689 1300 743 τῶν
1322 691 1456 743 ὅλων
1476 708 1488 720 ·
1520 694 1548 744 6
1577 693 1755 745 πᾶσαν
1781 693 1928 762 αὐτῷ

353 787 456 857 τὴν
487 786 668 856 κρίσιν
694 781 1053 852 παραδιδούςθ
1098 781 1128 832 6
1178 781 1268 834 καὶ
1292 783 1436 852 ἡμᾶς
1469 781 1611 852 αὑτῷ
1651 781 1930 835 πείθεσθαι

359 877 707 949 βουλόμενος·
740 875 769 925 6
799 873 889 925 τὸν
923 873 979 925 ὲν
1001 870 1150 942 δεξιᾷ
1182 874 1279 943 τῆς
1314 872 1781 943 μεγαλοπρεπείας
1833 872 1930 924 αὐ-

355 968 451 1022 τοῦ
489 967 732 1035 κατέχειν
773 964 959 1034 θρόνον
989 964 1436 1034 ἐγκελευόμενος
1479 965 1536 1037 ἐν
1567 963 1643 1034 τῷ
1678 981 1930 1034 προσφω-

359 1063 470 1112 νεῖν
503 1057 646 1127 αὐτῷ
677 1057 768 1108 καὶ
810 1056 990 1124 λέγειν
1009 1074 1023 1086 ·
1059 1055 1256 1110 Κάθου
1281 1056 1349 1109 ἐκ
1374 1053 1588 1119 δεξιῶν
1615 1072 1754 1124 μουο
1785 1058 1813 1108 6
1843 1056 1930 1109 διὰ

361 1148 530 1202 ταῦτα
565 1149 762 1212 πάντα,
797 1147 893 1199 καὶ
927 1146 1090 1201 αὐτοῦ
1137 1137 1394 1216 ὑπάρχων
1427 1146 1519 1199 τοῦ
1550 1147 1677 1199 Υῐοῦ
1703 1147 1853 1210 Θεὸς,
1885 1139 1929 1214 ᾧ

362 1239 675 1308 πειθόμενος
705 1241 733 1292 6
765 1237 1070 1308 Μονογενὴς
1091 1237 1254 1291 αὐτοῦ
1289 1241 1437 1302 παῖς,
1470 1238 1768 1292 ἐκένωσεν
1790 1239 1928 1292 ἐαυ-

358 1331 482 1394 τὸν,
514 1328 916 1383 ἐταπείνωσεν
938 1328 1173 1392 ἑαυτὸν,
1205 1327 1438 1398 μορφὴν
1453 1328 1674 1383 δούλου
1691 1330 1930 1397 ἀνείλη-

355 1437 490 1488 φεν,
513 1419 786 1486 ὑπήκοος
808 1417 983 1488 μέχρι
1004 1418 1262 1474 θανάτου
1288 1419 1552 1488 γέγονεν·
1573 1412 1618 1486 ᾧ
1644 1421 1736 1472 καὶ
1760 1436 1898 1491 προσ
1913 1450 1929 1460 -

353 1509 600 1581 εύχεται,
626 1504 670 1578 ᾧ
697 1509 962 1564 κελεύοντι
989 1509 1261 1562 πείθεται’
1296 1503 1339 1577 ᾧ
1373 1510 1465 1562 καὶ
1493 1510 1803 1581 εὐχαριστεῖ
1821 1526 1834 1539 ο
1870 1509 1928 1561 ὃν

353 1601 450 1657 καὶ
517 1602 675 1672 μόνον
723 1600 970 1673 ἀληθινὸν
1021 1600 1152 1653 Θεὸν
1187 1599 1434 1669 ἡγεῖσθαι
1478 1603 1620 1671 ἡμᾶς
1668 1600 1926 1666 διδάσκει,

357 1695 582 1768 μείζονά
617 1713 676 1748 τε
709 1691 845 1747 εἶναι
894 1693 1084 1748 ἑαυτοῦ
1114 1693 1395 1765 ὁμολογεῖ·
1437 1695 1494 1748 ὃν
1527 1696 1619 1748 ὲπὶ
1645 1697 1775 1748 πᾶσι
1809 1694 1929 1748 τού-

2031 511 2235 574 sideus,
2272 507 2465 563 Filium
2500 507 2821 576 participem
2850 505 2980 560 fecit
3009 521 3119 560 sua:
3143 506 3266 560 vitae
3307 516 3363 560 et
3397 499 3597 562 divini-

2032 601 2159 655 tatis
2189 620 2202 654 :
2234 616 2326 654 sua
2363 599 2542 653 omnia
2575 598 2817 666 subjecta
2855 599 2902 651 ei
2936 597 3155 651 tradidit
3200 615 3214 651 :
3254 613 3378 653 cum
3420 597 3594 663 misit,

2030 693 2308 748 mandavit
2341 693 2442 756 illi,
2475 692 2527 747 in
2561 691 2844 760 praeceptis
2879 689 3045 753 dedit,
3079 682 3282 756 docuit,
3311 692 3491 746 omnia
3519 689 3594 745 illi

2030 785 2269 851 donavit,
2325 783 2472 837 illum
2534 781 2874 853 gloriﬁcavit,
2941 776 3091 832 illum
3146 775 3589 849 superexaltavit,

2029 893 2212 945 regem
2252 876 2625 930 universorum
2664 863 2981 937 declaravit,
3011 873 3272 938 judicium
3316 890 3475 930 omne
3516 875 3592 930 illi

2034 970 2275 1032 tradidit,
2319 983 2419 1023 nos
2471 967 2640 1021 voluit
2690 967 2764 1020 illi
2819 966 3216 1035 obtemperare,
3263 956 3423 1034 jussit
3468 981 3589 1020 eum

2030 1064 2213 1117 sedem
2255 1076 2407 1115 suam
2468 1058 2801 1113 constituere
2855 1076 2885 1116 a
2945 1053 3134 1112 dextra
3177 1055 3594 1128 magniﬁcentia:

2030 1162 2158 1210 suae,
2206 1162 2327 1200 cum
2363 1146 2440 1200 sic
2481 1145 2628 1200 illum
2675 1144 2873 1201 allatus
2915 1151 3354 1216 proloqueretur,
3389 1147 3523 1202 Sede
3559 1159 3592 1202 α

2030 1239 2228 1293 dextris
2271 1241 2418 1305 meis,
2449 1240 2539 1308 qui
2573 1240 2642 1294 ob
2674 1241 2772 1294 ista
2795 1240 3004 1308 singula
3037 1250 3089 1294 et
3121 1241 3399 1309 universa,
3427 1242 3593 1311 ipsius

2029 1327 2389 1386 Filiiexsistat
2421 1327 2593 1384 Deus”:
2621 1332 2706 1384 cui
2740 1319 3139 1400 obtemperatus
3177 1333 3480 1402 unigenitus
3511 1320 3594 1388 Fi~

2030 1421 2157 1485 lius,
2198 1428 2372 1476 semet
2400 1422 2702 1488 exinauivjt
2737 1423 2932 1490 ipsum,
2961 1437 3080 1476 sese
3113 1423 3438 1489 humiliavit,
3479 1424 3592 1479 for-'-

2031 1527 2172 1566 mam
2221 1516 2364 1566 servi
2415 1513 2709 1580 accipiens,
2755 1512 2934 1567 factus
2981 1513 3239 1569 obediens
3290 1529 3462 1584 usque
3520 1519 3590 1571 ad

2031 1613 2280 1658 mortem.
2311 1603 2482 1669 Quem
2511 1593 2762 1670 precibus
2797 1604 3132 1672 interpellat:
3168 1605 3253 1659 cui
3276 1605 3481 1674 obedit,
3506 1609 3592 1663 cui

2030 1695 2232 1764 gratias
2283 1695 2412 1764 agit,
2462 1709 2620 1763 quem
2683 1696 2857 1748 solum
2909 1696 3125 1749 unicum
3183 1711 3371 1751 verum
3425 1699 3592 1754 Deum

353 1805 466 1851 τοις
498 1787 730 1840 καὶΘεὸν
759 1781 896 1840 εἶναι
923 1788 1115 1840 ἑαυτοῦ
1146 1787 1351 1849 πάντας
1408 1788 1553 1862 ἡμᾶς
1582 1786 1774 1839 εἰδέναι
1806 1785 1927 1856 βού-

2032 1787 2249 1840 credere
2304 1800 2402 1839 nos
2443 1786 2640 1840 docet:
2683 1801 2843 1855 quem
2890 1802 2948 1840 se
2980 1787 3238 1856 majorem
3281 1789 3587 1858 proﬁtetur,

356 1878 531 1932 λεται.
562 1879 656 1930 ’ον
682 1877 822 1930 οὕτω
859 1877 1150 1942 δοξάζοντα
1171 1877 1262 1932 τὸν
1287 1877 1480 1931 ἑαυτοῦ
1501 1879 1734 1949 Πατέρα,
1768 1881 1928 1950 ἁμοιη

360 1969 532 2033 Gali»;
563 1969 914 2036 ἀντιδοξάζων
950 1972 976 2023 6
1010 1970 1218 2042 Πατὴρ,
1252 1972 1346 2024 καὶ
1377 1970 1600 2042 Κύριον,
1633 1972 1724 2024 καὶ
1745 1972 1930 2042 Σωτῆ-

363 2079 456 2134 ρα,
480 2062 572 2114 καὶ
599 2061 726 2115 Θεὸν
757 2063 865 2114 τῶν
894 2061 1048 2126 ὅλων,
1077 2062 1170 2114 κα)⁵
1200 2061 1484 2133 σύνθρονον
1514 2063 1614 2132 τῆς
1643 2063 1805 2116 αὑτοῦ
1837 2063 1933 2133 βα-

363 2151 566 2216 σιλείας
587 2152 838 2218 ἀνέδειξε.
864 2154 930 2204 Ἃ
950 2153 1014 2223 δὴ
1041 2153 1440 2226 πεπαιδευμένη
1465 2157 1497 2224 ὴ
1529 2155 1821 2226 Ἐκκλησία
1835 2153 1928 2208 τοῦ

361 2245 516 2311 Θεοῦ,
543 2245 738 2316 ἑαυτῆς
763 2245 860 2315 μὲν
886 2247 978 2298 καὶ
1003 2245 1155 2307 Θεὸν,
1187 2232 1281 2298 καὶ
1324 2246 1524 2318 Κύριον
1559 2249 1652 2301 καὶ
1684 2250 1927 2319 Σωτῆρα,

359 2335 454 2390 τοῦ
502 2337 546 2390 δ’
573 2337 665 2390 ἐπὶ
698 2338 913 2390 πάντων
943 2337 1076 2391 Θεοῦ
1107 2337 1234 2388 Υῑὸν
1265 2338 1525 2409 μονογενῆ
1574 2340 1734 2395 αὐτὸν
1768 2339 1930 2409 γινώ-

360 2443 509 2480 σκειν
529 2466 543 2490 ,
571 2429 662 2481 καὶ
689 2429 877 2483 οὐδένα
904 2429 1002 2499 μὲν
1027 2428 1182 2482 ἄλλον
1203 2427 1308 2481 τῶν
1333 2429 1602 2498 γεννητῶν
1633 2429 1930 2501 ἀναγορεύ-

358 2535 441 2571 ειν
475 2519 607 2572 Θεὸν
633 2519 792 2584 άξιοῖ,
825 2519 984 2590 μόνον
1005 2520 1061 2572 δὲ
1097 2519 1282 2574 τοῦτον
1316 2515 1421 2573 οἶδε
1449 2520 1602 2583 Θεὸν,
1631 2520 1689 2572 ὃν
1716 2521 1870 2591 μόνον
1902 2524 1930 2574 6

358 2609 548 2683 Πατὴρ
572 2611 632 2676 ἐξ
657 2611 849 2665 ἑαυτοῦ
878 2611 1088 2680 ἐγέννα.
1126 2613 1332 2684 Ὥσπερ
1359 2607 1451 2665 οὖν
1479 2610 1640 2674 αὐτὸς
1663 2611 1750 2664 διὰ
1778 2611 1930 2665 Σολο-

369 2700 546 2771 μῶνος
601 2701 837 2773 παρίστη
864 2701 1038 2772 λέγων
1064 2720 1077 2733 ·
1124 2701 1245 2771 Πρὸ
1270 2702 1374 2756 τοῦ
1410 2701 1515 2770 ὄρη
1548 2700 1949 2770 ἑδρασθῆναι,-

366 2791 481 2860 πρὸ
509 2793 576 2846 δὲ
600 2793 838 2848 πάντων
859 2795 1102 2858 ,βουνῶν
1130 2794 1310 2865 γεννᾷ
1339 2813 1434 2865 με,
1470 2789 1571 2847 ὧδέ
1604 2813 1679 2866 πη
1707 2796 1808 2866 ὄρη
1838 2795 1932 2848 καὶ

368 2881 588 2950 βουνοὺς
610 2881 708 2947 τὰς
736 2883 882 2947 θείας
916 2886 1008 2938 καὶ⁸
1040 2883 1441 2955 ὑπερκοσμίους
1469 2883 1724 2953 δυνάμεις
1756 2885 1927 2936 αἰνιτ-

367 2973 613 3044 τόμενος.

995 3245 1152 3299 ΚΕΦ.
1201 3245 1299 3298 ῐΒ’.

414 3333 510 3400 Ὠς
545 3322 804 3404 cippo;sz
829 3338 1015 3392 αὐτοῦ
1040 3340 1078 3407 ἡ
1099 3339 1167 3391 ἐκ
1197 3339 1304 3392 τοῦ
1336 3339 1563 3405 Πατρός
1592 3337 1894 3407 γέννησις.

437 3427 502 3479 El
536 3425 592 3479 δὲ
627 3426 688 3497 δὴ
717 3427 827 3495 (42)
864 3429 1274 3500 περιεργάζοιτό
1303 3447 1406 3492 τις,
1445 3429 1541 3481 καὶ
1571 3428 1686 3491 πῶς
1713 3428 1778 3480 ἂν
1811 3443 1932 3496 γεν-

364 3520 577 3590 νήσειεν
598 3521 626 3573 ὀ
657 3520 809 3584 Θεὸς,
836 3522 951 3586 πῶς
978 3522 1024 3574 δ’
1048 3522 1199 3576 ἔσται
1226 3522 1414 3594 Πατὴρ
1442 3523 1509 3593 (6)
1541 3522 1794 3575 ἐπέκεινα
1825 3522 1932 3574 τῶν

365 3611 536 3676 ano»;
591 3612 648 3664 τὸ
677 3613 947 3683 τολμηρὸν
972 3615 1068 3667 τοῦ
1099 3615 1378 3685 πύσματος
1410 3616 1747 3685 κατασιγάσῃ
1775 3615 1803 3666 6
1823 3616 1930 3684 φή-

369 3721 496 3767 σαςο
541 3703 839 3772 Βαθύτερά
871 3705 980 3775 (45)
1011 3720 1124 3758 σου
1149 3706 1235 3775 μὴ
1266 3706 1436 3772 ζήτει,
1467 3707 1562 3759 καὶ
1591 3706 1934 3776 ὑψηλότερά

366 3813 481 3850 σου
491 3795 577 3864 μὴ
593 3796 824 3860 ἐξέταζε
849 3814 861 3827 ο
892 3795 929 3850 ἂ
951 3797 1285 3866 προσετάγη
1313 3815 1431 3863 σοι,
1456 3799 1639 3851 ταῦτα
1667 3798 1926 3853 διανοοῦ·

366 3889 439 3941 οὐ
453 3886 562 3955 γάρ
580 3889 712 3940 ἐστί
725 3904 821 3940 σοι
838 3888 1005 3955 χρεία
1019 3889 1137 3941 τῶν
1165 3888 1457 3955 κρυπτῶν,
1478 3890 1626 3942 Καὶὸ
1645 3890 1850 3953 Παῦλος
1875 3891 1933 3942 δὲ

367 3975 554 4030 εἰπών·
579 3978 645 4031 ’Ὠ
659 3977 850 4042 ,βάθος
873 3978 1134 4031 πλούτου
1155 3977 1252 4030 καὶ
1277 3980 1512 4047 σοφίας,
1537 3977 1632 4033 καὶ
1664 3977 1946 4047 γνώσεως’

371 4067 518 4120 Θεοῦ
533 4067 554 4118 .'
589 4068 668 4132 ὡς
705 4067 1138 4136 ἀνεξερεύνητα
1182 4069 1255 4121 τὰ
1297 4070 1545 4136 κρίματα
1581 4067 1805 4123 αὑτοῦ]
1835 4069 1933 4121 καὶ

373 4157 822 4226 ἀνεξιχνίαστοι
854 4161 910 4212 al
944 4158 1068 4213 ὁδοὶ
1098 4159 1317 4213 αὑτοῦ]
1349 4159 1449 4211 Τὸν
1489 4159 1793 4230 περαιτέρω
1825 4176 1932 4227 χω-

374 4251 484 4320 ρεῖν
515 4249 828 4320 τολμῶντα,
861 4249 934 4321 μὴ
966 4250 1270 4319 ἀνεφίκτοις
1312 4251 1606 4320 ἐπιχειρεῖν
1637 4249 1670 4320 ἢ
1705 4248 1935 4301 πειθέτω

370 4337 541 4407 λέῒων
559 4341 818 4412 πρότερον
842 4339 1021 4402 αὐτὸς,
1048 4338 1082 4392 δι
1099 4339 1162 4410 δή
1197 4356 1358 4410 φησιν
1384 4339 1443 4403 ἐξ
1468 4339 1568 4392 οὐκ
1593 4338 1758 4392 ὄντων
1781 4352 1935 4406 γεγοέ

2033 1892 2303 1946 quemque
2339 1870 2512 1931 adliuc
2551 1891 2714 1946 super
2741 1877 2944 1944 omnia,
2979 1893 3135 1932 suum
3168 1894 3384 1950 quoque
3424 1883 3591 1938 Detun

2031 1981 2171 2032 esse,
2206 1983 2302 2022 nos
2328 1977 2517 2023 Omnes
2552 1978 2606 2022 et
2650 1968 2892 2038 singulos
2924 1969 3065 2024 scire
3108 1970 3297 2027 voluit.
3326 1973 3495 2041 Quem
3524 1966 3592 2030 ad

2032 2059 2194 2114 istum
2231 2061 2446 2114 modum
2492 2055 2708 2114 Patrem
2739 2075 2894 2115 suum
2946 2061 3363 2132 gloriﬁcantem,
3407 2061 3591 2131 Pater,

2030 2151 2150 2205 vice
2167 2165 2320 2207 versa
2359 2149 2707 2221 ‘gloriticavit,
2758 2164 2988 2224 eumque
3039 2153 3344 2220 Dominum,
3395 2156 3593 2210 Serva-

2035 2250 2229 2309 torem,
2259 2243 2428 2296 Deum
2458 2240 2857 2309 universorum,
2895 2253 3204 2299 consortem
3248 2235 3329 2300 sui
3375 2261 3594 2317 quoque

2032 2334 2240 2404 imperii
2274 2333 2449 2403 palam
2473 2332 2789 2389 declaravit.
2821 2333 2947 2388 Haec
2976 2350 3005 2388 a
3038 2335 3147 2390 Deo
3179 2337 3366 2392 edocta
3409 2338 3594 2394 Eccle-

2029 2426 2109 2482 sia
2148 2427 2296 2482 illum
2327 2429 2516 2491 Deum,
2545 2425 2851 2491 Dominum,
2879 2427 3245 2496 Servatorem,
3277 2427 3472 2486 Filium
3497 2430 3591 2487 bel

2039 2521 2275 2589 supremi
2312 2517 2655 2591 Unigenitum
2692 2520 2958 2590 agnoscit,
2994 2536 3095 2576 nec
3121 2522 3188 2576 ab
3226 2538 3292 2578 eo
3338 2539 3460 2578 cuiu
3515 2542 3594 2580 re-

2031 2613 2278 2677 cesserit,
2318 2612 2460 2667 inter
2497 2620 2798 2676 creaturas,
2831 2620 3091 2681 praeterea
3137 2615 3432 2684 quidquam
3462 2631 3591 2682 pro-

2031 2707 2215 2757 litetur
2260 2700 2450 2757 Deum.
2504 2701 2690 2758 Solum
2751 2699 2904 2755 illum
2939 2701 3135 2771 quippe
3185 2702 3354 2756 Deum
3407 2706 3582 2768 novit,

2028 2811 2190 2864 quem
2213 2793 2388 2850 solum
2433 2794 2500 2849 de
2529 2807 2588 2848 se
2621 2792 2804 2864 genuit
2827 2787 3006 2848 Pater.
3045 2793 3504 2860 Quemadmodum
3538 2805 3591 2849 et

2029 2887 2146 2956 ipse
2177 2901 2273 2955 per
2311 2883 2655 2942 Salomonem
2695 2885 2936 2957 loquitur
2974 2902 2990 2940 :
3028 2882 3347 2954 Priusquam
3393 2897 3591 2940 montes

2028 2976 2410 3039 stabilirentur,
2469 2990 2593 3030 ante
2627 2991 2803 3030 omnes
2861 2974 3019 3030 colles
3045 2976 3320 3046 progenuit
3346 2993 3446 3030 me.
3491 2974 3595 3031 Pe:

1957 3105 2004 3166 c
2034 3078 2244 3123 montes
2268 3077 2324 3122 et
2353 3067 2521 3123 colles
2573 3068 2647 3122 ibi
2680 3068 2922 3122 iudicare
2960 3066 3126 3121 voluit
3165 3066 3378 3122 divinas
3409 3075 3465 3122 et
3498 3077 3593 3122 site

2032 3159 2430 3228 permundanas
2467 3166 2784 3228 potestates.

2659 3245 2808 3304 CAP.
2851 3244 2961 3303 XII.

2071 3345 2129 3404 ᾖ(
2154 3340 2303 3405 Quod
2329 3341 2394 3394 sit
2429 3341 2795 3394 inenarrabilis
2821 3340 2968 3394 illius
2991 3341 3053 3395 de
3082 3339 3246 3396 Patre
3270 3344 3556 3413 generatio.

2103 3430 2258 3496 Quod
2289 3431 2334 3484 si
2362 3430 2482 3499 quis
2517 3431 2782 3486 curiosius
2816 3430 2906 3484 hic
2934 3432 3215 3500 sategerit,
3235 3442 3290 3486 et
3326 3435 3596 3502 quomodo

2032 3523 2102 3576 sit
2130 3522 2220 3577 ille
2251 3521 2397 3576 Deus
2427 3531 2580 3591 roget
2607 3541 2620 3576 :
2651 3522 2918 3590 quomodo
2949 3523 3054 3576 erit
3098 3521 3279 3586 Pater,
3310 3525 3400 3593 qui
3431 3537 3596 3595 super

2032 3613 2212 3668 omnia
2253 3614 2380 3668 est?
2427 3614 2683 3668 audacem
2729 3613 2886 3682 hujus
2936 3610 3166 3667 heminis
3215 3613 3594 3686 interrogatio-

2035 3720 2155 3758 nem
2194 3716 2505 3774 compescet
2533 3705 2578 3760 is
2603 3704 2695 3774 qui
2727 3706 2827 3770 ait,
2858 3701 3218 3768 Prafundiora
3241 3713 3290 3758 te
3313 3743 3331 3770 ,
3364 3722 3425 3760 ne
3451 3723 3594 3776 quc-

2032 3792 2216 3848 siveris
2236 3835 2251 3858 ,
2299 3804 2346 3847 et
2387 3792 2673 3847 excelsiora
2720 3802 2768 3846 te
2793 3833 2810 3860 ,
2853 3807 2915 3845 ne
2943 3791 3198 3862 ,exquiras
3225 3803 3244 3845 :
3273 3790 3369 3845 illa
3398 3794 3595 3862 cogite.

2032 3901 2149 3954 quw
2185 3883 2276 3935 tibi
2304 3882 2569 3949 imperavit
2599 3898 2617 3935 :
2643 3897 2805 3952 neque
2838 3881 2974 3936 enim
3002 3881 3096 3934 tibi
3121 3894 3250 3948 Opus
3271 3893 3346 3935 est
3370 3894 3597 3938 secreto-

2035 3988 2150 4029 rum
2178 3976 2258 4039 ⁶¹;
2292 3984 2345 4030 et
2373 3973 2572 4028 Paulus
2594 3973 2670 4026 ait
2691 3972 2856 4026 etiam
2904 3988 2917 4023 :
2953 3971 2997 4027 0
3022 3971 3245 4026 altitudo
3270 3972 3591 4042 divitiarum,

2034 4067 2302 4134 sapientiae
2330 4074 2377 4119 et
2415 4066 2646 4118 scientia:
2676 4064 2772 4117 Dei
2797 4064 2816 4117 l
2847 4077 3004 4132 quam
3051 4064 3594 4131 incomprehensibilia

2035 4168 2152 4210 sunt
2193 4157 2404 4226 judicia
2433 4156 2592 4226 ejus!
2641 4164 2692 4208 et
2733 4156 3218 4226 impervestigabiles
3252 4159 3346 4212 via:
3384 4159 3496 4227 ejus
3526 4158 3593 4211 ".

2036 4247 2194 4302 Hunc
2221 4261 2350 4300 vero
2382 4259 2792 4315 progressurum
2813 4244 3004 4298 audaci
3034 4246 3279 4302 facinore
3312 4247 3485 4302 adhuc
3515 4246 3599 4301 ul-

2041 4338 2210 4392 terius
2239 4337 2492 4391 coliibere
2528 4335 2719 4390 saltem
2752 4335 3003 4402 debeant,
3049 4345 3106 4391 ut
3132 4337 3402 4393 inaccessa
3445 4321 3598 4408 pror-

369 4429 535 4496 νέναι,
580 4431 693 4495 πῶς
720 4431 980 4492 καὶκτίνα
1005 4431 1202 4502 τρόπον
1236 4433 1464 4502 ὑπέστη,
1505 4431 1724 4501 μηδαμῆ
1765 4430 1932 4500 μηδα-

2040 4443 2131 4483 sus
2176 4428 2538 4499 aggrediatur,
2568 4443 2630 4483 ea
2661 4441 2782 4497 qua:
2826 4436 2953 4482 sunt
2980 4427 3050 4482 ab
3076 4428 3192 4497 ipso
3225 4429 3373 4498 prius
3398 4430 3595 4498 posita,

371 4522 490 4592 μῶς
520 4521 648 4575 ὄντα
672 4522 950 4594 πρότερον.
979 4522 1052 4575 Οὐ
1077 4522 1185 4594 γὰρ
1219 4521 1282 4593 δὴ
1317 4523 1456 4576 κατὰ
1490 4522 1614 4585 τοὺς
1644 4524 1770 4594 παρ’
1804 4523 1933 4594 ἡμῖν

369 4610 637 4682 τεχνίτας,
660 4611 790 4682 ὓλην
818 4617 1112 4683 προῦποκει
1121 4612 1284 4681 μένην
1308 4610 1483 4664 λαϐὼν
1506 4614 1626 4674 ταῖς
1649 4612 1852 4683 χερσὶν,
1879 4611 1938 4664 τὸ

371 4703 483 4755 πᾶν
509 4703 848 4773 ἐτεκτήνατο.
880 4702 1088 4773 ’Ὠσπερ
1116 4702 1180 4772 δὴ
1223 4701 1397 4765 τοῦτο,
1427 4704 1493 4772 τῇ
1531 4699 1687 4769 φύσει
1721 4702 1936 4772 ἀμήχα-

368 4809 482 4856 νον,
511 4792 631 4845 ὅσον
659 4793 743 4845 ἐπ’
774 4791 1096 4863 ἀνθρώποις,
1121 4791 1262 4858 λέγω
1289 4791 1345 4844 δὲ
1376 4790 1436 4844 τὸ
1471 4791 1732 4861 μηδαμῶς
1766 4790 1939 4861 ὑπάρ-

368 4900 468 4955 χον
492 4884 556 4938 ἐκ
577 4884 672 4936 τοῦ
697 4884 770 4955 μὴ
805 4884 954 4947 ὄντος
987 4885 1065 4947 εἰς
1092 4883 1153 4936 τὸ
1178 4879 1316 4936 εἶναι
1344 4883 1633 4952 παράγειν,
1679 4881 1828 4950 αὐτῷ
1849 4881 1938 4934 δυο

370 4976 529 5042 θεατὸν
557 4975 814 5046 κατέστη,
847 4976 940 5028 καὶ
961 4974 1149 5044 γέγονε
1181 4974 1290 5045 (44)
1311 4974 1416 5026 τῶν
1440 4973 1574 5026 ὅλων
1603 4971 1850 5042 ποιητὴς,
1876 4972 1937 5023 οὐ

449 5101 508 5158 >14
537 5094 633 5150 Ed.
667 5093 863 5161 Paris.,
899 5109 1020 5165 pag.
1050 5094 1138 5148 Ἠ.

443 5253 557 5325 (Μ)
611 5253 1156 5324 ’Υποστησάμενος.
1183 5254 1340 5309 Deest
1376 5253 1524 5325 αὐτῷ
1549 5294 1562 5320 ,
1599 5268 1818 5325 nempe»,
1848 5251 1939 5307 Fi-

367 5323 465 5378 lio.
503 5324 627 5378 Haec
657 5327 858 5389 omnia,
886 5323 963 5379 de
985 5327 1200 5381 homine
1232 5325 1449 5380 Christo
1498 5323 1553 5378 in
1586 5328 1756 5379 sacris
1787 5323 1935 5378 litte-

371 5397 450 5448 ris
482 5394 729 5460 recitata,
763 5399 827 5465 ad
853 5397 1107 5448 deitatem
1135 5395 1316 5450 retulit
1374 5395 1655 5465 Eusebius,
1687 5394 1932 5448 Ariantea

2038 5391 2270 5464 legimus
2299 5391 2654 5465 χαλεπώτερα
2682 5409 2775 5465 σου
2814 5393 2887 5463 μὴ
2936 5391 3108 5463 ζήτει,
3141 5392 3234 5444 καὶ
3282 5391 3605 5465 ἰσχυρότερά

377 5465 478 5535 lide
503 5479 747 5535 prorsus.
777 5464 847 5517 Μ.
873 5467 1085 5535 τ-Μοιι
1117 5466 1274 5532 vulgo
1298 5465 1386 5535 τὸν
1411 5467 1473 5516 ἐκ
1499 5462 1675 5528 δεξιάς
1709 5480 1759 5515 τ.
1787 5479 1843 5533 μ.
1884 5473 1932 5518 el

2042 5462 2134 5518 σοι)
2159 5465 2232 5535 μὴ
2265 5462 2514 5535 ἐξέταζε,
2551 5462 2636 5535 ubi
2665 5462 2769 5516 alia
2805 5462 2910 5535 siut
2933 5462 3003 5535 in
3035 5465 3279 5535 eamdem
3316 5462 3434 5535 cum
3457 5462 3605 5535 “istis

373 5533 532 5587 ὲταπ.
563 5534 752 5604 ἑαυτὸν
785 5552 840 5592 μ..
875 5533 1018 5588 δούλ.
1052 5535 1228 5588 λαὸὼν
1259 5533 1568 5604 γενόμενος,
1603 5536 1804 5604 omissi)
1826 5547 1938 5604 Δεεξτ

375 5616 570 5670 queute
596 5603 838 5674 γέγονεν,
865 5613 916 5674 et
949 5605 1042 5657 καὶ
1072 5599 1340 5660 κελεύοντι
1373 5599 1423 5659 et
1459 5604 1559 5674 τῆς
1601 5601 1790 5656 ἑαυτοῦ
1816 5599 1933 5671 βασζ

377 5683 428 5726 et
451 5673 542 5727 ἃδε
565 5691 696 5744 πεπ.
722 5682 775 5726 et
803 5672 1001 5744 Σαλομ.

432 5745 560 5826 ΑΗ)
601 5742 768 5814 Vulgo
796 5741 858 5814 δή
888 5741 1020 5815 οιιι.;
1067 5745 1190 5802 dein
1231 5745 1386 5818 vulgo
1438 5744 1539 5815 τῆς
1591 5742 1837 5808 πεύσεως
1888 5751 1940 5802 et

2039 4521 2106 4574 de
2129 4518 2580 4590 progeneratione
2607 4532 2638 4572 ο
2678 4533 2783 4574 non
2812 4519 3204 4575 exsisteutibus
3236 4537 3250 4574 :
3285 4522 3427 4589 quod
3459 4535 3598 4591 quo-

2043 4611 2204 4665 modo
2234 4609 2346 4664 ﬁeri
2381 4610 2554 4679 potuit
2599 4610 2760 4665 velim
2811 4611 3082 4682 esplicet,
3115 4625 3234 4666 cum
3288 4612 3599 4684 neutiquam

2044 4699 2231 4754 nullibi
2277 4710 2552 4754 exstarent
2583 4701 2688 4756 illa.
2724 4700 2841 4757 Non
2888 4703 3053 4766 enim,
3101 4710 3160 4756 ut
3191 4700 3426 4758 artifices
3460 4703 3601 4773 apud

2045 4805 2143 4846 nos
2168 4788 2360 4857 solent,
2394 4790 2678 4846 materiam
2705 4791 3082 4861 praejacentem
3130 4797 3404 4860 acceptam
3433 4790 3602 4845 maui-

2044 4882 2165 4948 bus,
2205 4883 2515 4938 universum
2542 4883 2738 4940 exinde
2787 4882 3186 4939 conformavit:
3220 4881 3315 4938 sed
3342 4892 3402 4937 ut
3425 4882 3598 4953 ipsum

2045 4973 2147 5029 hoc
2199 4985 2411 5030 natura:
2451 4976 2668 5045 quidem
2723 4975 3053 5044 impossibile
3097 4972 3294 5040 iuerat,
3342 4983 3594 5045 quantuni

1235 5094 1278 5125 ⁶¹
1301 5093 1450 5151 Eccl.
1487 5107 1567 5158 ιιι,
1598 5090 1692 5148 22.
1771 5092 1816 5123 ⁸³
1841 5088 1999 5147 Rom.
2026 5109 2103 5159 ιι,
2132 5093 2222 5150 '53.

2040 5255 2383 5325 κατασιγάση
2395 5293 2410 5309 .

2111 5327 2223 5395 (45)
2249 5319 2552 5395 Βαθῦτερά
2579 5339 2714 5395 σου.
2749 5322 2921 5395 Locus
2943 5331 3032 5395 est
3055 5320 3228 5395 Sirae.
3252 5336 3334 5395 ιιι,
3361 5319 3467 5395 22,
3511 5321 3602 5395 ubi

2041 5529 2381 5590 seuieu'tiaui.
2402 5534 2471 5587 M.
2496 5563 2565 5574 ——
2590 5534 2720 5588 Dein
2754 5531 2908 5600 vulgo
2928 5534 3218 5604 ἐπιχωρεῖν
3235 5531 3289 5604 γῆ
3313 5541 3366 5588 et
3395 5529 3432 5586 ἃ
3451 5530 3510 5586 δὲ
3539 5548 3602 5603 φ.

2043 5617 2096 5659 et
2131 5608 2237 5658 πᾶν
2270 5605 2616 5657 ὲπεκτείνατο
2652 5612 2706 5658 et
2731 5605 3082 5672 προαγαγεῖν.
3110 5603 3116 5604 ⁷
3234 5603 3241 5612 ”

2117 5676 2226 5745 (Η)
2260 5674 2379 5726 Tibr-
2403 5674 2559 5728 ὅλων
2589 5669 2865 5745 ποιητῄς.
2886 5669 2998 5745 vel
3026 5683 3084 5727 ut
3120 5673 3177 5745 in
3207 5672 3448 5745 margine
3477 5669 3600 5745 fuit:

2048 5737 2263 5814 ποδητῇ,
2296 5746 2476 5803 statim
2501 5743 2664 5800 αὑτοῦ
2694 5737 3078 5815 summa“.
3118 5742 3189 5802 Μ.
3221 5772 3290 5787 --
3330 5737 3466 5801 Dein
3503 5737 3601 5796 τοῦ
