  <div class='ocr_page' id='page_1' title='image "/cluster/home/n/w/nwhite01/storage/ocr_20150623/24/hvd.32044073501801/433.png"; bbox 0 0 4086 6202; ppageno 0'>
   <div class='ocr_carea' id='block_1_1' title="bbox 483 263 588 317">
    <p class='ocr_par' dir='ltr' id='par_1_1' title="bbox 483 263 588 317">
     <span class='ocr_line' id='line_1_1' title="bbox 483 263 588 317; baseline -0.01 0"><span class='ocrx_word' id='word_1_1' title='bbox 483 263 588 317; x_wconf 63' lang='lat'><strong>847</strong></span> 
     </span>
    </p>
   </div>
   <div class='ocr_carea' id='block_1_2' title="bbox 1191 229 3078 304">
    <p class='ocr_par' dir='ltr' id='par_1_2' title="bbox 1191 229 3078 304">
     <span class='ocr_line' id='line_1_2' title="bbox 1191 229 3078 304; baseline -0.01 -1"><span class='ocrx_word' id='word_1_2' title='bbox 1191 245 1459 304; x_wconf 82' lang='lat' dir='ltr'><strong>EUSEBII</strong></span> <span class='ocrx_word' id='word_1_3' title='bbox 1496 237 1974 301; x_wconf 62' lang='lat' dir='ltr'><strong>CESARIENSIS</strong></span> <span class='ocrx_word' id='word_1_4' title='bbox 2015 235 2162 290; x_wconf 83' lang='lat' dir='ltr'><strong>OPP.</strong></span> <span class='ocrx_word' id='word_1_5' title='bbox 2205 233 2383 288; x_wconf 79' lang='lat' dir='ltr'><strong>PARS</strong></span> <span class='ocrx_word' id='word_1_6' title='bbox 2420 234 2508 291; x_wconf 78' lang='lat' dir='ltr'><strong>IV.</strong></span> <span class='ocrx_word' id='word_1_7' title='bbox 2551 265 2619 277; x_wconf 90' lang='lat'><strong>—-</strong></span> <span class='ocrx_word' id='word_1_8' title='bbox 2659 229 3078 288; x_wconf 82' lang='lat' dir='ltr'><strong>DOGMATICA.</strong></span> 
     </span>
    </p>
   </div>
   <div class='ocr_carea' id='block_1_3' title="bbox 3606 225 3707 280">
    <p class='ocr_par' dir='ltr' id='par_1_3' title="bbox 3606 225 3707 280">
     <span class='ocr_line' id='line_1_3' title="bbox 3606 225 3707 280; baseline 0 -1"><span class='ocrx_word' id='word_1_9' title='bbox 3606 225 3707 280; x_wconf 60' lang='grc'><strong>838</strong></span> 
     </span>
    </p>
   </div>
   <div class='ocr_carea' id='block_1_4' title="bbox 484 338 2055 442">
    <p class='ocr_par' dir='ltr' id='par_1_4' title="bbox 484 361 2045 442">
     <span class='ocr_line' id='line_1_4' title="bbox 484 361 2045 442; baseline -0.013 -14"><span class='ocrx_word' id='word_1_10' title='bbox 484 374 704 442; x_wconf 80' lang='lat' dir='ltr'><strong>quidem</strong></span> <span class='ocrx_word' id='word_1_11' title='bbox 747 369 812 422; x_wconf 88' lang='lat' dir='ltr'><strong>ad</strong></span> <span class='ocrx_word' id='word_1_12' title='bbox 859 367 1154 421; x_wconf 87' lang='lat' dir='ltr'><strong>lmmanum</strong></span> <span class='ocrx_word' id='word_1_13' title='bbox 1208 361 1467 431; x_wconf 84' lang='lat' dir='ltr'><strong>operandi</strong></span> <span class='ocrx_word' id='word_1_14' title='bbox 1530 361 1748 412; x_wconf 84' lang='lat' dir='ltr'><strong>modum</strong></span> <span class='ocrx_word' id='word_1_15' title='bbox 1802 362 2045 426; x_wconf 86' lang='lat' dir='ltr'><strong>spectat,</strong></span> 
     </span>
    </p>
   </div>
   <div class='ocr_carea' id='block_1_5' title="bbox 2155 338 3710 442">
    <p class='ocr_par' dir='ltr' id='par_1_5' title="bbox 2155 338 3710 421">
     <span class='ocr_line' id='line_1_5' title="bbox 2155 338 3710 421; baseline -0.009 -16"><span class='ocrx_word' id='word_1_16' title='bbox 2155 351 2270 405; x_wconf 79' lang='grc' dir='ltr'>κατ’</span> <span class='ocrx_word' id='word_1_17' title='bbox 2303 349 2605 421; x_wconf 80' lang='grc' dir='ltr'>ἄνθρωπον,</span> <span class='ocrx_word' id='word_1_18' title='bbox 2634 349 2890 420; x_wconf 73' lang='grc' dir='ltr'>ἀρρήτοις</span> <span class='ocrx_word' id='word_1_19' title='bbox 2921 347 2976 399; x_wconf 79' lang='grc' dir='ltr'>δὲ</span> <span class='ocrx_word' id='word_1_20' title='bbox 3011 344 3104 398; x_wconf 67' lang='grc' dir='ltr'><strong>καὶ</strong></span> <span class='ocrx_word' id='word_1_21' title='bbox 3135 340 3434 414; x_wconf 80' lang='grc' dir='ltr'>ἀφράστοις</span> <span class='ocrx_word' id='word_1_22' title='bbox 3460 340 3593 410; x_wconf 81' lang='grc' dir='ltr'>ἡμῖν</span> <span class='ocrx_word' id='word_1_23' title='bbox 3621 338 3710 392; x_wconf 73' lang='grc' dir='ltr'><strong>λόο</strong></span> 
     </span>
    </p>
   </div>
   <div class='ocr_carea' id='block_1_6' title="bbox 487 449 2046 527">
    <p class='ocr_par' dir='ltr' id='par_1_6' title="bbox 487 449 2046 527">
     <span class='ocr_line' id='line_1_6' title="bbox 487 449 2046 527; baseline -0.015 -6"><span class='ocrx_word' id='word_1_24' title='bbox 487 465 776 527; x_wconf 91' lang='lat' dir='ltr'><strong>nimirum,</strong></span> <span class='ocrx_word' id='word_1_25' title='bbox 828 461 894 515; x_wconf 92' lang='lat' dir='ltr'><strong>de</strong></span> <span class='ocrx_word' id='word_1_26' title='bbox 943 456 1128 512; x_wconf 91' lang='lat' dir='ltr'><strong>nullibi</strong></span> <span class='ocrx_word' id='word_1_27' title='bbox 1152 457 1450 511; x_wconf 80' lang='lat' dir='ltr'><strong>exsistente</strong></span> <span class='ocrx_word' id='word_1_28' title='bbox 1479 453 1734 514; x_wconf 86' lang='lat' dir='ltr'><strong>materia,</strong></span> <span class='ocrx_word' id='word_1_29' title='bbox 1763 449 2046 504; x_wconf 85' lang='lat' dir='ltr'><strong>essentiam</strong></span> 
     </span>
    </p>
   </div>
   <div class='ocr_carea' id='block_1_7' title="bbox 490 541 2049 616">
    <p class='ocr_par' dir='ltr' id='par_1_7' title="bbox 490 541 2049 616">
     <span class='ocr_line' id='line_1_7' title="bbox 490 541 2049 616; baseline -0.012 -4"><span class='ocrx_word' id='word_1_30' title='bbox 490 573 667 613; x_wconf 89' lang='lat' dir='ltr'><strong>rerum</strong></span> <span class='ocrx_word' id='word_1_31' title='bbox 700 561 1062 609; x_wconf 79' lang='lat' dir='ltr'><strong>construCIam</strong></span> <span class='ocrx_word' id='word_1_32' title='bbox 1111 548 1245 602; x_wconf 88' lang='lat' dir='ltr'><strong>dare</strong></span> <span class='ocrx_word' id='word_1_33' title='bbox 1281 563 1295 600; x_wconf 89' lang='lat'>:</span> <span class='ocrx_word' id='word_1_34' title='bbox 1327 547 1425 616; x_wconf 89' lang='lat' dir='ltr'><strong>ipsi</strong></span> <span class='ocrx_word' id='word_1_35' title='bbox 1465 555 1644 598; x_wconf 90' lang='lat' dir='ltr'><strong>tamen</strong></span> <span class='ocrx_word' id='word_1_36' title='bbox 1681 541 2049 597; x_wconf 88' lang='lat' dir='ltr'><strong>universitatis</strong></span> 
     </span>
    </p>
   </div>
   <div class='ocr_carea' id='block_1_8' title="bbox 486 634 2047 714">
    <p class='ocr_par' dir='ltr' id='par_1_8' title="bbox 486 634 2047 714">
     <span class='ocr_line' id='line_1_8' title="bbox 486 634 2047 714; baseline -0.013 -9"><span class='ocrx_word' id='word_1_37' title='bbox 486 647 752 704; x_wconf 74' lang='lat' dir='ltr'><strong>conditori</strong></span> <span class='ocrx_word' id='word_1_38' title='bbox 783 643 1037 714; x_wconf 84' lang='lat' dir='ltr'><strong>possibile</strong></span> <span class='ocrx_word' id='word_1_39' title='bbox 1060 640 1157 695; x_wconf 82' lang='lat' dir='ltr'><strong>fuit</strong></span> <span class='ocrx_word' id='word_1_40' title='bbox 1177 641 1354 710; x_wconf 81' lang='lat' dir='ltr'><strong>plane,</strong></span> <span class='ocrx_word' id='word_1_41' title='bbox 1380 649 1432 694; x_wconf 94' lang='lat' dir='ltr'><strong>et</strong></span> <span class='ocrx_word' id='word_1_42' title='bbox 1455 638 1658 692; x_wconf 80' lang='lat' dir='ltr'><strong>factum</strong></span> <span class='ocrx_word' id='word_1_43' title='bbox 1684 648 1786 690; x_wconf 89' lang='lat' dir='ltr'><strong>est.</strong></span> <span class='ocrx_word' id='word_1_44' title='bbox 1821 634 2047 702; x_wconf 83' lang='lat' dir='ltr'><strong>Captum</strong></span> 
     </span>
    </p>
   </div>
   <div class='ocr_carea' id='block_1_9' title="bbox 488 725 2051 799">
    <p class='ocr_par' dir='ltr' id='par_1_9' title="bbox 488 725 2051 799">
     <span class='ocr_line' id='line_1_9' title="bbox 488 725 2051 799; baseline -0.013 -2"><span class='ocrx_word' id='word_1_45' title='bbox 488 745 590 797; x_wconf 92' lang='lat' dir='ltr'><strong>hoc</strong></span> <span class='ocrx_word' id='word_1_46' title='bbox 641 742 932 794; x_wconf 88' lang='lat' dir='ltr'><strong>humanum</strong></span> <span class='ocrx_word' id='word_1_47' title='bbox 984 732 1315 787; x_wconf 89' lang='lat' dir='ltr'><strong>transcendit</strong></span> <span class='ocrx_word' id='word_1_48' title='bbox 1356 743 1625 799; x_wconf 74' lang='lat' dir='ltr'><strong>prorsus:</strong></span> <span class='ocrx_word' id='word_1_49' title='bbox 1669 739 1841 796; x_wconf 90' lang='lat' dir='ltr'><strong>neque</strong></span> <span class='ocrx_word' id='word_1_50' title='bbox 1894 725 2051 793; x_wconf 84' lang='lat' dir='ltr'><strong>hujus</strong></span> 
     </span>
    </p>
   </div>
   <div class='ocr_carea' id='block_1_10' title="bbox 491 819 2050 900">
    <p class='ocr_par' dir='ltr' id='par_1_10' title="bbox 491 819 2050 900">
     <span class='ocr_line' id='line_1_10' title="bbox 491 819 2050 900; baseline -0.013 -10"><span class='ocrx_word' id='word_1_51' title='bbox 491 837 564 890; x_wconf 86' lang='lat' dir='ltr'><strong>rei</strong></span> <span class='ocrx_word' id='word_1_52' title='bbox 600 835 735 890; x_wconf 83' lang='lat' dir='ltr'><strong>ratio</strong></span> <span class='ocrx_word' id='word_1_53' title='bbox 766 828 1152 900; x_wconf 87' lang='lat' dir='ltr'><strong>comprehendi</strong></span> <span class='ocrx_word' id='word_1_54' title='bbox 1198 837 1450 880; x_wconf 88' lang='lat' dir='ltr'><strong>sermone</strong></span> <span class='ocrx_word' id='word_1_55' title='bbox 1491 831 1584 876; x_wconf 90' lang='lat' dir='ltr'><strong>aut</strong></span> <span class='ocrx_word' id='word_1_56' title='bbox 1613 819 1920 875; x_wconf 86' lang='lat' dir='ltr'><strong>aunuutiari</strong></span> <span class='ocrx_word' id='word_1_57' title='bbox 1956 833 2050 886; x_wconf 81' lang='lat' dir='ltr'><strong>po-</strong></span> 
     </span>
    </p>
   </div>
   <div class='ocr_carea' id='block_1_11' title="bbox 488 909 2052 984">
    <p class='ocr_par' dir='ltr' id='par_1_11' title="bbox 488 909 2052 984">
     <span class='ocr_line' id='line_1_11' title="bbox 488 909 2052 984; baseline -0.013 0"><span class='ocrx_word' id='word_1_58' title='bbox 488 938 610 984; x_wconf 84' lang='lat' dir='ltr'><strong>test.</strong></span> <span class='ocrx_word' id='word_1_59' title='bbox 659 925 740 980; x_wconf 84' lang='lat' dir='ltr'><strong>Ad</strong></span> <span class='ocrx_word' id='word_1_60' title='bbox 783 922 1028 977; x_wconf 87' lang='lat' dir='ltr'><strong>eumdem</strong></span> <span class='ocrx_word' id='word_1_61' title='bbox 1079 919 1328 980; x_wconf 89' lang='lat' dir='ltr'><strong>modum,</strong></span> <span class='ocrx_word' id='word_1_62' title='bbox 1355 925 1411 972; x_wconf 91' lang='lat' dir='ltr'><strong>et</strong></span> <span class='ocrx_word' id='word_1_63' title='bbox 1442 915 1610 969; x_wconf 87' lang='lat' dir='ltr'><strong>multo</strong></span> <span class='ocrx_word' id='word_1_64' title='bbox 1631 911 1846 982; x_wconf 80' lang='lat' dir='ltr'><strong>quidem</strong></span> <span class='ocrx_word' id='word_1_65' title='bbox 1881 909 2052 976; x_wconf 87' lang='lat' dir='ltr'><strong>magis</strong></span> 
     </span>
    </p>
   </div>
   <div class='ocr_carea' id='block_1_12' title="bbox 487 1001 2052 1087">
    <p class='ocr_par' dir='ltr' id='par_1_12' title="bbox 487 1001 2052 1087">
     <span class='ocr_line' id='line_1_12' title="bbox 487 1001 2052 1087; baseline -0.013 -13"><span class='ocrx_word' id='word_1_66' title='bbox 487 1018 746 1087; x_wconf 82' lang='lat' dir='ltr'><strong>unigeniti</strong></span> <span class='ocrx_word' id='word_1_67' title='bbox 782 1014 896 1082; x_wconf 76' lang='lat' dir='ltr'><strong>eius</strong></span> <span class='ocrx_word' id='word_1_68' title='bbox 939 1012 1059 1066; x_wconf 82' lang='lat' dir='ltr'><strong>Filii</strong></span> <span class='ocrx_word' id='word_1_69' title='bbox 1087 1008 1382 1080; x_wconf 77' lang='lat' dir='ltr'><strong>generatio,</strong></span> <span class='ocrx_word' id='word_1_70' title='bbox 1409 1001 1966 1074; x_wconf 83' lang='lat' dir='ltr'><strong>incomprehensibilis</strong></span> <span class='ocrx_word' id='word_1_71' title='bbox 1997 1010 2052 1054; x_wconf 86' lang='lat' dir='ltr'><strong>et</strong></span> 
     </span>
    </p>
   </div>
   <div class='ocr_carea' id='block_1_13' title="bbox 488 1093 2052 1177">
    <p class='ocr_par' dir='ltr' id='par_1_13' title="bbox 488 1093 2052 1177">
     <span class='ocr_line' id='line_1_13' title="bbox 488 1093 2052 1177; baseline -0.015 -10"><span class='ocrx_word' id='word_1_72' title='bbox 488 1107 901 1177; x_wconf 79' lang='lat' dir='ltr'><strong>investigabilis,</strong></span> <span class='ocrx_word' id='word_1_73' title='bbox 933 1119 1038 1158; x_wconf 91' lang='lat' dir='ltr'><strong>non</strong></span> <span class='ocrx_word' id='word_1_74' title='bbox 1075 1102 1228 1156; x_wconf 87' lang='lat' dir='ltr'><strong>nobis</strong></span> <span class='ocrx_word' id='word_1_75' title='bbox 1249 1099 1605 1162; x_wconf 87' lang='lat' dir='ltr'><strong>solummodo,</strong></span> <span class='ocrx_word' id='word_1_76' title='bbox 1638 1096 1728 1150; x_wconf 90' lang='lat' dir='ltr'><strong>sed</strong></span> <span class='ocrx_word' id='word_1_77' title='bbox 1751 1103 1805 1149; x_wconf 88' lang='lat' dir='ltr'><strong>et</strong></span> <span class='ocrx_word' id='word_1_78' title='bbox 1839 1093 2052 1146; x_wconf 86' lang='lat' dir='ltr'><strong>virtuti-</strong></span> 
     </span>
    </p>
   </div>
   <div class='ocr_carea' id='block_1_14' title="bbox 491 1187 2047 1266">
    <p class='ocr_par' dir='ltr' id='par_1_14' title="bbox 491 1187 2047 1266">
     <span class='ocr_line' id='line_1_14' title="bbox 491 1187 2047 1266; baseline -0.011 -10"><span class='ocrx_word' id='word_1_79' title='bbox 491 1207 588 1256; x_wconf 86' lang='lat' dir='ltr'><strong>bus</strong></span> <span class='ocrx_word' id='word_1_80' title='bbox 640 1201 706 1254; x_wconf 91' lang='lat' dir='ltr'><strong>iis</strong></span> <span class='ocrx_word' id='word_1_81' title='bbox 737 1197 920 1261; x_wconf 84' lang='lat' dir='ltr'><strong>fuerit,</strong></span> <span class='ocrx_word' id='word_1_82' title='bbox 951 1211 1076 1266; x_wconf 75' lang='lat' dir='ltr'><strong>quae</strong></span> <span class='ocrx_word' id='word_1_83' title='bbox 1101 1208 1198 1247; x_wconf 92' lang='lat' dir='ltr'><strong>nos</strong></span> <span class='ocrx_word' id='word_1_84' title='bbox 1242 1192 1402 1261; x_wconf 85' lang='lat' dir='ltr'><strong>longo</strong></span> <span class='ocrx_word' id='word_1_85' title='bbox 1436 1196 1696 1256; x_wconf 87' lang='lat' dir='ltr'><strong>superant</strong></span> <span class='ocrx_word' id='word_1_86' title='bbox 1739 1187 2047 1256; x_wconf 87' lang='lat' dir='ltr'><strong>intervallo.</strong></span> 
     </span>
    </p>
   </div>
   <div class='ocr_carea' id='block_1_15' title="bbox 490 1277 2052 1361">
    <p class='ocr_par' dir='ltr' id='par_1_15' title="bbox 490 1277 2052 1361">
     <span class='ocr_line' id='line_1_15' title="bbox 490 1277 2052 1361; baseline -0.011 -13"><span class='ocrx_word' id='word_1_87' title='bbox 490 1291 768 1361; x_wconf 85' lang='lat' dir='ltr'><strong>Siquidem</strong></span> <span class='ocrx_word' id='word_1_88' title='bbox 793 1288 881 1343; x_wconf 89' lang='lat' dir='ltr'><strong>illa</strong></span> <span class='ocrx_word' id='word_1_89' title='bbox 922 1301 1039 1357; x_wconf 70' lang='lat' dir='ltr'><strong>qua:</strong></span> <span class='ocrx_word' id='word_1_90' title='bbox 1079 1299 1174 1354; x_wconf 89' lang='lat' dir='ltr'><strong>per</strong></span> <span class='ocrx_word' id='word_1_91' title='bbox 1201 1292 1448 1337; x_wconf 90' lang='lat' dir='ltr'><strong>naturam</strong></span> <span class='ocrx_word' id='word_1_92' title='bbox 1476 1295 1628 1334; x_wconf 91' lang='lat' dir='ltr'><strong>suam</strong></span> <span class='ocrx_word' id='word_1_93' title='bbox 1657 1277 1879 1361; x_wconf 80' lang='lat' dir='ltr'><strong>inferius</strong></span> <span class='ocrx_word' id='word_1_94' title='bbox 1924 1280 2052 1333; x_wconf 88' lang='lat' dir='ltr'><strong>sub-</strong></span> 
     </span>
    </p>
   </div>
   <div class='ocr_carea' id='block_1_16' title="bbox 487 1359 2053 1444">
    <p class='ocr_par' dir='ltr' id='par_1_16' title="bbox 487 1359 2053 1444">
     <span class='ocr_line' id='line_1_16' title="bbox 487 1359 2053 1444; baseline -0.009 -7"><span class='ocrx_word' id='word_1_95' title='bbox 487 1359 709 1444; x_wconf 84' lang='lat' dir='ltr'><strong>sidunt,</strong></span> <span class='ocrx_word' id='word_1_96' title='bbox 737 1391 793 1436; x_wconf 90' lang='lat' dir='ltr'><strong>et</strong></span> <span class='ocrx_word' id='word_1_97' title='bbox 819 1380 886 1435; x_wconf 90' lang='lat' dir='ltr'><strong>ab</strong></span> <span class='ocrx_word' id='word_1_98' title='bbox 915 1377 1001 1432; x_wconf 91' lang='lat' dir='ltr'><strong>illa</strong></span> <span class='ocrx_word' id='word_1_99' title='bbox 1045 1377 1224 1430; x_wconf 89' lang='lat' dir='ltr'><strong>divina</strong></span> <span class='ocrx_word' id='word_1_100' title='bbox 1262 1371 1615 1427; x_wconf 83' lang='lat' dir='ltr'><strong>inenarrabili</strong></span> <span class='ocrx_word' id='word_1_101' title='bbox 1648 1359 1886 1425; x_wconf 65' lang='lat' dir='ltr'><strong>essentia</strong></span> <span class='ocrx_word' id='word_1_102' title='bbox 1929 1377 2053 1423; x_wconf 90' lang='lat' dir='ltr'><strong>sunt</strong></span> 
     </span>
    </p>
   </div>
   <div class='ocr_carea' id='block_1_17' title="bbox 483 1460 2051 1544">
    <p class='ocr_par' dir='ltr' id='par_1_17' title="bbox 483 1460 2051 1544">
     <span class='ocr_line' id='line_1_17' title="bbox 483 1460 2051 1544; baseline -0.008 -18"><span class='ocrx_word' id='word_1_103' title='bbox 483 1473 797 1544; x_wconf 79' lang='lat' dir='ltr'><strong>longissimo</strong></span> <span class='ocrx_word' id='word_1_104' title='bbox 819 1480 873 1524; x_wconf 92' lang='lat' dir='ltr'><strong>et</strong></span> <span class='ocrx_word' id='word_1_105' title='bbox 918 1467 1156 1524; x_wconf 79' lang='lat' dir='ltr'><strong>inferiori</strong></span> <span class='ocrx_word' id='word_1_106' title='bbox 1195 1474 1369 1543; x_wconf 83' lang='lat' dir='ltr'><strong>tractu</strong></span> <span class='ocrx_word' id='word_1_107' title='bbox 1399 1460 1923 1544; x_wconf 83' lang='lat' dir='ltr'><strong>semota,_quomodo</strong></span> <span class='ocrx_word' id='word_1_108' title='bbox 1954 1475 2051 1528; x_wconf 82' lang='lat' dir='ltr'><strong>po-</strong></span> 
     </span>
    </p>
   </div>
   <div class='ocr_carea' id='block_1_18' title="bbox 490 1531 2053 1634">
    <p class='ocr_par' dir='ltr' id='par_1_18' title="bbox 490 1531 2053 1634">
     <span class='ocr_line' id='line_1_18' title="bbox 490 1531 2053 1634; baseline -0.009 -16"><span class='ocrx_word' id='word_1_109' title='bbox 490 1566 652 1620; x_wconf 90' lang='lat' dir='ltr'><strong>terint</strong></span> <span class='ocrx_word' id='word_1_110' title='bbox 699 1563 1008 1634; x_wconf 82' lang='lat' dir='ltr'><strong>cognitione</strong></span> <span class='ocrx_word' id='word_1_111' title='bbox 1058 1575 1154 1616; x_wconf 88' lang='lat' dir='ltr'><strong>sua</strong></span> <span class='ocrx_word' id='word_1_112' title='bbox 1207 1558 1272 1612; x_wconf 89' lang='lat' dir='ltr'><strong>ad</strong></span> <span class='ocrx_word' id='word_1_113' title='bbox 1324 1535 1579 1611; x_wconf 80' lang='lat' dir='ltr'><strong>sublimia</strong></span> <span class='ocrx_word' id='word_1_114' title='bbox 1625 1531 1683 1609; x_wconf 64' lang='grc' dir='ltr'>ἓι</span> <span class='ocrx_word' id='word_1_115' title='bbox 1710 1555 1762 1607; x_wconf 94' lang='lat' dir='ltr'><strong>in</strong></span> <span class='ocrx_word' id='word_1_116' title='bbox 1790 1552 2053 1606; x_wconf 83' lang='lat' dir='ltr'><strong>altissimo</strong></span> 
     </span>
    </p>
   </div>
   <div class='ocr_carea' id='block_1_19' title="bbox 491 1645 2053 1726">
    <p class='ocr_par' dir='ltr' id='par_1_19' title="bbox 491 1645 2053 1726">
     <span class='ocr_line' id='line_1_19' title="bbox 491 1645 2053 1726; baseline -0.011 -14"><span class='ocrx_word' id='word_1_117' title='bbox 491 1657 684 1726; x_wconf 89' lang='lat' dir='ltr'><strong>posita,</strong></span> <span class='ocrx_word' id='word_1_118' title='bbox 732 1653 1016 1725; x_wconf 86' lang='lat' dir='ltr'><strong>aspirare?</strong></span> <span class='ocrx_word' id='word_1_119' title='bbox 1060 1652 1160 1719; x_wconf 91' lang='lat' dir='ltr'><strong>Qui</strong></span> <span class='ocrx_word' id='word_1_120' title='bbox 1215 1649 1413 1720; x_wconf 90' lang='lat' dir='ltr'><strong>poterit</strong></span> <span class='ocrx_word' id='word_1_121' title='bbox 1449 1646 1588 1710; x_wconf 87' lang='lat' dir='ltr'><strong>lieri,</strong></span> <span class='ocrx_word' id='word_1_122' title='bbox 1631 1656 1688 1699; x_wconf 93' lang='lat' dir='ltr'><strong>ut</strong></span> <span class='ocrx_word' id='word_1_123' title='bbox 1715 1645 1896 1698; x_wconf 84' lang='lat' dir='ltr'><strong>animo</strong></span> <span class='ocrx_word' id='word_1_124' title='bbox 1932 1645 2053 1714; x_wconf 87' lang='lat' dir='ltr'><strong>quis</strong></span> 
     </span>
    </p>
   </div>
   <div class='ocr_carea' id='block_1_20' title="bbox 489 1747 965 1818">
    <p class='ocr_par' dir='ltr' id='par_1_20' title="bbox 489 1747 965 1818">
     <span class='ocr_line' id='line_1_20' title="bbox 489 1747 965 1818; baseline -0.017 -11"><span class='ocrx_word' id='word_1_125' title='bbox 489 1757 900 1818; x_wconf 86' lang='lat' dir='ltr'><strong>ea—assequatur</strong></span> <span class='ocrx_word' id='word_1_126' title='bbox 949 1747 965 1817; x_wconf 97' lang='lat'>(</span> 
     </span>
    </p>
   </div>
   <div class='ocr_carea' id='block_1_21' title="bbox 489 1829 2049 1903">
    <p class='ocr_par' dir='ltr' id='par_1_21' title="bbox 489 1829 2049 1903">
     <span class='ocr_line' id='line_1_21' title="bbox 489 1829 2049 1903; baseline -0.012 -5"><span class='ocrx_word' id='word_1_127' title='bbox 489 1846 583 1900; x_wconf 90' lang='lat' dir='ltr'><strong>scd</strong></span> <span class='ocrx_word' id='word_1_128' title='bbox 630 1843 696 1898; x_wconf 91' lang='lat' dir='ltr'><strong>de</strong></span> <span class='ocrx_word' id='word_1_129' title='bbox 744 1858 848 1896; x_wconf 92' lang='lat' dir='ltr'><strong>non</strong></span> <span class='ocrx_word' id='word_1_130' title='bbox 883 1854 1034 1903; x_wconf 90' lang='lat' dir='ltr'><strong>esse,</strong></span> <span class='ocrx_word' id='word_1_131' title='bbox 1067 1836 1132 1890; x_wconf 90' lang='lat' dir='ltr'><strong>ad</strong></span> <span class='ocrx_word' id='word_1_132' title='bbox 1179 1835 1476 1890; x_wconf 81' lang='lat' dir='ltr'><strong>subsistere</strong></span> <span class='ocrx_word' id='word_1_133' title='bbox 1522 1847 1713 1894; x_wconf 91' lang='lat' dir='ltr'><strong>suum,</strong></span> <span class='ocrx_word' id='word_1_134' title='bbox 1759 1845 1855 1899; x_wconf 88' lang='lat' dir='ltr'><strong>per</strong></span> <span class='ocrx_word' id='word_1_135' title='bbox 1883 1829 2049 1882; x_wconf 60' lang='lat' dir='ltr'><strong>Deum</strong></span> 
     </span>
    </p>
   </div>
   <div class='ocr_carea' id='block_1_22' title="bbox 489 1918 2053 2004">
    <p class='ocr_par' dir='ltr' id='par_1_22' title="bbox 489 1918 2053 2004">
     <span class='ocr_line' id='line_1_22' title="bbox 489 1918 2053 2004; baseline -0.013 -13"><span class='ocrx_word' id='word_1_136' title='bbox 489 1944 615 1991; x_wconf 86' lang='lat' dir='ltr'><strong>sunt</strong></span> <span class='ocrx_word' id='word_1_137' title='bbox 655 1933 914 2004; x_wconf 90' lang='lat' dir='ltr'><strong>producta</strong></span> <span class='ocrx_word' id='word_1_138' title='bbox 948 1929 1177 2000; x_wconf 78' lang='lat' dir='ltr'><strong>originis</strong></span> <span class='ocrx_word' id='word_1_139' title='bbox 1207 1937 1482 1979; x_wconf 89' lang='lat' dir='ltr'><strong>auctorem</strong></span> <span class='ocrx_word' id='word_1_140' title='bbox 1511 1962 1525 1988; x_wconf 88' lang='lat'><strong>,</strong></span> <span class='ocrx_word' id='word_1_141' title='bbox 1555 1934 1889 1989; x_wconf 84' lang='lat' dir='ltr'><strong>causamque</strong></span> <span class='ocrx_word' id='word_1_142' title='bbox 1921 1918 2053 1984; x_wconf 84' lang='lat' dir='ltr'><strong>ipsis</strong></span> 
     </span>
    </p>
   </div>
   <div class='ocr_carea' id='block_1_23' title="bbox 489 2011 2051 2084">
    <p class='ocr_par' dir='ltr' id='par_1_23' title="bbox 489 2011 2051 2084">
     <span class='ocr_line' id='line_1_23' title="bbox 489 2011 2051 2084; baseline -0.013 -3"><span class='ocrx_word' id='word_1_143' title='bbox 489 2024 788 2082; x_wconf 82' lang='lat' dir='ltr'><strong>exsistendi</strong></span> <span class='ocrx_word' id='word_1_144' title='bbox 827 2022 1201 2084; x_wconf 77' lang='lat' dir='ltr'><strong>exsistentem)</strong></span> <span class='ocrx_word' id='word_1_145' title='bbox 1228 2028 1351 2070; x_wconf 85' lang='lat' dir='ltr'><strong>ante</strong></span> <span class='ocrx_word' id='word_1_146' title='bbox 1373 2031 1522 2070; x_wconf 89' lang='lat' dir='ltr'><strong>suam</strong></span> <span class='ocrx_word' id='word_1_147' title='bbox 1555 2015 1793 2081; x_wconf 88' lang='lat' dir='ltr'><strong>ipsorum</strong></span> <span class='ocrx_word' id='word_1_148' title='bbox 1823 2011 2051 2081; x_wconf 88' lang='lat' dir='ltr'><strong>primam</strong></span> 
     </span>
    </p>
   </div>
   <div class='ocr_carea' id='block_1_24' title="bbox 489 2101 2054 2188">
    <p class='ocr_par' dir='ltr' id='par_1_24' title="bbox 489 2101 2054 2188">
     <span class='ocr_line' id='line_1_24' title="bbox 489 2101 2054 2188; baseline -0.012 -17"><span class='ocrx_word' id='word_1_149' title='bbox 489 2115 897 2188; x_wconf 83' lang='lat' dir='ltr'><strong>productionem</strong></span> <span class='ocrx_word' id='word_1_150' title='bbox 927 2112 952 2164; x_wconf 67' lang='grc' dir='ltr'><strong>ἲ</strong></span> <span class='ocrx_word' id='word_1_151' title='bbox 990 2112 1096 2164; x_wconf 81' lang='lat' dir='ltr'><strong>Aut</strong></span> <span class='ocrx_word' id='word_1_152' title='bbox 1139 2122 1238 2162; x_wconf 89' lang='lat' dir='ltr'><strong>nos</strong></span> <span class='ocrx_word' id='word_1_153' title='bbox 1268 2106 1385 2161; x_wconf 89' lang='lat' dir='ltr'><strong>heri</strong></span> <span class='ocrx_word' id='word_1_154' title='bbox 1432 2115 1592 2173; x_wconf 89' lang='lat' dir='ltr'><strong>atque</strong></span> <span class='ocrx_word' id='word_1_155' title='bbox 1626 2102 1826 2156; x_wconf 88' lang='lat' dir='ltr'><strong>nudius</strong></span> <span class='ocrx_word' id='word_1_156' title='bbox 1863 2101 2054 2156; x_wconf 89' lang='lat' dir='ltr'><strong>tertius</strong></span> 
     </span>
    </p>
   </div>
   <div class='ocr_carea' id='block_1_25' title="bbox 491 2193 2049 2279">
    <p class='ocr_par' dir='ltr' id='par_1_25' title="bbox 491 2193 2049 2279">
     <span class='ocr_line' id='line_1_25' title="bbox 491 2193 2049 2279; baseline -0.011 -15"><span class='ocrx_word' id='word_1_157' title='bbox 491 2210 683 2279; x_wconf 88' lang='lat' dir='ltr'><strong>pellem</strong></span> <span class='ocrx_word' id='word_1_158' title='bbox 724 2206 897 2260; x_wconf 87' lang='lat' dir='ltr'><strong>induti</strong></span> <span class='ocrx_word' id='word_1_159' title='bbox 931 2213 1092 2272; x_wconf 88' lang='lat' dir='ltr'><strong>atque</strong></span> <span class='ocrx_word' id='word_1_160' title='bbox 1119 2215 1340 2256; x_wconf 90' lang='lat' dir='ltr'><strong>carnem</strong></span> <span class='ocrx_word' id='word_1_161' title='bbox 1371 2216 1384 2252; x_wconf 93' lang='lat'>:</span> <span class='ocrx_word' id='word_1_162' title='bbox 1422 2197 1635 2252; x_wconf 89' lang='lat' dir='ltr'><strong>ossibus</strong></span> <span class='ocrx_word' id='word_1_163' title='bbox 1675 2205 1838 2265; x_wconf 90' lang='lat' dir='ltr'><strong>atque</strong></span> <span class='ocrx_word' id='word_1_164' title='bbox 1867 2193 2049 2248; x_wconf 89' lang='lat' dir='ltr'><strong>nervis</strong></span> 
     </span>
    </p>
   </div>
   <div class='ocr_carea' id='block_1_26' title="bbox 491 2289 2054 2370">
    <p class='ocr_par' dir='ltr' id='par_1_26' title="bbox 491 2289 2054 2370">
     <span class='ocr_line' id='line_1_26' title="bbox 491 2289 2054 2370; baseline -0.01 -15"><span class='ocrx_word' id='word_1_165' title='bbox 491 2296 904 2370; x_wconf 86' lang='lat' dir='ltr'><strong>compaginati:</strong></span> <span class='ocrx_word' id='word_1_166' title='bbox 945 2295 1037 2364; x_wconf 87' lang='lat' dir='ltr'><strong>qui</strong></span> <span class='ocrx_word' id='word_1_167' title='bbox 1089 2308 1188 2348; x_wconf 90' lang='lat' dir='ltr'><strong>nec</strong></span> <span class='ocrx_word' id='word_1_168' title='bbox 1231 2292 1320 2346; x_wconf 89' lang='lat' dir='ltr'><strong>illa</strong></span> <span class='ocrx_word' id='word_1_169' title='bbox 1367 2289 1583 2360; x_wconf 85' lang='lat' dir='ltr'><strong>quidem</strong></span> <span class='ocrx_word' id='word_1_170' title='bbox 1641 2289 1888 2341; x_wconf 86' lang='lat' dir='ltr'><strong>novimus</strong></span> <span class='ocrx_word' id='word_1_171' title='bbox 1935 2301 2054 2354; x_wconf 74' lang='lat' dir='ltr'><strong>qua:</strong></span> 
     </span>
    </p>
   </div>
   <div class='ocr_carea' id='block_1_27' title="bbox 487 2377 2055 2464">
    <p class='ocr_par' dir='ltr' id='par_1_27' title="bbox 487 2377 2055 2464">
     <span class='ocr_line' id='line_1_27' title="bbox 487 2377 2055 2464; baseline -0.011 -16"><span class='ocrx_word' id='word_1_172' title='bbox 487 2395 640 2464; x_wconf 78' lang='lat' dir='ltr'><strong>juxta</strong></span> <span class='ocrx_word' id='word_1_173' title='bbox 675 2405 775 2446; x_wconf 89' lang='lat' dir='ltr'><strong>nos</strong></span> <span class='ocrx_word' id='word_1_174' title='bbox 803 2389 1108 2444; x_wconf 88' lang='lat' dir='ltr'><strong>consistunt</strong></span> <span class='ocrx_word' id='word_1_175' title='bbox 1132 2425 1148 2453; x_wconf 90' lang='lat'><strong>,</strong></span> <span class='ocrx_word' id='word_1_176' title='bbox 1188 2384 1461 2454; x_wconf 87' lang='lat' dir='ltr'><strong>quomodo</strong></span> <span class='ocrx_word' id='word_1_177' title='bbox 1511 2381 1632 2434; x_wconf 83' lang='lat' dir='ltr'><strong>sine</strong></span> <span class='ocrx_word' id='word_1_178' title='bbox 1661 2377 1901 2448; x_wconf 82' lang='lat' dir='ltr'><strong>periculo</strong></span> <span class='ocrx_word' id='word_1_179' title='bbox 1941 2379 2055 2432; x_wconf 88' lang='lat' dir='ltr'><strong>dis-</strong></span> 
     </span>
    </p>
   </div>
   <div class='ocr_carea' id='block_1_28' title="bbox 491 2471 2059 2555">
    <p class='ocr_par' dir='ltr' id='par_1_28' title="bbox 491 2471 2059 2555">
     <span class='ocr_line' id='line_1_28' title="bbox 491 2471 2059 2555; baseline -0.01 -16"><span class='ocrx_word' id='word_1_180' title='bbox 491 2483 838 2555; x_wconf 91' lang='lat' dir='ltr'><strong>quisitionem</strong></span> <span class='ocrx_word' id='word_1_181' title='bbox 893 2481 958 2535; x_wconf 90' lang='lat' dir='ltr'><strong>de</strong></span> <span class='ocrx_word' id='word_1_182' title='bbox 1008 2475 1372 2534; x_wconf 70' lang='lat' dir='ltr'><strong>inell‘abilibus</strong></span> <span class='ocrx_word' id='word_1_183' title='bbox 1404 2471 1795 2528; x_wconf 81' lang='lat' dir='ltr'><strong>instituemus?</strong></span> <span class='ocrx_word' id='word_1_184' title='bbox 1827 2471 2059 2540; x_wconf 88' lang='lat' dir='ltr'><strong>qualiter</strong></span> 
     </span>
    </p>
   </div>
   <div class='ocr_carea' id='block_1_29' title="bbox 497 2565 2056 2642">
    <p class='ocr_par' dir='ltr' id='par_1_29' title="bbox 497 2565 2056 2642">
     <span class='ocr_line' id='line_1_29' title="bbox 497 2565 2056 2642; baseline -0.011 -11"><span class='ocrx_word' id='word_1_185' title='bbox 497 2583 558 2642; x_wconf 58' lang='grc' dir='ltr'>ἧι</span> <span class='ocrx_word' id='word_1_186' title='bbox 595 2576 790 2630; x_wconf 80' lang='lat' dir='ltr'><strong>Filium</strong></span> <span class='ocrx_word' id='word_1_187' title='bbox 819 2587 974 2628; x_wconf 87' lang='lat' dir='ltr'><strong>suum</strong></span> <span class='ocrx_word' id='word_1_188' title='bbox 1012 2570 1301 2640; x_wconf 81' lang='lat' dir='ltr'><strong>progenuit</strong></span> <span class='ocrx_word' id='word_1_189' title='bbox 1331 2565 1517 2632; x_wconf 85' lang='lat' dir='ltr'><strong>Pater,</strong></span> <span class='ocrx_word' id='word_1_190' title='bbox 1547 2574 1852 2631; x_wconf 84' lang='lat' dir='ltr'><strong>satagentes</strong></span> <span class='ocrx_word' id='word_1_191' title='bbox 1887 2582 1900 2618; x_wconf 90' lang='lat'><strong>:</strong></span> <span class='ocrx_word' id='word_1_192' title='bbox 1933 2577 2056 2616; x_wconf 87' lang='lat' dir='ltr'><strong>cum</strong></span> 
     </span>
    </p>
   </div>
   <div class='ocr_carea' id='block_1_30' title="bbox 493 2656 2059 2730">
    <p class='ocr_par' dir='ltr' id='par_1_30' title="bbox 493 2656 2059 2730">
     <span class='ocr_line' id='line_1_30' title="bbox 493 2656 2059 2730; baseline -0.01 -6"><span class='ocrx_word' id='word_1_193' title='bbox 493 2671 777 2724; x_wconf 88' lang='lat' dir='ltr'><strong>innumera</strong></span> <span class='ocrx_word' id='word_1_194' title='bbox 812 2665 920 2720; x_wconf 90' lang='lat' dir='ltr'><strong>sint</strong></span> <span class='ocrx_word' id='word_1_195' title='bbox 947 2662 1056 2727; x_wconf 90' lang='lat' dir='ltr'><strong>illa,</strong></span> <span class='ocrx_word' id='word_1_196' title='bbox 1083 2676 1200 2730; x_wconf 85' lang='lat' dir='ltr'><strong>quae</strong></span> <span class='ocrx_word' id='word_1_197' title='bbox 1229 2674 1350 2713; x_wconf 90' lang='lat' dir='ltr'><strong>cum</strong></span> <span class='ocrx_word' id='word_1_198' title='bbox 1401 2657 1466 2711; x_wconf 90' lang='lat' dir='ltr'><strong>ad</strong></span> <span class='ocrx_word' id='word_1_199' title='bbox 1521 2657 1685 2726; x_wconf 87' lang='lat' dir='ltr'><strong>pedes</strong></span> <span class='ocrx_word' id='word_1_200' title='bbox 1730 2656 1890 2710; x_wconf 90' lang='lat' dir='ltr'><strong>etiam</strong></span> <span class='ocrx_word' id='word_1_201' title='bbox 1930 2669 2059 2708; x_wconf 87' lang='lat' dir='ltr'><strong>nos-</strong></span> 
     </span>
    </p>
   </div>
   <div class='ocr_carea' id='block_1_31' title="bbox 493 2740 2056 2830">
    <p class='ocr_par' dir='ltr' id='par_1_31' title="bbox 493 2740 2056 2830">
     <span class='ocr_line' id='line_1_31' title="bbox 493 2740 2056 2830; baseline -0.012 -13"><span class='ocrx_word' id='word_1_202' title='bbox 493 2772 608 2818; x_wconf 88' lang='lat' dir='ltr'><strong>tros</strong></span> <span class='ocrx_word' id='word_1_203' title='bbox 639 2759 1043 2830; x_wconf 84' lang='lat' dir='ltr'><strong>provolvantur,</strong></span> <span class='ocrx_word' id='word_1_204' title='bbox 1085 2753 1238 2808; x_wconf 86' lang='lat' dir='ltr'><strong>nobis</strong></span> <span class='ocrx_word' id='word_1_205' title='bbox 1270 2762 1450 2808; x_wconf 87' lang='lat' dir='ltr'><strong>tamen</strong></span> <span class='ocrx_word' id='word_1_206' title='bbox 1490 2740 1706 2820; x_wconf 81' lang='lat' dir='ltr'><strong>penitus</strong></span> <span class='ocrx_word' id='word_1_207' title='bbox 1745 2757 1872 2802; x_wconf 91' lang='lat' dir='ltr'><strong>sunt</strong></span> <span class='ocrx_word' id='word_1_208' title='bbox 1903 2747 2056 2801; x_wconf 57' lang='lat' dir='ltr'><strong>incoo</strong></span> 
     </span>
    </p>
   </div>
   <div class='ocr_carea' id='block_1_32' title="bbox 495 2838 2055 2924">
    <p class='ocr_par' dir='ltr' id='par_1_32' title="bbox 495 2838 2055 2924">
     <span class='ocr_line' id='line_1_32' title="bbox 495 2838 2055 2924; baseline -0.012 -18"><span class='ocrx_word' id='word_1_209' title='bbox 495 2853 664 2924; x_wconf 88' lang='lat' dir='ltr'><strong>gnita.</strong></span> <span class='ocrx_word' id='word_1_210' title='bbox 693 2847 953 2918; x_wconf 77' lang='lat' dir='ltr'><strong>Exemplo</strong></span> <span class='ocrx_word' id='word_1_211' title='bbox 992 2859 1104 2900; x_wconf 89' lang='lat' dir='ltr'><strong>rem</strong></span> <span class='ocrx_word' id='word_1_212' title='bbox 1149 2845 1306 2898; x_wconf 87' lang='lat' dir='ltr'><strong>istam</strong></span> <span class='ocrx_word' id='word_1_213' title='bbox 1342 2839 1644 2895; x_wconf 88' lang='lat' dir='ltr'><strong>illustrabo.</strong></span> <span class='ocrx_word' id='word_1_214' title='bbox 1675 2838 1874 2907; x_wconf 82' lang='lat' dir='ltr'><strong>Ecquis</strong></span> <span class='ocrx_word' id='word_1_215' title='bbox 1912 2838 2055 2891; x_wconf 92' lang='lat' dir='ltr'><strong>enim</strong></span> 
     </span>
    </p>
   </div>
   <div class='ocr_carea' id='block_1_33' title="bbox 494 2929 2058 3011">
    <p class='ocr_par' dir='ltr' id='par_1_33' title="bbox 494 2929 2058 3011">
     <span class='ocr_line' id='line_1_33' title="bbox 494 2929 2058 3011; baseline -0.011 -13"><span class='ocrx_word' id='word_1_216' title='bbox 494 2944 627 2998; x_wconf 86' lang='lat' dir='ltr'><strong>mihi</strong></span> <span class='ocrx_word' id='word_1_217' title='bbox 661 2941 914 3011; x_wconf 82' lang='lat' dir='ltr'><strong>expedire</strong></span> <span class='ocrx_word' id='word_1_218' title='bbox 946 2936 1167 3007; x_wconf 91' lang='lat' dir='ltr'><strong>poterit,</strong></span> <span class='ocrx_word' id='word_1_219' title='bbox 1203 2932 1380 2987; x_wconf 91' lang='lat' dir='ltr'><strong>anima</strong></span> <span class='ocrx_word' id='word_1_220' title='bbox 1404 2933 1616 3000; x_wconf 88' lang='lat' dir='ltr'><strong>corpori</strong></span> <span class='ocrx_word' id='word_1_221' title='bbox 1642 2929 1910 3000; x_wconf 88' lang='lat' dir='ltr'><strong>quomodo</strong></span> <span class='ocrx_word' id='word_1_222' title='bbox 1927 2945 2058 2984; x_wconf 87' lang='lat' dir='ltr'><strong>con-</strong></span> 
     </span>
    </p>
   </div>
   <div class='ocr_carea' id='block_1_34' title="bbox 494 3019 2051 3099">
    <p class='ocr_par' dir='ltr' id='par_1_34' title="bbox 494 3019 2051 3099">
     <span class='ocr_line' id='line_1_34' title="bbox 494 3019 2051 3099; baseline -0.013 -8"><span class='ocrx_word' id='word_1_223' title='bbox 494 3032 821 3091; x_wconf 85' lang='lat' dir='ltr'><strong>catenatur?</strong></span> <span class='ocrx_word' id='word_1_224' title='bbox 858 3029 1091 3099; x_wconf 89' lang='lat' dir='ltr'><strong>qualiter</strong></span> <span class='ocrx_word' id='word_1_225' title='bbox 1137 3026 1263 3080; x_wconf 87' lang='lat' dir='ltr'><strong>inde</strong></span> <span class='ocrx_word' id='word_1_226' title='bbox 1301 3025 1506 3079; x_wconf 82' lang='lat' dir='ltr'><strong>exeat?</strong></span> <span class='ocrx_word' id='word_1_227' title='bbox 1540 3021 1774 3090; x_wconf 87' lang='lat' dir='ltr'><strong>qualiter</strong></span> <span class='ocrx_word' id='word_1_228' title='bbox 1809 3019 2051 3088; x_wconf 79' lang='lat' dir='ltr'><strong>ingressa</strong></span> 
     </span>
    </p>
   </div>
   <div class='ocr_carea' id='block_1_35' title="bbox 495 3111 2057 3189">
    <p class='ocr_par' dir='ltr' id='par_1_35' title="bbox 495 3111 2057 3189">
     <span class='ocr_line' id='line_1_35' title="bbox 495 3111 2057 3189; baseline -0.012 -8"><span class='ocrx_word' id='word_1_229' title='bbox 495 3127 596 3182; x_wconf 75' lang='lat' dir='ltr'><strong>fuit</strong></span> <span class='ocrx_word' id='word_1_230' title='bbox 627 3126 695 3179; x_wconf 89' lang='lat' dir='ltr'><strong>ab</strong></span> <span class='ocrx_word' id='word_1_231' title='bbox 747 3122 944 3178; x_wconf 81' lang='lat' dir='ltr'><strong>initio?</strong></span> <span class='ocrx_word' id='word_1_232' title='bbox 976 3135 1094 3188; x_wconf 74' lang='lat' dir='ltr'><strong>qua:</strong></span> <span class='ocrx_word' id='word_1_233' title='bbox 1125 3117 1296 3189; x_wconf 88' lang='lat' dir='ltr'><strong>ipsius</strong></span> <span class='ocrx_word' id='word_1_234' title='bbox 1336 3112 1591 3184; x_wconf 86' lang='lat' dir='ltr'><strong>species?</strong></span> <span class='ocrx_word' id='word_1_235' title='bbox 1637 3111 1814 3182; x_wconf 89' lang='lat' dir='ltr'><strong>qualis</strong></span> <span class='ocrx_word' id='word_1_236' title='bbox 1863 3113 2057 3181; x_wconf 86' lang='lat' dir='ltr'><strong>ligura,</strong></span> 
     </span>
    </p>
   </div>
   <div class='ocr_carea' id='block_1_36' title="bbox 496 3204 2058 3283">
    <p class='ocr_par' dir='ltr' id='par_1_36' title="bbox 496 3204 2058 3283">
     <span class='ocr_line' id='line_1_36' title="bbox 496 3204 2058 3283; baseline -0.012 -8"><span class='ocrx_word' id='word_1_237' title='bbox 496 3220 691 3283; x_wconf 80' lang='lat' dir='ltr'><strong>forma,</strong></span> <span class='ocrx_word' id='word_1_238' title='bbox 715 3215 948 3278; x_wconf 89' lang='lat' dir='ltr'><strong>habitus,</strong></span> <span class='ocrx_word' id='word_1_239' title='bbox 980 3212 1218 3266; x_wconf 88' lang='lat' dir='ltr'><strong>essentia</strong></span> <span class='ocrx_word' id='word_1_240' title='bbox 1244 3210 1268 3263; x_wconf 86' lang='lat'><strong>?</strong></span> <span class='ocrx_word' id='word_1_241' title='bbox 1295 3207 1537 3262; x_wconf 86' lang='lat' dir='ltr'><strong>Nondum</strong></span> <span class='ocrx_word' id='word_1_242' title='bbox 1568 3221 1664 3276; x_wconf 91' lang='lat' dir='ltr'><strong>per</strong></span> <span class='ocrx_word' id='word_1_243' title='bbox 1691 3204 2058 3259; x_wconf 88' lang='lat' dir='ltr'><strong>curiositatem</strong></span> 
     </span>
    </p>
   </div>
   <div class='ocr_carea' id='block_1_37' title="bbox 496 3296 2058 3372">
    <p class='ocr_par' dir='ltr' id='par_1_37' title="bbox 496 3296 2058 3372">
     <span class='ocr_line' id='line_1_37' title="bbox 496 3296 2058 3372; baseline -0.013 -4"><span class='ocrx_word' id='word_1_244' title='bbox 496 3326 670 3368; x_wconf 86' lang='lat' dir='ltr'><strong>meam</strong></span> <span class='ocrx_word' id='word_1_245' title='bbox 701 3308 864 3363; x_wconf 91' lang='lat' dir='ltr'><strong>ullam</strong></span> <span class='ocrx_word' id='word_1_246' title='bbox 906 3317 1152 3360; x_wconf 87' lang='lat' dir='ltr'><strong>naturam</strong></span> <span class='ocrx_word' id='word_1_247' title='bbox 1176 3316 1274 3372; x_wconf 87' lang='lat' dir='ltr'><strong>ego</strong></span> <span class='ocrx_word' id='word_1_248' title='bbox 1300 3302 1597 3354; x_wconf 84' lang='lat' dir='ltr'><strong>daemonum</strong></span> <span class='ocrx_word' id='word_1_249' title='bbox 1621 3296 1871 3366; x_wconf 79' lang='lat' dir='ltr'><strong>indagavi</strong></span> <span class='ocrx_word' id='word_1_250' title='bbox 1901 3311 1916 3351; x_wconf 92' lang='lat'><strong>:</strong></span> <span class='ocrx_word' id='word_1_251' title='bbox 1953 3311 2058 3350; x_wconf 86' lang='lat' dir='ltr'><strong>non</strong></span> 
     </span>
    </p>
   </div>
   <div class='ocr_carea' id='block_1_38' title="bbox 496 3387 2061 3474">
    <p class='ocr_par' dir='ltr' id='par_1_38' title="bbox 496 3387 2061 3474">
     <span class='ocr_line' id='line_1_38' title="bbox 496 3387 2061 3474; baseline -0.012 -14"><span class='ocrx_word' id='word_1_252' title='bbox 496 3402 726 3474; x_wconf 84' lang='lat' dir='ltr'><strong>explicui</strong></span> <span class='ocrx_word' id='word_1_253' title='bbox 781 3398 1116 3455; x_wconf 82' lang='lat' dir='ltr'><strong>snbstantias</strong></span> <span class='ocrx_word' id='word_1_254' title='bbox 1165 3393 1480 3464; x_wconf 87' lang='lat' dir='ltr'><strong>angelorum</strong></span> <span class='ocrx_word' id='word_1_255' title='bbox 1516 3407 1530 3444; x_wconf 90' lang='lat'><strong>:</strong></span> <span class='ocrx_word' id='word_1_256' title='bbox 1565 3405 1670 3444; x_wconf 92' lang='lat' dir='ltr'><strong>non</strong></span> <span class='ocrx_word' id='word_1_257' title='bbox 1716 3387 1950 3459; x_wconf 88' lang='lat' dir='ltr'><strong>qualiter</strong></span> <span class='ocrx_word' id='word_1_258' title='bbox 2003 3403 2061 3442; x_wconf 92' lang='lat' dir='ltr'><strong>se</strong></span> 
     </span>
    </p>
   </div>
   <div class='ocr_carea' id='block_1_39' title="bbox 497 3481 2061 3563">
    <p class='ocr_par' dir='ltr' id='par_1_39' title="bbox 497 3481 2061 3563">
     <span class='ocr_line' id='line_1_39' title="bbox 497 3481 2061 3563; baseline -0.013 -11"><span class='ocrx_word' id='word_1_259' title='bbox 497 3496 731 3552; x_wconf 84' lang='lat' dir='ltr'><strong>habeant</strong></span> <span class='ocrx_word' id='word_1_260' title='bbox 763 3491 1118 3563; x_wconf 87' lang='lat' dir='ltr'><strong>principatus,</strong></span> <span class='ocrx_word' id='word_1_261' title='bbox 1157 3486 1359 3549; x_wconf 85' lang='lat' dir='ltr'><strong>throni,</strong></span> <span class='ocrx_word' id='word_1_262' title='bbox 1396 3482 1796 3538; x_wconf 85' lang='lat' dir='ltr'><strong>dominationes</strong></span> <span class='ocrx_word' id='word_1_263' title='bbox 1829 3498 1842 3534; x_wconf 89' lang='lat'>:</span> <span class='ocrx_word' id='word_1_264' title='bbox 1874 3481 1940 3534; x_wconf 88' lang='lat' dir='ltr'><strong>de</strong></span> <span class='ocrx_word' id='word_1_265' title='bbox 1963 3493 2061 3547; x_wconf 88' lang='lat' dir='ltr'><strong>po-</strong></span> 
     </span>
    </p>
   </div>
   <div class='ocr_carea' id='block_1_40' title="bbox 498 3569 2057 3646">
    <p class='ocr_par' dir='ltr' id='par_1_40' title="bbox 498 3569 2057 3646">
     <span class='ocr_line' id='line_1_40' title="bbox 498 3569 2057 3646; baseline -0.009 -6"><span class='ocrx_word' id='word_1_266' title='bbox 498 3585 784 3643; x_wconf 86' lang='lat' dir='ltr'><strong>testatibus</strong></span> <span class='ocrx_word' id='word_1_267' title='bbox 812 3622 828 3646; x_wconf 88' lang='lat'><strong>,</strong></span> <span class='ocrx_word' id='word_1_268' title='bbox 855 3569 910 3636; x_wconf 76' lang='lat' dir='ltr'><strong>et</strong></span> <span class='ocrx_word' id='word_1_269' title='bbox 964 3579 1146 3633; x_wconf 80' lang='lat' dir='ltr'><strong>mundi</strong></span> <span class='ocrx_word' id='word_1_270' title='bbox 1185 3574 1616 3632; x_wconf 87' lang='lat' dir='ltr'><strong>moderatoribus</strong></span> <span class='ocrx_word' id='word_1_271' title='bbox 1659 3571 1854 3628; x_wconf 86' lang='lat' dir='ltr'><strong>rescivi</strong></span> <span class='ocrx_word' id='word_1_272' title='bbox 1907 3573 2057 3626; x_wconf 89' lang='lat' dir='ltr'><strong>nihil.</strong></span> 
     </span>
    </p>
   </div>
   <div class='ocr_carea' id='block_1_41' title="bbox 497 3663 2062 3734">
    <p class='ocr_par' dir='ltr' id='par_1_41' title="bbox 497 3663 2062 3734">
     <span class='ocr_line' id='line_1_41' title="bbox 497 3663 2062 3734; baseline -0.011 -1"><span class='ocrx_word' id='word_1_273' title='bbox 497 3677 563 3733; x_wconf 83' lang='lat' dir='ltr'><strong>Et</strong></span> <span class='ocrx_word' id='word_1_274' title='bbox 589 3677 633 3732; x_wconf 84' lang='lat' dir='ltr'><strong>si</strong></span> <span class='ocrx_word' id='word_1_275' title='bbox 656 3689 788 3731; x_wconf 89' lang='lat' dir='ltr'><strong>sane</strong></span> <span class='ocrx_word' id='word_1_276' title='bbox 818 3673 884 3727; x_wconf 89' lang='lat' dir='ltr'><strong>ab</strong></span> <span class='ocrx_word' id='word_1_277' title='bbox 915 3672 1033 3726; x_wconf 88' lang='lat' dir='ltr'><strong>istis</strong></span> <span class='ocrx_word' id='word_1_278' title='bbox 1061 3685 1146 3724; x_wconf 90' lang='lat' dir='ltr'><strong>me</strong></span> <span class='ocrx_word' id='word_1_279' title='bbox 1177 3683 1282 3722; x_wconf 92' lang='lat' dir='ltr'><strong>non</strong></span> <span class='ocrx_word' id='word_1_280' title='bbox 1301 3665 1605 3734; x_wconf 75' lang='lat' dir='ltr'><strong>expediam,</strong></span> <span class='ocrx_word' id='word_1_281' title='bbox 1627 3665 1753 3732; x_wconf 82' lang='lat' dir='ltr'><strong>quid</strong></span> <span class='ocrx_word' id='word_1_282' title='bbox 1783 3663 1910 3716; x_wconf 93' lang='lat' dir='ltr'><strong>mihi</strong></span> <span class='ocrx_word' id='word_1_283' title='bbox 1939 3678 2062 3731; x_wconf 88' lang='lat' dir='ltr'><strong>pro-</strong></span> 
     </span>
    </p>
   </div>
   <div class='ocr_carea' id='block_1_42' title="bbox 497 3755 2059 3834">
    <p class='ocr_par' dir='ltr' id='par_1_42' title="bbox 497 3755 2059 3834">
     <span class='ocr_line' id='line_1_42' title="bbox 497 3755 2059 3834; baseline -0.009 -12"><span class='ocrx_word' id='word_1_284' title='bbox 497 3768 641 3823; x_wconf 74' lang='lat' dir='ltr'><strong>derit</strong></span> <span class='ocrx_word' id='word_1_285' title='bbox 673 3764 999 3834; x_wconf 86' lang='lat' dir='ltr'><strong>investigare</strong></span> <span class='ocrx_word' id='word_1_286' title='bbox 1048 3761 1333 3816; x_wconf 84' lang='lat' dir='ltr'><strong>scientiam</strong></span> <span class='ocrx_word' id='word_1_287' title='bbox 1359 3799 1373 3822; x_wconf 95' lang='lat'><strong>,</strong></span> <span class='ocrx_word' id='word_1_288' title='bbox 1404 3758 1468 3812; x_wconf 92' lang='lat' dir='ltr'><strong>de</strong></span> <span class='ocrx_word' id='word_1_289' title='bbox 1496 3757 1698 3812; x_wconf 90' lang='lat' dir='ltr'><strong>deitate</strong></span> <span class='ocrx_word' id='word_1_290' title='bbox 1746 3755 2059 3825; x_wconf 86' lang='lat' dir='ltr'><strong>ingenerata</strong></span> 
     </span>
    </p>
   </div>
   <div class='ocr_carea' id='block_1_43' title="bbox 497 3848 2061 3929">
    <p class='ocr_par' dir='ltr' id='par_1_43' title="bbox 497 3848 2061 3929">
     <span class='ocr_line' id='line_1_43' title="bbox 497 3848 2061 3929; baseline -0.009 -12"><span class='ocrx_word' id='word_1_291' title='bbox 497 3870 552 3917; x_wconf 91' lang='lat' dir='ltr'><strong>et</strong></span> <span class='ocrx_word' id='word_1_292' title='bbox 597 3859 859 3929; x_wconf 89' lang='lat' dir='ltr'><strong>principio</strong></span> <span class='ocrx_word' id='word_1_293' title='bbox 893 3855 1041 3910; x_wconf 87' lang='lat' dir='ltr'><strong>omni</strong></span> <span class='ocrx_word' id='word_1_294' title='bbox 1091 3853 1369 3922; x_wconf 89' lang='lat' dir='ltr'><strong>superiore</strong></span> <span class='ocrx_word' id='word_1_295' title='bbox 1395 3852 1422 3906; x_wconf 88' lang='lat'><strong>?</strong></span> <span class='ocrx_word' id='word_1_296' title='bbox 1472 3849 1610 3918; x_wconf 84' lang='lat' dir='ltr'><strong>Quid</strong></span> <span class='ocrx_word' id='word_1_297' title='bbox 1646 3849 1712 3903; x_wconf 87' lang='lat' dir='ltr'><strong>de</strong></span> <span class='ocrx_word' id='word_1_298' title='bbox 1765 3848 2061 3903; x_wconf 85' lang='lat' dir='ltr'><strong>inaccessis</strong></span> 
     </span>
    </p>
   </div>
   <div class='ocr_carea' id='block_1_44' title="bbox 499 3942 2060 4024">
    <p class='ocr_par' dir='ltr' id='par_1_44' title="bbox 499 3942 2060 4024">
     <span class='ocr_line' id='line_1_44' title="bbox 499 3942 2060 4024; baseline -0.006 -20"><span class='ocrx_word' id='word_1_299' title='bbox 499 3952 825 4024; x_wconf 56' lang='lat' dir='ltr'><strong>quaestiones</strong></span> <span class='ocrx_word' id='word_1_300' title='bbox 863 3947 1130 4003; x_wconf 83' lang='lat' dir='ltr'><strong>instituo?</strong></span> <span class='ocrx_word' id='word_1_301' title='bbox 1170 3946 1440 4014; x_wconf 89' lang='lat' dir='ltr'><strong>quomodo</strong></span> <span class='ocrx_word' id='word_1_302' title='bbox 1473 3943 1613 3998; x_wconf 86' lang='lat' dir='ltr'><strong>Deus</strong></span> <span class='ocrx_word' id='word_1_303' title='bbox 1655 3942 1915 4013; x_wconf 89' lang='lat' dir='ltr'><strong>prodierit</strong></span> <span class='ocrx_word' id='word_1_304' title='bbox 1949 3943 2060 3998; x_wconf 87' lang='lat' dir='ltr'><strong>Pa-</strong></span> 
     </span>
    </p>
   </div>
   <div class='ocr_carea' id='block_1_45' title="bbox 503 4033 2064 4110">
    <p class='ocr_par' dir='ltr' id='par_1_45' title="bbox 503 4033 2064 4110">
     <span class='ocr_line' id='line_1_45' title="bbox 503 4033 2064 4110; baseline -0.007 -10"><span class='ocrx_word' id='word_1_305' title='bbox 503 4057 585 4100; x_wconf 89' lang='lat' dir='ltr'><strong>ter</strong></span> <span class='ocrx_word' id='word_1_306' title='bbox 615 4041 733 4098; x_wconf 84' lang='lat' dir='ltr'><strong>Filii</strong></span> <span class='ocrx_word' id='word_1_307' title='bbox 771 4042 852 4096; x_wconf 89' lang='lat' dir='ltr'><strong>sui</strong></span> <span class='ocrx_word' id='word_1_308' title='bbox 884 4039 1188 4110; x_wconf 73' lang='lat' dir='ltr'><strong>unigeniti?</strong></span> <span class='ocrx_word' id='word_1_309' title='bbox 1220 4038 1374 4108; x_wconf 91' lang='lat' dir='ltr'><strong>quasi</strong></span> <span class='ocrx_word' id='word_1_310' title='bbox 1409 4052 1512 4090; x_wconf 91' lang='lat' dir='ltr'><strong>non</strong></span> <span class='ocrx_word' id='word_1_311' title='bbox 1542 4033 1810 4090; x_wconf 71' lang='lat' dir='ltr'><strong>sulliceret</strong></span> <span class='ocrx_word' id='word_1_312' title='bbox 1837 4036 1889 4089; x_wconf 94' lang='lat' dir='ltr'><strong>in</strong></span> <span class='ocrx_word' id='word_1_313' title='bbox 1928 4035 2064 4089; x_wconf 79' lang='lat' dir='ltr'><strong>dile-</strong></span> 
     </span>
    </p>
   </div>
   <div class='ocr_carea' id='block_1_46' title="bbox 499 4127 2062 4201">
    <p class='ocr_par' dir='ltr' id='par_1_46' title="bbox 499 4127 2062 4201">
     <span class='ocr_line' id='line_1_46' title="bbox 499 4127 2062 4201; baseline -0.007 -10"><span class='ocrx_word' id='word_1_314' title='bbox 499 4136 572 4191; x_wconf 84' lang='lat' dir='ltr'><strong>cti</strong></span> <span class='ocrx_word' id='word_1_315' title='bbox 603 4135 686 4190; x_wconf 87' lang='lat' dir='ltr'><strong>sui</strong></span> <span class='ocrx_word' id='word_1_316' title='bbox 711 4133 1077 4188; x_wconf 82' lang='lat' dir='ltr'><strong>testimonium</strong></span> <span class='ocrx_word' id='word_1_317' title='bbox 1115 4141 1337 4201; x_wconf 89' lang='lat' dir='ltr'><strong>paterna</strong></span> <span class='ocrx_word' id='word_1_318' title='bbox 1370 4129 1458 4182; x_wconf 88' lang='lat' dir='ltr'><strong>illa</strong></span> <span class='ocrx_word' id='word_1_319' title='bbox 1490 4143 1617 4193; x_wconf 77' lang='lat' dir='ltr'><strong>vox,</strong></span> <span class='ocrx_word' id='word_1_320' title='bbox 1650 4143 1812 4197; x_wconf 81' lang='lat' dir='ltr'><strong>quam</strong></span> <span class='ocrx_word' id='word_1_321' title='bbox 1835 4128 1901 4183; x_wconf 92' lang='lat' dir='ltr'><strong>de</strong></span> <span class='ocrx_word' id='word_1_322' title='bbox 1924 4127 2062 4182; x_wconf 69' lang='lat' dir='ltr'><strong>cosio</strong></span> 
     </span>
    </p>
   </div>
   <div class='ocr_carea' id='block_1_47' title="bbox 499 4220 2060 4299">
    <p class='ocr_par' dir='ltr' id='par_1_47' title="bbox 499 4220 2060 4299">
     <span class='ocr_line' id='line_1_47' title="bbox 499 4220 2060 4299; baseline -0.005 -17"><span class='ocrx_word' id='word_1_323' title='bbox 499 4226 856 4299; x_wconf 82' lang='lat' dir='ltr'><strong>promulgavit</strong></span> <span class='ocrx_word' id='word_1_324' title='bbox 885 4226 1090 4290; x_wconf 89' lang='lat' dir='ltr'><strong>dicens,</strong></span> <span class='ocrx_word' id='word_1_325' title='bbox 1120 4223 1220 4277; x_wconf 83' lang='lat' dir='ltr'><strong>Hic</strong></span> <span class='ocrx_word' id='word_1_326' title='bbox 1248 4231 1324 4277; x_wconf 76' lang='lat' dir='ltr'><strong>est</strong></span> <span class='ocrx_word' id='word_1_327' title='bbox 1359 4221 1534 4276; x_wconf 77' lang='lat' dir='ltr'><strong>Filius</strong></span> <span class='ocrx_word' id='word_1_328' title='bbox 1563 4238 1706 4276; x_wconf 65' lang='lat' dir='ltr'><strong>mw:</strong></span> <span class='ocrx_word' id='word_1_329' title='bbox 1736 4220 1981 4284; x_wconf 82' lang='lat' dir='ltr'><strong>dilectus,</strong></span> <span class='ocrx_word' id='word_1_330' title='bbox 2004 4221 2060 4274; x_wconf 82' lang='lat' dir='ltr'><strong>in</strong></span> 
     </span>
    </p>
   </div>
   <div class='ocr_carea' id='block_1_48' title="bbox 497 4311 2054 4388">
    <p class='ocr_par' dir='ltr' id='par_1_48' title="bbox 497 4311 2054 4388">
     <span class='ocr_line' id='line_1_48' title="bbox 497 4311 2054 4388; baseline -0.007 -15"><span class='ocrx_word' id='word_1_331' title='bbox 497 4334 600 4388; x_wconf 83' lang='lat' dir='ltr'><strong>quo</strong></span> <span class='ocrx_word' id='word_1_332' title='bbox 638 4316 949 4385; x_wconf 78' lang='lat' dir='ltr'><strong>complacui,</strong></span> <span class='ocrx_word' id='word_1_333' title='bbox 984 4315 1152 4384; x_wconf 80' lang='lat' dir='ltr'><strong>ipsum</strong></span> <span class='ocrx_word' id='word_1_334' title='bbox 1183 4314 1362 4367; x_wconf 84' lang='lat' dir='ltr'><strong>audite</strong></span> <span class='ocrx_word' id='word_1_335' title='bbox 1385 4313 1453 4366; x_wconf 76' lang='lat'><strong>“.</strong></span> <span class='ocrx_word' id='word_1_336' title='bbox 1487 4312 1640 4379; x_wconf 83' lang='lat' dir='ltr'><strong>Quod</strong></span> <span class='ocrx_word' id='word_1_337' title='bbox 1669 4313 1712 4366; x_wconf 78' lang='lat' dir='ltr'><strong>si</strong></span> <span class='ocrx_word' id='word_1_338' title='bbox 1759 4311 2054 4380; x_wconf 67' lang='lat' dir='ltr'><strong>praecipiat,</strong></span> 
     </span>
    </p>
   </div>
   <div class='ocr_carea' id='block_1_49' title="bbox 2149 431 3718 511">
    <p class='ocr_par' dir='ltr' id='par_1_49' title="bbox 2149 431 3718 511">
     <span class='ocr_line' id='line_1_49' title="bbox 2149 431 3718 511; baseline -0.006 -16"><span class='ocrx_word' id='word_1_339' title='bbox 2149 459 2283 511; x_wconf 83' lang='grc' dir='ltr'>γοις,</span> <span class='ocrx_word' id='word_1_340' title='bbox 2313 441 2454 494; x_wconf 75' lang='grc' dir='ltr'>οὕτω</span> <span class='ocrx_word' id='word_1_341' title='bbox 2485 441 2579 493; x_wconf 73' lang='grc' dir='ltr'>καὶ</span> <span class='ocrx_word' id='word_1_342' title='bbox 2620 439 2752 491; x_wconf 77' lang='grc' dir='ltr'>πολὺ</span> <span class='ocrx_word' id='word_1_343' title='bbox 2787 437 2944 490; x_wconf 81' lang='grc' dir='ltr'><strong>πλέον</strong></span> <span class='ocrx_word' id='word_1_344' title='bbox 2992 437 3025 507; x_wconf 87' lang='grc' dir='ltr'>ἡ</span> <span class='ocrx_word' id='word_1_345' title='bbox 3061 433 3152 488; x_wconf 79' lang='grc' dir='ltr'>τοῦ</span> <span class='ocrx_word' id='word_1_346' title='bbox 3184 432 3517 500; x_wconf 84' lang='grc' dir='ltr'>Μονογενοῦς</span> <span class='ocrx_word' id='word_1_347' title='bbox 3551 431 3718 485; x_wconf 79' lang='grc' dir='ltr'>αὑτοῦ</span> 
     </span>
    </p>
   </div>
   <div class='ocr_carea' id='block_1_50' title="bbox 2148 525 3718 605">
    <p class='ocr_par' dir='ltr' id='par_1_50' title="bbox 2148 525 3718 605">
     <span class='ocr_line' id='line_1_50' title="bbox 2148 525 3718 605; baseline -0.006 -17"><span class='ocrx_word' id='word_1_348' title='bbox 2148 534 2398 605; x_wconf 77' lang='grc' dir='ltr'>γέννησις</span> <span class='ocrx_word' id='word_1_349' title='bbox 2424 531 2834 604; x_wconf 83' lang='grc' dir='ltr'>ἀνεξερεύνητος</span> <span class='ocrx_word' id='word_1_350' title='bbox 2855 531 2946 584; x_wconf 71' lang='grc' dir='ltr'>καὶ</span> <span class='ocrx_word' id='word_1_351' title='bbox 2979 527 3373 598; x_wconf 76' lang='grc' dir='ltr'>ἀνεξιχνίαστος</span> <span class='ocrx_word' id='word_1_352' title='bbox 3397 525 3461 579; x_wconf 76' lang='grc' dir='ltr'><strong>ἂν</strong></span> <span class='ocrx_word' id='word_1_353' title='bbox 3488 526 3595 596; x_wconf 72' lang='grc' dir='ltr'>εἴη,</span> <span class='ocrx_word' id='word_1_354' title='bbox 3622 525 3718 596; x_wconf 70' lang='grc' dir='ltr'>οὐ)</span> 
     </span>
    </p>
   </div>
   <div class='ocr_carea' id='block_1_51' title="bbox 2149 615 3727 695">
    <p class='ocr_par' dir='ltr' id='par_1_51' title="bbox 2149 615 3727 695">
     <span class='ocr_line' id='line_1_51' title="bbox 2149 615 3727 695; baseline -0.008 -17"><span class='ocrx_word' id='word_1_355' title='bbox 2149 627 2299 695; x_wconf 80' lang='grc' dir='ltr'>ἡμῖν,</span> <span class='ocrx_word' id='word_1_356' title='bbox 2327 623 2401 686; x_wconf 85' lang='grc' dir='ltr'>ὡς</span> <span class='ocrx_word' id='word_1_357' title='bbox 2427 623 2492 676; x_wconf 86' lang='grc' dir='ltr'><strong>ἂν</strong></span> <span class='ocrx_word' id='word_1_358' title='bbox 2525 621 2656 692; x_wconf 84' lang='grc' dir='ltr'><strong>φαίη</strong></span> <span class='ocrx_word' id='word_1_359' title='bbox 2686 638 2789 683; x_wconf 84' lang='grc' dir='ltr'>τις,</span> <span class='ocrx_word' id='word_1_360' title='bbox 2838 621 3036 690; x_wconf 83' lang='grc' dir='ltr'>μόνοις,</span> <span class='ocrx_word' id='word_1_361' title='bbox 3079 616 3213 671; x_wconf 79' lang='grc' dir='ltr'><strong>ἀλὶά</strong></span> <span class='ocrx_word' id='word_1_362' title='bbox 3241 616 3335 669; x_wconf 72' lang='grc' dir='ltr'><strong>καὶ</strong></span> <span class='ocrx_word' id='word_1_363' title='bbox 3373 615 3573 677; x_wconf 79' lang='grc' dir='ltr'><strong>πάσαις</strong></span> <span class='ocrx_word' id='word_1_364' title='bbox 3600 617 3727 677; x_wconf 87' lang='grc' dir='ltr'>ταῖς</span> 
     </span>
    </p>
   </div>
   <div class='ocr_carea' id='block_1_52' title="bbox 2150 704 3724 785">
    <p class='ocr_par' dir='ltr' id='par_1_52' title="bbox 2150 704 3724 785">
     <span class='ocr_line' id='line_1_52' title="bbox 2150 704 3724 785; baseline -0.007 -18"><span class='ocrx_word' id='word_1_365' title='bbox 2150 715 2447 785; x_wconf 78' lang='grc' dir='ltr'>κρείττοσιν</span> <span class='ocrx_word' id='word_1_366' title='bbox 2474 713 2506 783; x_wconf 79' lang='grc' dir='ltr'>ἢ</span> <span class='ocrx_word' id='word_1_367' title='bbox 2538 712 2656 766; x_wconf 81' lang='grc' dir='ltr'>καθ’</span> <span class='ocrx_word' id='word_1_368' title='bbox 2683 711 2828 781; x_wconf 84' lang='grc' dir='ltr'>ἡμᾶς</span> <span class='ocrx_word' id='word_1_369' title='bbox 2856 710 3137 780; x_wconf 82' lang='grc' dir='ltr'>δυνάμεσι.</span> <span class='ocrx_word' id='word_1_370' title='bbox 3169 706 3248 759; x_wconf 92' lang='grc' dir='ltr'><strong>Τά</strong></span> <span class='ocrx_word' id='word_1_371' title='bbox 3271 707 3378 778; x_wconf 82' lang='grc' dir='ltr'>γὰρ</span> <span class='ocrx_word' id='word_1_372' title='bbox 3405 704 3599 776; x_wconf 83' lang='grc' dir='ltr'>μακρῷ</span> <span class='ocrx_word' id='word_1_373' title='bbox 3622 705 3724 775; x_wconf 72' lang='grc' dir='ltr'>τὴν</span> 
     </span>
    </p>
   </div>
   <div class='ocr_carea' id='block_1_53' title="bbox 2150 796 3727 874">
    <p class='ocr_par' dir='ltr' id='par_1_53' title="bbox 2150 796 3727 874">
     <span class='ocr_line' id='line_1_53' title="bbox 2150 796 3727 874; baseline -0.008 -16"><span class='ocrx_word' id='word_1_374' title='bbox 2150 807 2309 874; x_wconf 80' lang='grc' dir='ltr'>φύσιν</span> <span class='ocrx_word' id='word_1_375' title='bbox 2343 801 2736 874; x_wconf 76' lang='grc' dir='ltr'>ὑποϐεϐηκότα,</span> <span class='ocrx_word' id='word_1_376' title='bbox 2793 801 2941 854; x_wconf 84' lang='grc' dir='ltr'>κάτω</span> <span class='ocrx_word' id='word_1_377' title='bbox 2985 817 3042 852; x_wconf 90' lang='grc' dir='ltr'><strong>τε</strong></span> <span class='ocrx_word' id='word_1_378' title='bbox 3089 800 3181 852; x_wconf 69' lang='grc' dir='ltr'>καὶ</span> <span class='ocrx_word' id='word_1_379' title='bbox 3233 796 3566 868; x_wconf 72' lang='grc' dir='ltr'>πορρωτάτω</span> <span class='ocrx_word' id='word_1_380' title='bbox 3623 797 3727 866; x_wconf 80' lang='grc' dir='ltr'>τῆς</span> 
     </span>
    </p>
   </div>
   <div class='ocr_carea' id='block_1_54' title="bbox 2150 887 3726 971">
    <p class='ocr_par' dir='ltr' id='par_1_54' title="bbox 2150 887 3726 971">
     <span class='ocr_line' id='line_1_54' title="bbox 2150 887 3726 971; baseline -0.008 -19"><span class='ocrx_word' id='word_1_381' title='bbox 2150 901 2386 971; x_wconf 72' lang='grc' dir='ltr'>ἀρρήτου</span> <span class='ocrx_word' id='word_1_382' title='bbox 2426 898 2516 950; x_wconf 67' lang='grc' dir='ltr'><strong>καὶ</strong></span> <span class='ocrx_word' id='word_1_383' title='bbox 2543 896 2730 965; x_wconf 81' lang='grc' dir='ltr'>θεῖκῆς</span> <span class='ocrx_word' id='word_1_384' title='bbox 2768 891 3080 947; x_wconf 83' lang='grc' dir='ltr'>καθεστῶτα</span> <span class='ocrx_word' id='word_1_385' title='bbox 3109 891 3313 954; x_wconf 81' lang='grc' dir='ltr'>οὐσίας,</span> <span class='ocrx_word' id='word_1_386' title='bbox 3359 889 3475 950; x_wconf 83' lang='grc' dir='ltr'><strong>πῶς</strong></span> <span class='ocrx_word' id='word_1_387' title='bbox 3511 887 3577 941; x_wconf 83' lang='grc' dir='ltr'><strong>ἂν</strong></span> <span class='ocrx_word' id='word_1_388' title='bbox 3603 887 3726 955; x_wconf 65' lang='grc' dir='ltr'>ἐνρί-</span> 
     </span>
    </p>
   </div>
   <div class='ocr_carea' id='block_1_55' title="bbox 2153 978 3728 1058">
    <p class='ocr_par' dir='ltr' id='par_1_55' title="bbox 2153 978 3728 1058">
     <span class='ocr_line' id='line_1_55' title="bbox 2153 978 3728 1058; baseline -0.008 -16"><span class='ocrx_word' id='word_1_389' title='bbox 2153 1007 2298 1043; x_wconf 85' lang='grc' dir='ltr'>κοιτο</span> <span class='ocrx_word' id='word_1_390' title='bbox 2324 989 2424 1058; x_wconf 80' lang='grc' dir='ltr'><strong>τῆς</strong></span> <span class='ocrx_word' id='word_1_391' title='bbox 2462 987 2714 1040; x_wconf 80' lang='grc' dir='ltr'>ἐπέκεινα</span> <span class='ocrx_word' id='word_1_392' title='bbox 2747 986 2841 1039; x_wconf 70' lang='grc' dir='ltr'>καὶ</span> <span class='ocrx_word' id='word_1_393' title='bbox 2873 984 3130 1037; x_wconf 79' lang='grc' dir='ltr'><strong>ἀνωτάτω</strong></span> <span class='ocrx_word' id='word_1_394' title='bbox 3171 979 3554 1051; x_wconf 52' lang='grc' dir='ltr'>καταλήψεως</span> <span class='ocrx_word' id='word_1_395' title='bbox 3599 978 3728 1041; x_wconf 84' lang='grc' dir='ltr'><strong>Πῶς</strong></span> 
     </span>
    </p>
   </div>
   <div class='ocr_carea' id='block_1_56' title="bbox 2151 1069 3730 1150">
    <p class='ocr_par' dir='ltr' id='par_1_56' title="bbox 2151 1069 3730 1150">
     <span class='ocr_line' id='line_1_56' title="bbox 2151 1069 3730 1150; baseline -0.008 -15"><span class='ocrx_word' id='word_1_396' title='bbox 2151 1081 2193 1134; x_wconf 82' lang='grc' dir='ltr'>δ’</span> <span class='ocrx_word' id='word_1_397' title='bbox 2222 1081 2287 1135; x_wconf 85' lang='grc' dir='ltr'>ἂν</span> <span class='ocrx_word' id='word_1_398' title='bbox 2307 1080 2372 1133; x_wconf 81' lang='grc' dir='ltr'><strong>τά</strong></span> <span class='ocrx_word' id='word_1_399' title='bbox 2404 1079 2478 1150; x_wconf 84' lang='grc' dir='ltr'>μὴ</span> <span class='ocrx_word' id='word_1_400' title='bbox 2505 1079 2630 1132; x_wconf 77' lang='grc' dir='ltr'>ὄντα</span> <span class='ocrx_word' id='word_1_401' title='bbox 2655 1077 2932 1146; x_wconf 85' lang='grc' dir='ltr'>πρότερον,</span> <span class='ocrx_word' id='word_1_402' title='bbox 2957 1075 3022 1128; x_wconf 79' lang='grc' dir='ltr'>δι’</span> <span class='ocrx_word' id='word_1_403' title='bbox 3051 1072 3214 1126; x_wconf 79' lang='grc' dir='ltr'>αὑτοῦ</span> <span class='ocrx_word' id='word_1_404' title='bbox 3249 1073 3294 1125; x_wconf 80' lang='grc' dir='ltr'>δ’</span> <span class='ocrx_word' id='word_1_405' title='bbox 3325 1073 3387 1125; x_wconf 80' lang='grc' dir='ltr'><strong>ἐκ</strong></span> <span class='ocrx_word' id='word_1_406' title='bbox 3412 1070 3508 1124; x_wconf 79' lang='grc' dir='ltr'>τοῦ</span> <span class='ocrx_word' id='word_1_407' title='bbox 3540 1071 3616 1141; x_wconf 79' lang='grc' dir='ltr'>μὴ</span> <span class='ocrx_word' id='word_1_408' title='bbox 3638 1069 3730 1123; x_wconf 76' lang='grc' dir='ltr'><strong>ιν-</strong></span> 
     </span>
    </p>
   </div>
   <div class='ocr_carea' id='block_1_57' title="bbox 2151 1163 3730 1240">
    <p class='ocr_par' dir='ltr' id='par_1_57' title="bbox 2151 1163 3730 1240">
     <span class='ocr_line' id='line_1_57' title="bbox 2151 1163 3730 1240; baseline -0.007 -15"><span class='ocrx_word' id='word_1_409' title='bbox 2151 1190 2240 1236; x_wconf 86' lang='grc' dir='ltr'><strong>τος</strong></span> <span class='ocrx_word' id='word_1_410' title='bbox 2275 1174 2352 1236; x_wconf 81' lang='grc' dir='ltr'><strong>είς</strong></span> <span class='ocrx_word' id='word_1_411' title='bbox 2383 1171 2443 1224; x_wconf 83' lang='grc' dir='ltr'><strong>τὸ</strong></span> <span class='ocrx_word' id='word_1_412' title='bbox 2477 1166 2613 1223; x_wconf 81' lang='grc' dir='ltr'>εἶναι</span> <span class='ocrx_word' id='word_1_413' title='bbox 2656 1169 3013 1240; x_wconf 82' lang='grc' dir='ltr'>προαχθέντα,</span> <span class='ocrx_word' id='word_1_414' title='bbox 3048 1165 3141 1218; x_wconf 78' lang='grc' dir='ltr'>τοῦ</span> <span class='ocrx_word' id='word_1_415' title='bbox 3183 1163 3613 1234; x_wconf 86' lang='grc' dir='ltr'>παραγαγόντος,</span> <span class='ocrx_word' id='word_1_416' title='bbox 3647 1165 3730 1215; x_wconf 72' lang='lat' dir='ltr'><strong>ai-</strong></span> 
     </span>
    </p>
   </div>
   <div class='ocr_carea' id='block_1_58' title="bbox 2152 1253 3726 1332">
    <p class='ocr_par' dir='ltr' id='par_1_58' title="bbox 2152 1253 3726 1332">
     <span class='ocr_line' id='line_1_58' title="bbox 2152 1253 3726 1332; baseline -0.007 -15"><span class='ocrx_word' id='word_1_417' title='bbox 2152 1265 2262 1317; x_wconf 88' lang='grc' dir='ltr'>τίου</span> <span class='ocrx_word' id='word_1_418' title='bbox 2293 1280 2352 1316; x_wconf 89' lang='grc' dir='ltr'><strong>τε</strong></span> <span class='ocrx_word' id='word_1_419' title='bbox 2384 1263 2561 1326; x_wconf 76' lang='grc' dir='ltr'>αὐτοῖς</span> <span class='ocrx_word' id='word_1_420' title='bbox 2592 1262 2688 1332; x_wconf 76' lang='grc' dir='ltr'><strong>τῆς</strong></span> <span class='ocrx_word' id='word_1_421' title='bbox 2713 1259 2994 1331; x_wconf 80' lang='grc' dir='ltr'>ὑπάρξεως</span> <span class='ocrx_word' id='word_1_422' title='bbox 3017 1255 3325 1328; x_wconf 87' lang='grc' dir='ltr'>γενομένου,</span> <span class='ocrx_word' id='word_1_423' title='bbox 3360 1253 3510 1326; x_wconf 81' lang='grc' dir='ltr'>σχοίη</span> <span class='ocrx_word' id='word_1_424' title='bbox 3542 1255 3607 1308; x_wconf 81' lang='grc' dir='ltr'><strong>ἀν</strong></span> <span class='ocrx_word' id='word_1_425' title='bbox 3637 1270 3726 1316; x_wconf 84' lang='grc' dir='ltr'><strong>τις</strong></span> 
     </span>
    </p>
   </div>
   <div class='ocr_carea' id='block_1_59' title="bbox 2154 1344 3724 1427">
    <p class='ocr_par' dir='ltr' id='par_1_59' title="bbox 2154 1344 3724 1427">
     <span class='ocr_line' id='line_1_59' title="bbox 2154 1344 3724 1427; baseline -0.009 -18"><span class='ocrx_word' id='word_1_426' title='bbox 2154 1355 2259 1427; x_wconf 79' lang='grc' dir='ltr'><strong>πρὸ</strong></span> <span class='ocrx_word' id='word_1_427' title='bbox 2299 1355 2400 1424; x_wconf 80' lang='grc' dir='ltr'>τῆς</span> <span class='ocrx_word' id='word_1_428' title='bbox 2429 1355 2693 1423; x_wconf 76' lang='grc' dir='ltr'>γενέσεως</span> <span class='ocrx_word' id='word_1_429' title='bbox 2743 1351 2840 1420; x_wconf 73' lang='grc' dir='ltr'><strong>τὴν</strong></span> <span class='ocrx_word' id='word_1_430' title='bbox 2896 1350 3128 1418; x_wconf 76' lang='grc' dir='ltr'>γνῶσινς</span> <span class='ocrx_word' id='word_1_431' title='bbox 3178 1349 3355 1399; x_wconf 86' lang='grc' dir='ltr'>Ἥπου</span> <span class='ocrx_word' id='word_1_432' title='bbox 3390 1362 3452 1413; x_wconf 91' lang='grc' dir='ltr'><strong>γε</strong></span> <span class='ocrx_word' id='word_1_433' title='bbox 3485 1345 3643 1416; x_wconf 82' lang='grc' dir='ltr'><strong>ἡμεῖς</strong></span> <span class='ocrx_word' id='word_1_434' title='bbox 3673 1344 3724 1396; x_wconf 70' lang='lat' dir='ltr'><strong>oi</strong></span> 
     </span>
    </p>
   </div>
   <div class='ocr_carea' id='block_1_60' title="bbox 2153 1433 3728 1516">
    <p class='ocr_par' dir='ltr' id='par_1_60' title="bbox 2153 1433 3728 1516">
     <span class='ocr_line' id='line_1_60' title="bbox 2153 1433 3728 1516; baseline -0.008 -19"><span class='ocrx_word' id='word_1_435' title='bbox 2153 1444 2347 1516; x_wconf 75' lang='grc' dir='ltr'>χθιζοὶ,</span> <span class='ocrx_word' id='word_1_436' title='bbox 2394 1443 2567 1514; x_wconf 85' lang='grc' dir='ltr'>δέρμα</span> <span class='ocrx_word' id='word_1_437' title='bbox 2615 1443 2706 1495; x_wconf 74' lang='grc' dir='ltr'><strong>καὶ</strong></span> <span class='ocrx_word' id='word_1_438' title='bbox 2761 1439 2930 1512; x_wconf 85' lang='grc' dir='ltr'>κρέας</span> <span class='ocrx_word' id='word_1_439' title='bbox 2968 1435 3338 1507; x_wconf 83' lang='grc' dir='ltr'>ἐνδεδυμένοι·</span> <span class='ocrx_word' id='word_1_440' title='bbox 3388 1434 3594 1496; x_wconf 80' lang='grc' dir='ltr'><strong>ὀστέοις</strong></span> <span class='ocrx_word' id='word_1_441' title='bbox 3628 1433 3728 1486; x_wconf 75' lang='grc' dir='ltr'>καὶ</span> 
     </span>
    </p>
   </div>
   <div class='ocr_carea' id='block_1_61' title="bbox 2153 1525 3724 1605">
    <p class='ocr_par' dir='ltr' id='par_1_61' title="bbox 2153 1525 3724 1605">
     <span class='ocr_line' id='line_1_61' title="bbox 2153 1525 3724 1605; baseline -0.008 -15"><span class='ocrx_word' id='word_1_442' title='bbox 2153 1536 2364 1605; x_wconf 82' lang='grc' dir='ltr'>νεύροις</span> <span class='ocrx_word' id='word_1_443' title='bbox 2402 1534 2719 1604; x_wconf 85' lang='grc' dir='ltr'>ἐνειρμὲνοι,</span> <span class='ocrx_word' id='word_1_444' title='bbox 2780 1531 2872 1584; x_wconf 77' lang='grc' dir='ltr'><strong>καὶ</strong></span> <span class='ocrx_word' id='word_1_445' title='bbox 2912 1530 3043 1600; x_wconf 83' lang='grc' dir='ltr'>μηδὲ</span> <span class='ocrx_word' id='word_1_446' title='bbox 3075 1528 3143 1581; x_wconf 79' lang='grc' dir='ltr'><strong>τὰ</strong></span> <span class='ocrx_word' id='word_1_447' title='bbox 3175 1528 3295 1581; x_wconf 82' lang='grc' dir='ltr'>καθ’</span> <span class='ocrx_word' id='word_1_448' title='bbox 3327 1527 3472 1598; x_wconf 80' lang='grc' dir='ltr'>ἡμᾶς</span> <span class='ocrx_word' id='word_1_449' title='bbox 3505 1525 3724 1588; x_wconf 83' lang='grc' dir='ltr'>εἰδότες,</span> 
     </span>
    </p>
   </div>
   <div class='ocr_carea' id='block_1_62' title="bbox 2154 1616 3732 1698">
    <p class='ocr_par' dir='ltr' id='par_1_62' title="bbox 2154 1616 3732 1698">
     <span class='ocr_line' id='line_1_62' title="bbox 2154 1616 3732 1698; baseline -0.008 -18"><span class='ocrx_word' id='word_1_450' title='bbox 2154 1629 2252 1698; x_wconf 78' lang='grc' dir='ltr'><strong>τὴν</strong></span> <span class='ocrx_word' id='word_1_451' title='bbox 2289 1625 2414 1697; x_wconf 79' lang='grc' dir='ltr'>περὶ</span> <span class='ocrx_word' id='word_1_452' title='bbox 2453 1625 2558 1678; x_wconf 85' lang='grc' dir='ltr'>τῶν</span> <span class='ocrx_word' id='word_1_453' title='bbox 2589 1625 2842 1695; x_wconf 74' lang='grc' dir='ltr'>ἀρρήτων</span> <span class='ocrx_word' id='word_1_454' title='bbox 2871 1621 3149 1676; x_wconf 85' lang='grc' dir='ltr'>ἀκίνδυνον</span> <span class='ocrx_word' id='word_1_455' title='bbox 3192 1616 3530 1689; x_wconf 80' lang='grc' dir='ltr'>ποιησόμεθα</span> <span class='ocrx_word' id='word_1_456' title='bbox 3562 1617 3732 1688; x_wconf 81' lang='grc' dir='ltr'>ζήτη-</span> 
     </span>
    </p>
   </div>
   <div class='ocr_carea' id='block_1_63' title="bbox 970 1709 2055 1815">
    <p class='ocr_par' dir='ltr' id='par_1_63' title="bbox 970 1735 2048 1815">
     <span class='ocr_line' id='line_1_63' title="bbox 970 1735 2048 1815; baseline -0.011 -15"><span class='ocrx_word' id='word_1_457' title='bbox 970 1760 1086 1815; x_wconf 75' lang='lat' dir='ltr'><strong>qutn</strong></span> <span class='ocrx_word' id='word_1_458' title='bbox 1133 1744 1261 1800; x_wconf 89' lang='lat' dir='ltr'><strong>olim</strong></span> <span class='ocrx_word' id='word_1_459' title='bbox 1311 1742 1532 1796; x_wconf 85' lang='lat' dir='ltr'><strong>omnino</strong></span> <span class='ocrx_word' id='word_1_460' title='bbox 1587 1755 1692 1794; x_wconf 89' lang='lat' dir='ltr'><strong>non</strong></span> <span class='ocrx_word' id='word_1_461' title='bbox 1742 1735 2048 1799; x_wconf 80' lang='lat' dir='ltr'><strong>exstabant,</strong></span> 
     </span>
    </p>
   </div>
   <div class='ocr_carea' id='block_1_64' title="bbox 2155 1709 3731 1815">
    <p class='ocr_par' dir='ltr' id='par_1_64' title="bbox 2157 1709 3731 1786">
     <span class='ocr_line' id='line_1_64' title="bbox 2157 1709 3731 1786; baseline -0.007 -14"><span class='ocrx_word' id='word_1_462' title='bbox 2157 1735 2270 1784; x_wconf 88' lang='grc' dir='ltr'>σιν;</span> <span class='ocrx_word' id='word_1_463' title='bbox 2297 1719 2414 1782; x_wconf 85' lang='grc' dir='ltr'><strong>πῶς</strong></span> <span class='ocrx_word' id='word_1_464' title='bbox 2449 1718 2636 1786; x_wconf 79' lang='grc' dir='ltr'>ἐγέννα</span> <span class='ocrx_word' id='word_1_465' title='bbox 2668 1717 2757 1768; x_wconf 73' lang='grc' dir='ltr'><strong>τὸν</strong></span> <span class='ocrx_word' id='word_1_466' title='bbox 2784 1714 2909 1767; x_wconf 79' lang='grc' dir='ltr'>Υίὸν</span> <span class='ocrx_word' id='word_1_467' title='bbox 2936 1714 2964 1766; x_wconf 85' lang='grc' dir='ltr'><strong>ό</strong></span> <span class='ocrx_word' id='word_1_468' title='bbox 2989 1713 3178 1784; x_wconf 83' lang='grc' dir='ltr'>Πατὴρ</span> <span class='ocrx_word' id='word_1_469' title='bbox 3211 1709 3731 1782; x_wconf 79' lang='grc' dir='ltr'>πολυπραγμονοῦν-</span> 
     </span>
    </p>
   </div>
   <div class='ocr_carea' id='block_1_65' title="bbox 2154 1799 3730 1877">
    <p class='ocr_par' dir='ltr' id='par_1_65' title="bbox 2154 1799 3730 1877">
     <span class='ocr_line' id='line_1_65' title="bbox 2154 1799 3730 1877; baseline -0.008 -14"><span class='ocrx_word' id='word_1_470' title='bbox 2154 1826 2263 1874; x_wconf 87' lang='grc' dir='ltr'>τες.</span> <span class='ocrx_word' id='word_1_471' title='bbox 2293 1811 2411 1861; x_wconf 90' lang='grc' dir='ltr'>Ὅτι</span> <span class='ocrx_word' id='word_1_472' title='bbox 2437 1809 2492 1860; x_wconf 77' lang='grc' dir='ltr'>δὲ</span> <span class='ocrx_word' id='word_1_473' title='bbox 2513 1807 2606 1860; x_wconf 74' lang='grc' dir='ltr'>καὶ</span> <span class='ocrx_word' id='word_1_474' title='bbox 2633 1806 2738 1859; x_wconf 87' lang='grc' dir='ltr'><strong>τῶν</strong></span> <span class='ocrx_word' id='word_1_475' title='bbox 2768 1803 2920 1877; x_wconf 87' lang='grc' dir='ltr'><strong>παρά</strong></span> <span class='ocrx_word' id='word_1_476' title='bbox 2942 1803 3106 1866; x_wconf 84' lang='grc' dir='ltr'>πόδας</span> <span class='ocrx_word' id='word_1_477' title='bbox 3136 1800 3302 1873; x_wconf 82' lang='grc' dir='ltr'>μυρία</span> <span class='ocrx_word' id='word_1_478' title='bbox 3326 1800 3423 1871; x_wconf 81' lang='grc' dir='ltr'>τὴν</span> <span class='ocrx_word' id='word_1_479' title='bbox 3451 1799 3730 1870; x_wconf 78' lang='grc' dir='ltr'>ἡμετέραν</span> 
     </span>
    </p>
   </div>
   <div class='ocr_carea' id='block_1_66' title="bbox 2152 1889 3732 1971">
    <p class='ocr_par' dir='ltr' id='par_1_66' title="bbox 2152 1889 3732 1971">
     <span class='ocr_line' id='line_1_66' title="bbox 2152 1889 3732 1971; baseline -0.006 -18"><span class='ocrx_word' id='word_1_480' title='bbox 2152 1899 2512 1971; x_wconf 75' lang='grc' dir='ltr'>διαδιδράσκει</span> <span class='ocrx_word' id='word_1_481' title='bbox 2544 1897 2742 1966; x_wconf 81' lang='grc' dir='ltr'>γνῶσιν</span> <span class='ocrx_word' id='word_1_482' title='bbox 2769 1895 2924 1966; x_wconf 76' lang='grc' dir='ltr'>δῆλον</span> <span class='ocrx_word' id='word_1_483' title='bbox 2951 1892 3016 1947; x_wconf 86' lang='grc' dir='ltr'><strong>ἂν</strong></span> <span class='ocrx_word' id='word_1_484' title='bbox 3044 1892 3129 1963; x_wconf 80' lang='grc' dir='ltr'><strong>εἴη</strong></span> <span class='ocrx_word' id='word_1_485' title='bbox 3158 1891 3386 1945; x_wconf 85' lang='grc' dir='ltr'>ἐνθένδε.</span> <span class='ocrx_word' id='word_1_486' title='bbox 3411 1889 3508 1951; x_wconf 85' lang='grc' dir='ltr'><strong>Τίς</strong></span> <span class='ocrx_word' id='word_1_487' title='bbox 3533 1889 3642 1963; x_wconf 85' lang='grc' dir='ltr'>γὰρ</span> <span class='ocrx_word' id='word_1_488' title='bbox 3661 1889 3732 1944; x_wconf 76' lang='grc' dir='ltr'><strong>ἂν</strong></span> 
     </span>
    </p>
   </div>
   <div class='ocr_carea' id='block_1_67' title="bbox 2153 1979 3732 2055">
    <p class='ocr_par' dir='ltr' id='par_1_67' title="bbox 2153 1979 3732 2055">
     <span class='ocr_line' id='line_1_67' title="bbox 2153 1979 3732 2055; baseline -0.004 -18"><span class='ocrx_word' id='word_1_489' title='bbox 2153 1987 2326 2037; x_wconf 77' lang='grc' dir='ltr'>εἰπεῖν</span> <span class='ocrx_word' id='word_1_490' title='bbox 2359 1985 2490 2055; x_wconf 76' lang='grc' dir='ltr'>ἔχοι,</span> <span class='ocrx_word' id='word_1_491' title='bbox 2529 1986 2644 2047; x_wconf 83' lang='grc' dir='ltr'><strong>πῶς</strong></span> <span class='ocrx_word' id='word_1_492' title='bbox 2666 1983 2979 2053; x_wconf 83' lang='grc' dir='ltr'>καθεῖρκται</span> <span class='ocrx_word' id='word_1_493' title='bbox 3006 1980 3084 2050; x_wconf 83' lang='grc' dir='ltr'>τῷ</span> <span class='ocrx_word' id='word_1_494' title='bbox 3111 1980 3320 2051; x_wconf 88' lang='grc' dir='ltr'>σώματι</span> <span class='ocrx_word' id='word_1_495' title='bbox 3353 1982 3387 2052; x_wconf 79' lang='grc' dir='ltr'>ὴ</span> <span class='ocrx_word' id='word_1_496' title='bbox 3411 1979 3578 2050; x_wconf 76' lang='grc' dir='ltr'>ψυχὴ,</span> <span class='ocrx_word' id='word_1_497' title='bbox 3613 1979 3732 2042; x_wconf 84' lang='grc' dir='ltr'><strong>πῶς</strong></span> 
     </span>
    </p>
   </div>
   <div class='ocr_carea' id='block_1_68' title="bbox 2153 2070 3732 2146">
    <p class='ocr_par' dir='ltr' id='par_1_68' title="bbox 2153 2070 3732 2146">
     <span class='ocr_line' id='line_1_68' title="bbox 2153 2070 3732 2146; baseline -0.003 -18"><span class='ocrx_word' id='word_1_498' title='bbox 2153 2076 2353 2143; x_wconf 75' lang='grc' dir='ltr'>ἕξεισις</span> <span class='ocrx_word' id='word_1_499' title='bbox 2400 2077 2516 2139; x_wconf 82' lang='grc' dir='ltr'><strong>πῶς</strong></span> <span class='ocrx_word' id='word_1_500' title='bbox 2539 2076 2595 2129; x_wconf 85' lang='grc' dir='ltr'>δὲ</span> <span class='ocrx_word' id='word_1_501' title='bbox 2621 2076 2718 2144; x_wconf 75' lang='grc' dir='ltr'>τὴν</span> <span class='ocrx_word' id='word_1_502' title='bbox 2759 2075 2930 2146; x_wconf 78' lang='grc' dir='ltr'>ἀρχὴν</span> <span class='ocrx_word' id='word_1_503' title='bbox 2964 2071 3279 2145; x_wconf 84' lang='grc' dir='ltr'>είσεκρίθη;</span> <span class='ocrx_word' id='word_1_504' title='bbox 3312 2072 3493 2125; x_wconf 81' lang='grc' dir='ltr'>ὁποῖον</span> <span class='ocrx_word' id='word_1_505' title='bbox 3531 2070 3589 2124; x_wconf 81' lang='grc' dir='ltr'>δὲ</span> <span class='ocrx_word' id='word_1_506' title='bbox 3627 2071 3732 2125; x_wconf 77' lang='grc' dir='ltr'>αύ-</span> 
     </span>
    </p>
   </div>
   <div class='ocr_carea' id='block_1_69' title="bbox 2153 2162 3733 2237">
    <p class='ocr_par' dir='ltr' id='par_1_69' title="bbox 2153 2162 3733 2237">
     <span class='ocr_line' id='line_1_69' title="bbox 2153 2162 3733 2237; baseline -0.013 -14"><span class='ocrx_word' id='word_1_507' title='bbox 2153 2167 2252 2237; x_wconf 80' lang='grc' dir='ltr'>τής</span> <span class='ocrx_word' id='word_1_508' title='bbox 2280 2167 2339 2220; x_wconf 83' lang='grc' dir='ltr'><strong>τὸ</strong></span> <span class='ocrx_word' id='word_1_509' title='bbox 2376 2164 2549 2232; x_wconf 72' lang='grc' dir='ltr'>εἶδος;</span> <span class='ocrx_word' id='word_1_510' title='bbox 2583 2166 2634 2219; x_wconf 88' lang='grc' dir='ltr'><strong>τί</strong></span> <span class='ocrx_word' id='word_1_511' title='bbox 2671 2167 2731 2219; x_wconf 85' lang='grc' dir='ltr'><strong>τὸ</strong></span> <span class='ocrx_word' id='word_1_512' title='bbox 2770 2166 2987 2235; x_wconf 56' lang='lat' dir='ltr'><strong>exmia;</strong></span> <span class='ocrx_word' id='word_1_513' title='bbox 3025 2163 3107 2227; x_wconf 88' lang='grc' dir='ltr'><strong>τίς</strong></span> <span class='ocrx_word' id='word_1_514' title='bbox 3146 2165 3179 2235; x_wconf 83' lang='grc' dir='ltr'>ἠ</span> <span class='ocrx_word' id='word_1_515' title='bbox 3223 2163 3436 2234; x_wconf 79' lang='grc' dir='ltr'>μορφή;</span> <span class='ocrx_word' id='word_1_516' title='bbox 3469 2162 3552 2227; x_wconf 79' lang='grc' dir='ltr'><strong>τίς</strong></span> <span class='ocrx_word' id='word_1_517' title='bbox 3585 2163 3733 2234; x_wconf 64' lang='grc' dir='ltr'><strong>ὴοὺ-</strong></span> 
     </span>
    </p>
   </div>
   <div class='ocr_carea' id='block_1_70' title="bbox 2156 2255 3734 2330">
    <p class='ocr_par' dir='ltr' id='par_1_70' title="bbox 2156 2255 3734 2330">
     <span class='ocr_line' id='line_1_70' title="bbox 2156 2255 3734 2330; baseline -0.002 -19"><span class='ocrx_word' id='word_1_518' title='bbox 2156 2258 2272 2324; x_wconf 88' lang='grc' dir='ltr'>σία;</span> <span class='ocrx_word' id='word_1_519' title='bbox 2308 2258 2473 2312; x_wconf 79' lang='grc' dir='ltr'>Οὔπω</span> <span class='ocrx_word' id='word_1_520' title='bbox 2508 2276 2597 2330; x_wconf 88' lang='grc' dir='ltr'><strong>μοι</strong></span> <span class='ocrx_word' id='word_1_521' title='bbox 2629 2255 2720 2311; x_wconf 74' lang='grc' dir='ltr'>τὸν</span> <span class='ocrx_word' id='word_1_522' title='bbox 2746 2260 2873 2327; x_wconf 78' lang='grc' dir='ltr'>περὶ</span> <span class='ocrx_word' id='word_1_523' title='bbox 2891 2255 3157 2327; x_wconf 80' lang='grc' dir='ltr'>δαιμόνων</span> <span class='ocrx_word' id='word_1_524' title='bbox 3190 2255 3299 2327; x_wconf 68' lang='grc'><strong>(45)</strong></span> <span class='ocrx_word' id='word_1_525' title='bbox 3333 2255 3529 2327; x_wconf 83' lang='grc' dir='ltr'>(λόγον)</span> <span class='ocrx_word' id='word_1_526' title='bbox 3563 2255 3734 2310; x_wconf 75' lang='grc' dir='ltr'>πολυ-</span> 
     </span>
    </p>
   </div>
   <div class='ocr_carea' id='block_1_71' title="bbox 2155 2345 3732 2419">
    <p class='ocr_par' dir='ltr' id='par_1_71' title="bbox 2155 2345 3732 2419">
     <span class='ocr_line' id='line_1_71' title="bbox 2155 2345 3732 2419; baseline -0.001 -19"><span class='ocrx_word' id='word_1_527' title='bbox 2155 2350 2506 2419; x_wconf 85' lang='grc' dir='ltr'>πραγμονεῖν,</span> <span class='ocrx_word' id='word_1_528' title='bbox 2543 2347 2603 2400; x_wconf 83' lang='grc' dir='ltr'><strong>οὐ</strong></span> <span class='ocrx_word' id='word_1_529' title='bbox 2629 2347 2718 2400; x_wconf 83' lang='grc' dir='ltr'><strong>τὸν</strong></span> <span class='ocrx_word' id='word_1_530' title='bbox 2748 2347 2874 2419; x_wconf 74' lang='grc' dir='ltr'>περὶ</span> <span class='ocrx_word' id='word_1_531' title='bbox 2899 2347 3086 2410; x_wconf 76' lang='grc' dir='ltr'>οὐσίας</span> <span class='ocrx_word' id='word_1_532' title='bbox 3113 2345 3358 2414; x_wconf 84' lang='grc' dir='ltr'>ἀγγέλων</span> <span class='ocrx_word' id='word_1_533' title='bbox 3378 2361 3397 2375; x_wconf 77' lang='grc' dir='ltr'><strong><em>ο</em></strong></span> <span class='ocrx_word' id='word_1_534' title='bbox 3424 2345 3485 2399; x_wconf 84' lang='grc' dir='ltr'>οὐ</span> <span class='ocrx_word' id='word_1_535' title='bbox 3513 2345 3604 2399; x_wconf 78' lang='grc' dir='ltr'><strong>τὸν</strong></span> <span class='ocrx_word' id='word_1_536' title='bbox 3633 2362 3732 2399; x_wconf 88' lang='grc' dir='ltr'>πε-</span> 
     </span>
    </p>
   </div>
   <div class='ocr_carea' id='block_1_72' title="bbox 2157 2434 3734 2510">
    <p class='ocr_par' dir='ltr' id='par_1_72' title="bbox 2157 2434 3734 2510">
     <span class='ocr_line' id='line_1_72' title="bbox 2157 2434 3734 2510; baseline -0.002 -20"><span class='ocrx_word' id='word_1_537' title='bbox 2157 2438 2212 2510; x_wconf 70' lang='grc' dir='ltr'><strong>ρὶ</strong></span> <span class='ocrx_word' id='word_1_538' title='bbox 2237 2437 2418 2510; x_wconf 85' lang='grc' dir='ltr'>ἀρχῶν</span> <span class='ocrx_word' id='word_1_539' title='bbox 2447 2439 2542 2491; x_wconf 77' lang='grc' dir='ltr'><strong>καὶ</strong></span> <span class='ocrx_word' id='word_1_540' title='bbox 2568 2437 2794 2510; x_wconf 87' lang='grc' dir='ltr'>θρόνων,</span> <span class='ocrx_word' id='word_1_541' title='bbox 2843 2437 2937 2489; x_wconf 75' lang='grc' dir='ltr'>καὶ</span> <span class='ocrx_word' id='word_1_542' title='bbox 2979 2436 3343 2508; x_wconf 80' lang='grc' dir='ltr'>κυριοτήτων·</span> <span class='ocrx_word' id='word_1_543' title='bbox 3387 2434 3450 2488; x_wconf 80' lang='grc' dir='ltr'><strong>οὐ</strong></span> <span class='ocrx_word' id='word_1_544' title='bbox 3485 2434 3578 2489; x_wconf 84' lang='grc' dir='ltr'><strong>τὸν</strong></span> <span class='ocrx_word' id='word_1_545' title='bbox 3601 2435 3734 2509; x_wconf 77' lang='grc' dir='ltr'><strong>περὶ</strong></span> 
     </span>
    </p>
   </div>
   <div class='ocr_carea' id='block_1_73' title="bbox 2156 2525 3730 2599">
    <p class='ocr_par' dir='ltr' id='par_1_73' title="bbox 2156 2525 3730 2599">
     <span class='ocr_line' id='line_1_73' title="bbox 2156 2525 3730 2599; baseline -0.002 -16"><span class='ocrx_word' id='word_1_546' title='bbox 2156 2528 2434 2594; x_wconf 76' lang='grc' dir='ltr'>ἐξουσιῶν,</span> <span class='ocrx_word' id='word_1_547' title='bbox 2462 2530 2554 2582; x_wconf 68' lang='lat' dir='ltr'><strong>xui.</strong></span> <span class='ocrx_word' id='word_1_548' title='bbox 2587 2529 3059 2599; x_wconf 83' lang='grc' dir='ltr'>κοσμοκρατὸρων.</span> <span class='ocrx_word' id='word_1_549' title='bbox 3095 2528 3158 2580; x_wconf 78' lang='lat' dir='ltr'><strong>El</strong></span> <span class='ocrx_word' id='word_1_550' title='bbox 3187 2527 3233 2580; x_wconf 88' lang='grc' dir='ltr'>δ’</span> <span class='ocrx_word' id='word_1_551' title='bbox 3271 2527 3328 2579; x_wconf 80' lang='grc' dir='ltr'><strong>ἐν</strong></span> <span class='ocrx_word' id='word_1_552' title='bbox 3355 2525 3564 2590; x_wconf 83' lang='grc' dir='ltr'>τούτοις</span> <span class='ocrx_word' id='word_1_553' title='bbox 3587 2527 3730 2580; x_wconf 76' lang='grc' dir='ltr'>ᾶπα-</span> 
     </span>
    </p>
   </div>
   <div class='ocr_carea' id='block_1_74' title="bbox 2156 2617 3735 2693">
    <p class='ocr_par' dir='ltr' id='par_1_74' title="bbox 2156 2617 3735 2693">
     <span class='ocr_line' id='line_1_74' title="bbox 2156 2617 3735 2693; baseline -0.003 -18"><span class='ocrx_word' id='word_1_554' title='bbox 2156 2639 2240 2676; x_wconf 86' lang='grc' dir='ltr'><strong>σιν</strong></span> <span class='ocrx_word' id='word_1_555' title='bbox 2271 2621 2675 2693; x_wconf 76' lang='grc' dir='ltr'>ἀμηχανοῦμεν,</span> <span class='ocrx_word' id='word_1_556' title='bbox 2713 2619 2766 2673; x_wconf 90' lang='grc' dir='ltr'><strong>τί</strong></span> <span class='ocrx_word' id='word_1_557' title='bbox 2800 2621 2880 2674; x_wconf 76' lang='grc' dir='ltr'>δεῖ</span> <span class='ocrx_word' id='word_1_558' title='bbox 2918 2619 3017 2690; x_wconf 75' lang='grc' dir='ltr'>τὴν</span> <span class='ocrx_word' id='word_1_559' title='bbox 3048 2618 3174 2691; x_wconf 81' lang='grc' dir='ltr'>περὶ</span> <span class='ocrx_word' id='word_1_560' title='bbox 3213 2617 3312 2690; x_wconf 80' lang='grc' dir='ltr'>τῆς</span> <span class='ocrx_word' id='word_1_561' title='bbox 3350 2618 3588 2689; x_wconf 85' lang='grc' dir='ltr'>ἀνάρχου</span> <span class='ocrx_word' id='word_1_562' title='bbox 3637 2618 3735 2670; x_wconf 66' lang='grc' dir='ltr'>καὶ</span> 
     </span>
    </p>
   </div>
   <div class='ocr_carea' id='block_1_75' title="bbox 2155 2707 3736 2785">
    <p class='ocr_par' dir='ltr' id='par_1_75' title="bbox 2155 2707 3736 2785">
     <span class='ocr_line' id='line_1_75' title="bbox 2155 2707 3736 2785; baseline -0.005 -17"><span class='ocrx_word' id='word_1_563' title='bbox 2155 2716 2450 2785; x_wconf 85' lang='grc' dir='ltr'>ἀγεννήτου</span> <span class='ocrx_word' id='word_1_564' title='bbox 2485 2713 2734 2782; x_wconf 82' lang='grc' dir='ltr'>θεότητος</span> <span class='ocrx_word' id='word_1_565' title='bbox 2766 2711 2963 2779; x_wconf 83' lang='grc' dir='ltr'>γνῶσιν</span> <span class='ocrx_word' id='word_1_566' title='bbox 2993 2708 3401 2781; x_wconf 78' lang='grc' dir='ltr'>διερευνᾶσθαι;</span> <span class='ocrx_word' id='word_1_567' title='bbox 3441 2707 3508 2761; x_wconf 89' lang='grc' dir='ltr'>Τί</span> <span class='ocrx_word' id='word_1_568' title='bbox 3535 2708 3601 2761; x_wconf 88' lang='grc' dir='ltr'><strong>τά</strong></span> <span class='ocrx_word' id='word_1_569' title='bbox 3631 2707 3736 2784; x_wconf 84' lang='grc' dir='ltr'>ἀν-</span> 
     </span>
    </p>
   </div>
   <div class='ocr_carea' id='block_1_76' title="bbox 2155 2781 3736 2876">
    <p class='ocr_par' dir='ltr' id='par_1_76' title="bbox 2155 2781 3736 2876">
     <span class='ocr_line' id='line_1_76' title="bbox 2155 2781 3736 2876; baseline -0.006 -17"><span class='ocrx_word' id='word_1_570' title='bbox 2155 2781 2353 2875; x_wconf 65' lang='grc' dir='ltr'>έφικτα</span> <span class='ocrx_word' id='word_1_571' title='bbox 2372 2805 2577 2876; x_wconf 78' lang='grc' dir='ltr'>ἐρωτᾷν</span> <span class='ocrx_word' id='word_1_572' title='bbox 2597 2821 2614 2869; x_wconf 89' lang='grc'>;</span> <span class='ocrx_word' id='word_1_573' title='bbox 2632 2781 2762 2867; x_wconf 82' lang='grc' dir='ltr'>πῶς</span> <span class='ocrx_word' id='word_1_574' title='bbox 2788 2801 2918 2856; x_wconf 80' lang='grc' dir='ltr'>Υίού</span> <span class='ocrx_word' id='word_1_575' title='bbox 2958 2800 3275 2872; x_wconf 76' lang='grc' dir='ltr'>μονογενοῦς</span> <span class='ocrx_word' id='word_1_576' title='bbox 3305 2801 3334 2852; x_wconf 86' lang='grc' dir='ltr'>ὀ</span> <span class='ocrx_word' id='word_1_577' title='bbox 3361 2798 3494 2864; x_wconf 76' lang='grc' dir='ltr'>Θεὸς</span> <span class='ocrx_word' id='word_1_578' title='bbox 3526 2781 3736 2869; x_wconf 70' lang='grc' dir='ltr'>ὑπέστη</span> 
     </span>
    </p>
   </div>
   <div class='ocr_carea' id='block_1_77' title="bbox 2157 2890 3732 2968">
    <p class='ocr_par' dir='ltr' id='par_1_77' title="bbox 2157 2890 3732 2968">
     <span class='ocr_line' id='line_1_77' title="bbox 2157 2890 3732 2968; baseline -0.006 -18"><span class='ocrx_word' id='word_1_579' title='bbox 2157 2899 2382 2968; x_wconf 77' lang='grc' dir='ltr'>ΙΙατήρς</span> <span class='ocrx_word' id='word_1_580' title='bbox 2419 2896 2493 2959; x_wconf 86' lang='grc' dir='ltr'><strong>ώς</strong></span> <span class='ocrx_word' id='word_1_581' title='bbox 2522 2897 2594 2966; x_wconf 82' lang='grc' dir='ltr'><strong>μὴ</strong></span> <span class='ocrx_word' id='word_1_582' title='bbox 2633 2893 2985 2966; x_wconf 81' lang='grc' dir='ltr'>ἀπαρκούσης</span> <span class='ocrx_word' id='word_1_583' title='bbox 3020 2895 3149 2964; x_wconf 81' lang='grc' dir='ltr'>ἡμῖν</span> <span class='ocrx_word' id='word_1_584' title='bbox 3174 2891 3271 2962; x_wconf 83' lang='grc' dir='ltr'>τῆς</span> <span class='ocrx_word' id='word_1_585' title='bbox 3307 2890 3580 2962; x_wconf 85' lang='grc' dir='ltr'>πατρικῆς</span> <span class='ocrx_word' id='word_1_586' title='bbox 3617 2907 3732 2958; x_wconf 78' lang='grc' dir='ltr'><strong>φω-</strong></span> 
     </span>
    </p>
   </div>
   <div class='ocr_carea' id='block_1_78' title="bbox 2157 2977 3733 3057">
    <p class='ocr_par' dir='ltr' id='par_1_78' title="bbox 2157 2977 3733 3057">
     <span class='ocr_line' id='line_1_78' title="bbox 2157 2977 3733 3057; baseline -0.006 -18"><span class='ocrx_word' id='word_1_587' title='bbox 2157 2987 2256 3055; x_wconf 79' lang='grc' dir='ltr'>νῆς</span> <span class='ocrx_word' id='word_1_588' title='bbox 2290 2986 2423 3057; x_wconf 81' lang='grc' dir='ltr'>πρὸς</span> <span class='ocrx_word' id='word_1_589' title='bbox 2458 2984 2758 3054; x_wconf 79' lang='grc' dir='ltr'>μαρτυρίαν</span> <span class='ocrx_word' id='word_1_590' title='bbox 2804 2982 2899 3035; x_wconf 81' lang='grc' dir='ltr'>τοῦ</span> <span class='ocrx_word' id='word_1_591' title='bbox 2937 2980 3266 3053; x_wconf 79' lang='grc' dir='ltr'>Ἀγαπητοῦ,</span> <span class='ocrx_word' id='word_1_592' title='bbox 3318 2980 3378 3032; x_wconf 83' lang='grc' dir='ltr'>ὃν</span> <span class='ocrx_word' id='word_1_593' title='bbox 3433 2977 3733 3049; x_wconf 77' lang='grc' dir='ltr'>ἀνεκήρυξε</span> 
     </span>
    </p>
   </div>
   <div class='ocr_carea' id='block_1_79' title="bbox 2086 3062 3738 3140">
    <p class='ocr_par' dir='ltr' id='par_1_79' title="bbox 2086 3062 3738 3140">
     <span class='ocr_line' id='line_1_79' title="bbox 2086 3062 3738 3140; baseline -0.002 -13"><span class='ocrx_word' id='word_1_594' title='bbox 2086 3071 2126 3127; x_wconf 87' lang='lat' dir='ltr'><strong><em>C</em></strong></span> <span class='ocrx_word' id='word_1_595' title='bbox 2160 3075 2331 3129; x_wconf 87' lang='grc' dir='ltr'>είπών</span> <span class='ocrx_word' id='word_1_596' title='bbox 2352 3093 2364 3105; x_wconf 77' lang='grc'><strong><em>⁸</em></strong></span> <span class='ocrx_word' id='word_1_597' title='bbox 2404 3071 2590 3139; x_wconf 81' lang='grc' dir='ltr'>Οὗτός</span> <span class='ocrx_word' id='word_1_598' title='bbox 2608 3076 2776 3127; x_wconf 73' lang='grc' dir='ltr'>ἐστιν</span> <span class='ocrx_word' id='word_1_599' title='bbox 2812 3076 2844 3128; x_wconf 86' lang='grc' dir='ltr'><strong>ό</strong></span> <span class='ocrx_word' id='word_1_600' title='bbox 2883 3073 3012 3137; x_wconf 77' lang='grc' dir='ltr'>Υἱός</span> <span class='ocrx_word' id='word_1_601' title='bbox 3037 3089 3154 3140; x_wconf 88' lang='grc' dir='ltr'><strong>μου</strong></span> <span class='ocrx_word' id='word_1_602' title='bbox 3188 3075 3220 3124; x_wconf 85' lang='grc' dir='ltr'><strong>ό</strong></span> <span class='ocrx_word' id='word_1_603' title='bbox 3245 3069 3568 3140; x_wconf 72' lang='grc' dir='ltr'>ἀγαπητὸς,</span> <span class='ocrx_word' id='word_1_604' title='bbox 3594 3070 3665 3124; x_wconf 84' lang='grc' dir='ltr'><strong>ὲν</strong></span> <span class='ocrx_word' id='word_1_605' title='bbox 3686 3062 3738 3135; x_wconf 79' lang='grc' dir='ltr'>ᾧ</span> 
     </span>
    </p>
   </div>
   <div class='ocr_carea' id='block_1_80' title="bbox 2160 3155 3734 3230">
    <p class='ocr_par' dir='ltr' id='par_1_80' title="bbox 2160 3155 3734 3230">
     <span class='ocr_line' id='line_1_80' title="bbox 2160 3155 3734 3230; baseline -0.005 -14"><span class='ocrx_word' id='word_1_606' title='bbox 2160 3163 2492 3230; x_wconf 79' lang='grc' dir='ltr'>ηὑδόκησα,</span> <span class='ocrx_word' id='word_1_607' title='bbox 2521 3160 2710 3214; x_wconf 81' lang='grc' dir='ltr'>αὑτοῦ</span> <span class='ocrx_word' id='word_1_608' title='bbox 2734 3161 2998 3214; x_wconf 79' lang='grc' dir='ltr'>ἀκούετε.</span> <span class='ocrx_word' id='word_1_609' title='bbox 3022 3160 3084 3212; x_wconf 75' lang='grc' dir='ltr'><strong>Εἰ</strong></span> <span class='ocrx_word' id='word_1_610' title='bbox 3117 3158 3180 3229; x_wconf 85' lang='grc' dir='ltr'><strong>δὴ</strong></span> <span class='ocrx_word' id='word_1_611' title='bbox 3205 3157 3422 3226; x_wconf 76' lang='grc' dir='ltr'>ἀκούειν</span> <span class='ocrx_word' id='word_1_612' title='bbox 3446 3155 3607 3211; x_wconf 80' lang='grc' dir='ltr'>αὑτοῦ</span> <span class='ocrx_word' id='word_1_613' title='bbox 3639 3159 3734 3223; x_wconf 88' lang='grc' dir='ltr'>ἐγ-</span> 
     </span>
    </p>
   </div>
   <div class='ocr_carea' id='block_1_81' title="bbox 2161 3246 3731 3322">
    <p class='ocr_par' dir='ltr' id='par_1_81' title="bbox 2161 3246 3731 3322">
     <span class='ocr_line' id='line_1_81' title="bbox 2161 3246 3731 3322; baseline -0.005 -16"><span class='ocrx_word' id='word_1_614' title='bbox 2161 3253 2460 3318; x_wconf 86' lang='grc' dir='ltr'>κελεύεται,</span> <span class='ocrx_word' id='word_1_615' title='bbox 2489 3250 2748 3321; x_wconf 77' lang='grc' dir='ltr'>βασιλικῷ</span> <span class='ocrx_word' id='word_1_616' title='bbox 2777 3252 2925 3321; x_wconf 81' lang='grc' dir='ltr'>νόμῳ</span> <span class='ocrx_word' id='word_1_617' title='bbox 2951 3248 3388 3322; x_wconf 82' lang='grc' dir='ltr'>πειθαρχοῦντες,</span> <span class='ocrx_word' id='word_1_618' title='bbox 3414 3246 3731 3316; x_wconf 83' lang='grc' dir='ltr'>ἀκούσωμεν</span> 
     </span>
    </p>
   </div>
   <div class='ocr_carea' id='block_1_82' title="bbox 2159 3336 3730 3415">
    <p class='ocr_par' dir='ltr' id='par_1_82' title="bbox 2159 3336 3730 3415">
     <span class='ocr_line' id='line_1_82' title="bbox 2159 3336 3730 3415; baseline -0.006 -17"><span class='ocrx_word' id='word_1_619' title='bbox 2159 3345 2256 3399; x_wconf 76' lang='grc' dir='ltr'>τοῦ</span> <span class='ocrx_word' id='word_1_620' title='bbox 2289 3344 2569 3415; x_wconf 82' lang='grc' dir='ltr'>ἀγαπητοῦ</span> <span class='ocrx_word' id='word_1_621' title='bbox 2613 3343 2763 3395; x_wconf 84' lang='grc' dir='ltr'><strong>Υίοῦ.</strong></span> <span class='ocrx_word' id='word_1_622' title='bbox 2801 3342 2863 3394; x_wconf 88' lang='grc' dir='ltr'>Τί</span> <span class='ocrx_word' id='word_1_623' title='bbox 2897 3343 2954 3394; x_wconf 86' lang='grc' dir='ltr'><strong>δὲ</strong></span> <span class='ocrx_word' id='word_1_624' title='bbox 2984 3336 3138 3405; x_wconf 72' lang='grc' dir='ltr'>οὗτος</span> <span class='ocrx_word' id='word_1_625' title='bbox 3166 3340 3292 3411; x_wconf 81' lang='grc' dir='ltr'>περὶ</span> <span class='ocrx_word' id='word_1_626' title='bbox 3320 3337 3504 3392; x_wconf 73' lang='grc' dir='ltr'>ἑαυτοῦ</span> <span class='ocrx_word' id='word_1_627' title='bbox 3543 3336 3730 3408; x_wconf 81' lang='grc' dir='ltr'>βούλε-</span> 
     </span>
    </p>
   </div>
   <div class='ocr_carea' id='block_1_83' title="bbox 2161 3427 3725 3504">
    <p class='ocr_par' dir='ltr' id='par_1_83' title="bbox 2161 3427 3725 3504">
     <span class='ocr_line' id='line_1_83' title="bbox 2161 3427 3725 3504; baseline -0.005 -18"><span class='ocrx_word' id='word_1_628' title='bbox 2161 3452 2250 3486; x_wconf 89' lang='grc' dir='ltr'><strong>ται</strong></span> <span class='ocrx_word' id='word_1_629' title='bbox 2309 3435 2454 3504; x_wconf 80' lang='grc' dir='ltr'>ἡμᾶς</span> <span class='ocrx_word' id='word_1_630' title='bbox 2512 3433 2727 3490; x_wconf 73' lang='grc' dir='ltr'>εἰδέναι,</span> <span class='ocrx_word' id='word_1_631' title='bbox 2790 3432 3128 3501; x_wconf 84' lang='grc' dir='ltr'>παραστήσει</span> <span class='ocrx_word' id='word_1_632' title='bbox 3163 3429 3360 3499; x_wconf 86' lang='grc' dir='ltr'>λέγων·</span> <span class='ocrx_word' id='word_1_633' title='bbox 3411 3427 3571 3480; x_wconf 81' lang='grc' dir='ltr'>Οὕτω</span> <span class='ocrx_word' id='word_1_634' title='bbox 3613 3427 3725 3496; x_wconf 81' lang='grc' dir='ltr'><strong>τὰρ</strong></span> 
     </span>
    </p>
   </div>
   <div class='ocr_carea' id='block_1_84' title="bbox 2160 3515 3727 3595">
    <p class='ocr_par' dir='ltr' id='par_1_84' title="bbox 2160 3515 3727 3595">
     <span class='ocr_line' id='line_1_84' title="bbox 2160 3515 3727 3595; baseline -0.004 -18"><span class='ocrx_word' id='word_1_635' title='bbox 2160 3524 2474 3595; x_wconf 70' lang='grc' dir='ltr'>ἠγάπησεν</span> <span class='ocrx_word' id='word_1_636' title='bbox 2509 3526 2540 3577; x_wconf 85' lang='grc' dir='ltr'><strong>ό</strong></span> <span class='ocrx_word' id='word_1_637' title='bbox 2572 3523 2714 3588; x_wconf 72' lang='grc' dir='ltr'>Θεὸς</span> <span class='ocrx_word' id='word_1_638' title='bbox 2746 3522 2854 3575; x_wconf 81' lang='grc' dir='ltr'><strong>τὸν</strong></span> <span class='ocrx_word' id='word_1_639' title='bbox 2882 3524 3130 3590; x_wconf 78' lang='grc' dir='ltr'>κόσμον,</span> <span class='ocrx_word' id='word_1_640' title='bbox 3156 3519 3308 3574; x_wconf 82' lang='grc' dir='ltr'>ὥστε</span> <span class='ocrx_word' id='word_1_641' title='bbox 3325 3519 3431 3573; x_wconf 77' lang='grc' dir='ltr'><strong>τὸν</strong></span> <span class='ocrx_word' id='word_1_642' title='bbox 3461 3515 3598 3573; x_wconf 67' lang='lat' dir='ltr'><strong>Tibr-</strong></span> <span class='ocrx_word' id='word_1_643' title='bbox 3621 3520 3727 3570; x_wconf 84' lang='grc' dir='ltr'><strong>αὺ-</strong></span> 
     </span>
    </p>
   </div>
   <div class='ocr_carea' id='block_1_85' title="bbox 2162 3609 3736 3683">
    <p class='ocr_par' dir='ltr' id='par_1_85' title="bbox 2162 3609 3736 3683">
     <span class='ocr_line' id='line_1_85' title="bbox 2162 3609 3736 3683; baseline -0.004 -14"><span class='ocrx_word' id='word_1_644' title='bbox 2162 3616 2268 3669; x_wconf 77' lang='grc' dir='ltr'>τοῦ</span> <span class='ocrx_word' id='word_1_645' title='bbox 2311 3614 2418 3667; x_wconf 79' lang='grc' dir='ltr'><strong>τὸν</strong></span> <span class='ocrx_word' id='word_1_646' title='bbox 2457 3612 2752 3683; x_wconf 72' lang='grc' dir='ltr'>μονογενῆ</span> <span class='ocrx_word' id='word_1_647' title='bbox 2792 3613 3032 3676; x_wconf 72' lang='grc' dir='ltr'>ἔδωκεν,</span> <span class='ocrx_word' id='word_1_648' title='bbox 3083 3613 3184 3665; x_wconf 72' lang='grc' dir='ltr'><strong>ἵνα</strong></span> <span class='ocrx_word' id='word_1_649' title='bbox 3213 3609 3330 3677; x_wconf 78' lang='grc' dir='ltr'>πᾶς</span> <span class='ocrx_word' id='word_1_650' title='bbox 3369 3613 3402 3664; x_wconf 82' lang='grc' dir='ltr'><strong>ό</strong></span> <span class='ocrx_word' id='word_1_651' title='bbox 3439 3611 3736 3663; x_wconf 74' lang='grc' dir='ltr'>πιστεύων</span> 
     </span>
    </p>
   </div>
   <div class='ocr_carea' id='block_1_86' title="bbox 2162 3701 3742 3774">
    <p class='ocr_par' dir='ltr' id='par_1_86' title="bbox 2162 3701 3742 3774">
     <span class='ocr_line' id='line_1_86' title="bbox 2162 3701 3742 3774; baseline -0.003 -17"><span class='ocrx_word' id='word_1_652' title='bbox 2162 3708 2248 3770; x_wconf 87' lang='grc' dir='ltr'>εὶς</span> <span class='ocrx_word' id='word_1_653' title='bbox 2293 3704 2480 3757; x_wconf 76' lang='grc' dir='ltr'>αὑτὸν</span> <span class='ocrx_word' id='word_1_654' title='bbox 2504 3706 2615 3774; x_wconf 62' lang='lat' dir='ltr'><strong>sm</strong></span> <span class='ocrx_word' id='word_1_655' title='bbox 2652 3703 2801 3771; x_wconf 78' lang='grc' dir='ltr'>ζωὴν</span> <span class='ocrx_word' id='word_1_656' title='bbox 2825 3705 3080 3756; x_wconf 74' lang='grc' dir='ltr'>αἰώνιον.</span> <span class='ocrx_word' id='word_1_657' title='bbox 3128 3701 3449 3756; x_wconf 79' lang='grc' dir='ltr'>Πιστευτέον</span> <span class='ocrx_word' id='word_1_658' title='bbox 3477 3701 3609 3773; x_wconf 60' lang='grc' dir='ltr'>δῆτα</span> <span class='ocrx_word' id='word_1_659' title='bbox 3638 3702 3742 3753; x_wconf 83' lang='grc' dir='ltr'>αὑ-</span> 
     </span>
    </p>
   </div>
   <div class='ocr_carea' id='block_1_87' title="bbox 2162 3789 3738 3865">
    <p class='ocr_par' dir='ltr' id='par_1_87' title="bbox 2162 3789 3738 3865">
     <span class='ocr_line' id='line_1_87' title="bbox 2162 3789 3738 3865; baseline -0.004 -17"><span class='ocrx_word' id='word_1_660' title='bbox 2162 3794 2260 3865; x_wconf 81' lang='grc' dir='ltr'><strong>τῷ,</strong></span> <span class='ocrx_word' id='word_1_661' title='bbox 2310 3795 2385 3857; x_wconf 84' lang='grc' dir='ltr'>ὡς</span> <span class='ocrx_word' id='word_1_662' title='bbox 2426 3794 2491 3848; x_wconf 85' lang='grc' dir='ltr'><strong>ἂν</strong></span> <span class='ocrx_word' id='word_1_663' title='bbox 2523 3794 2624 3863; x_wconf 75' lang='grc' dir='ltr'>τῆς</span> <span class='ocrx_word' id='word_1_664' title='bbox 2661 3794 2876 3846; x_wconf 81' lang='grc' dir='ltr'>αἰωνίου</span> <span class='ocrx_word' id='word_1_665' title='bbox 2908 3793 3164 3864; x_wconf 76' lang='grc' dir='ltr'>τύχοιμεν</span> <span class='ocrx_word' id='word_1_666' title='bbox 3191 3790 3359 3861; x_wconf 77' lang='grc' dir='ltr'>ζωῆς.</span> <span class='ocrx_word' id='word_1_667' title='bbox 3414 3791 3479 3844; x_wconf 88' lang='lat'><strong>&#39;0</strong></span> <span class='ocrx_word' id='word_1_668' title='bbox 3509 3789 3620 3859; x_wconf 80' lang='grc' dir='ltr'><strong>τὰρ</strong></span> <span class='ocrx_word' id='word_1_669' title='bbox 3645 3803 3738 3843; x_wconf 75' lang='grc' dir='ltr'>πι-</span> 
     </span>
    </p>
   </div>
   <div class='ocr_carea' id='block_1_88' title="bbox 2163 3881 3735 3954">
    <p class='ocr_par' dir='ltr' id='par_1_88' title="bbox 2163 3881 3735 3954">
     <span class='ocr_line' id='line_1_88' title="bbox 2163 3881 3735 3954; baseline -0.003 -16"><span class='ocrx_word' id='word_1_670' title='bbox 2163 3885 2413 3949; x_wconf 75' lang='grc' dir='ltr'>ἱττεύων,</span> <span class='ocrx_word' id='word_1_671' title='bbox 2460 3887 2645 3954; x_wconf 66' lang='grc' dir='ltr'>φησὶν,</span> <span class='ocrx_word' id='word_1_672' title='bbox 2675 3887 2761 3950; x_wconf 83' lang='grc' dir='ltr'>εις</span> <span class='ocrx_word' id='word_1_673' title='bbox 2793 3885 2978 3936; x_wconf 76' lang='grc' dir='ltr'>αὐτὸν</span> <span class='ocrx_word' id='word_1_674' title='bbox 3000 3883 3122 3952; x_wconf 80' lang='grc' dir='ltr'>ἔχει</span> <span class='ocrx_word' id='word_1_675' title='bbox 3155 3882 3310 3949; x_wconf 78' lang='grc' dir='ltr'><strong>ζωὴν</strong></span> <span class='ocrx_word' id='word_1_676' title='bbox 3345 3881 3604 3944; x_wconf 63' lang='grc' dir='ltr'>αἰώνιον,</span> <span class='ocrx_word' id='word_1_677' title='bbox 3638 3881 3735 3951; x_wconf 75' lang='grc' dir='ltr'>οὐχ</span> 
     </span>
    </p>
   </div>
   <div class='ocr_carea' id='block_1_89' title="bbox 2163 3967 3740 4042">
    <p class='ocr_par' dir='ltr' id='par_1_89' title="bbox 2163 3967 3740 4042">
     <span class='ocr_line' id='line_1_89' title="bbox 2163 3967 3740 4042; baseline -0.005 -16"><span class='ocrx_word' id='word_1_678' title='bbox 2163 3976 2191 4026; x_wconf 89' lang='grc' dir='ltr'><strong>ό</strong></span> <span class='ocrx_word' id='word_1_679' title='bbox 2222 3972 2500 4042; x_wconf 75' lang='grc' dir='ltr'>γινώσκων</span> <span class='ocrx_word' id='word_1_680' title='bbox 2533 3975 2678 4035; x_wconf 82' lang='grc' dir='ltr'>ὅπως</span> <span class='ocrx_word' id='word_1_681' title='bbox 2701 3974 2763 4024; x_wconf 90' lang='grc' dir='ltr'><strong>ἐκ</strong></span> <span class='ocrx_word' id='word_1_682' title='bbox 2786 3971 2878 4024; x_wconf 83' lang='grc' dir='ltr'>τοῦ</span> <span class='ocrx_word' id='word_1_683' title='bbox 2917 3972 3128 4042; x_wconf 76' lang='grc' dir='ltr'>[ἰατρὸς</span> <span class='ocrx_word' id='word_1_684' title='bbox 3162 3970 3500 4040; x_wconf 76' lang='grc' dir='ltr'>γεγέννηταιο</span> <span class='ocrx_word' id='word_1_685' title='bbox 3537 3967 3598 4019; x_wconf 84' lang='grc' dir='ltr'>οὐ</span> <span class='ocrx_word' id='word_1_686' title='bbox 3627 3969 3740 4036; x_wconf 76' lang='grc' dir='ltr'>γὰρ</span> 
     </span>
    </p>
   </div>
   <div class='ocr_carea' id='block_1_90' title="bbox 2167 4059 3744 4134">
    <p class='ocr_par' dir='ltr' id='par_1_90' title="bbox 2167 4059 3744 4134">
     <span class='ocr_line' id='line_1_90' title="bbox 2167 4059 3744 4134; baseline -0.004 -17"><span class='ocrx_word' id='word_1_687' title='bbox 2167 4066 2230 4118; x_wconf 84' lang='grc' dir='ltr'>ἄν</span> <span class='ocrx_word' id='word_1_688' title='bbox 2255 4082 2359 4116; x_wconf 88' lang='grc' dir='ltr'>τινι</span> <span class='ocrx_word' id='word_1_689' title='bbox 2388 4065 2554 4134; x_wconf 82' lang='grc' dir='ltr'>μετῆν</span> <span class='ocrx_word' id='word_1_690' title='bbox 2588 4063 2729 4132; x_wconf 73' lang='grc' dir='ltr'>ζωῆς</span> <span class='ocrx_word' id='word_1_691' title='bbox 2761 4063 2998 4124; x_wconf 78' lang='grc' dir='ltr'>αἰωνίου,</span> <span class='ocrx_word' id='word_1_692' title='bbox 3034 4063 3085 4114; x_wconf 86' lang='grc' dir='ltr'><strong>εί</strong></span> <span class='ocrx_word' id='word_1_693' title='bbox 3116 4061 3180 4130; x_wconf 84' lang='grc' dir='ltr'>δὴ</span> <span class='ocrx_word' id='word_1_694' title='bbox 3225 4059 3367 4112; x_wconf 79' lang='grc' dir='ltr'>τοῦτ’</span> <span class='ocrx_word' id='word_1_695' title='bbox 3395 4059 3625 4132; x_wconf 77' lang='grc' dir='ltr'>εἴρηται,</span> <span class='ocrx_word' id='word_1_696' title='bbox 3653 4059 3744 4111; x_wconf 82' lang='grc' dir='ltr'>ὅτε.</span> 
     </span>
    </p>
   </div>
   <div class='ocr_carea' id='block_1_91' title="bbox 2164 4150 3740 4224">
    <p class='ocr_par' dir='ltr' id='par_1_91' title="bbox 2164 4150 3740 4224">
     <span class='ocr_line' id='line_1_91' title="bbox 2164 4150 3740 4224; baseline -0.003 -16"><span class='ocrx_word' id='word_1_697' title='bbox 2164 4155 2382 4221; x_wconf 74' lang='grc' dir='ltr'>Μηδεὶς</span> <span class='ocrx_word' id='word_1_698' title='bbox 2406 4154 2558 4224; x_wconf 74' lang='grc' dir='ltr'>ἔγνω</span> <span class='ocrx_word' id='word_1_699' title='bbox 2601 4154 2709 4207; x_wconf 77' lang='grc' dir='ltr'><strong>τὸν</strong></span> <span class='ocrx_word' id='word_1_700' title='bbox 2736 4153 2965 4221; x_wconf 78' lang='grc' dir='ltr'>Πατέρα</span> <span class='ocrx_word' id='word_1_701' title='bbox 3004 4155 3057 4205; x_wconf 81' lang='grc' dir='ltr'>εὶ</span> <span class='ocrx_word' id='word_1_702' title='bbox 3082 4152 3168 4221; x_wconf 80' lang='grc' dir='ltr'>μὴ</span> <span class='ocrx_word' id='word_1_703' title='bbox 3204 4155 3237 4206; x_wconf 85' lang='grc' dir='ltr'><em>ὁ</em></span> <span class='ocrx_word' id='word_1_704' title='bbox 3271 4153 3433 4218; x_wconf 73' lang='grc' dir='ltr'><strong>Υἱός-ο</strong></span> <span class='ocrx_word' id='word_1_705' title='bbox 3453 4150 3605 4221; x_wconf 76' lang='grc' dir='ltr'>μηδὲ</span> <span class='ocrx_word' id='word_1_706' title='bbox 3626 4150 3740 4204; x_wconf 78' lang='grc' dir='ltr'><strong>τὸν</strong></span> 
     </span>
    </p>
   </div>
   <div class='ocr_carea' id='block_1_92' title="bbox 2175 4240 3742 4312">
    <p class='ocr_par' dir='ltr' id='par_1_92' title="bbox 2175 4240 3742 4312">
     <span class='ocr_line' id='line_1_92' title="bbox 2175 4240 3742 4312; baseline -0.001 -16"><span class='ocrx_word' id='word_1_707' title='bbox 2175 4245 2310 4297; x_wconf 80' lang='grc' dir='ltr'><strong>Υἱόν</strong></span> <span class='ocrx_word' id='word_1_708' title='bbox 2345 4262 2433 4310; x_wconf 83' lang='grc' dir='ltr'><strong>τις</strong></span> <span class='ocrx_word' id='word_1_709' title='bbox 2470 4245 2620 4312; x_wconf 78' lang='grc' dir='ltr'>ἔγνω</span> <span class='ocrx_word' id='word_1_710' title='bbox 2669 4245 2721 4296; x_wconf 84' lang='grc' dir='ltr'>εὶ</span> <span class='ocrx_word' id='word_1_711' title='bbox 2746 4243 2825 4311; x_wconf 79' lang='grc' dir='ltr'>μὴ</span> <span class='ocrx_word' id='word_1_712' title='bbox 2858 4243 3044 4311; x_wconf 68' lang='grc' dir='ltr'>μόνος</span> <span class='ocrx_word' id='word_1_713' title='bbox 3091 4245 3123 4295; x_wconf 84' lang='grc' dir='ltr'><strong>ό</strong></span> <span class='ocrx_word' id='word_1_714' title='bbox 3152 4241 3455 4311; x_wconf 70' lang='grc' dir='ltr'>γεννήσας</span> <span class='ocrx_word' id='word_1_715' title='bbox 3483 4240 3669 4294; x_wconf 73' lang='grc' dir='ltr'>αὐτὸν</span> <span class='ocrx_word' id='word_1_716' title='bbox 3703 4243 3742 4294; x_wconf 85' lang='grc' dir='ltr'><strong>ό</strong></span> 
     </span>
    </p>
   </div>
   <div class='ocr_carea' id='block_1_93' title="bbox 2165 4332 3744 4406">
    <p class='ocr_par' dir='ltr' id='par_1_93' title="bbox 2165 4332 3744 4406">
     <span class='ocr_line' id='line_1_93' title="bbox 2165 4332 3744 4406; baseline -0.003 -17"><span class='ocrx_word' id='word_1_717' title='bbox 2165 4335 2387 4403; x_wconf 82' lang='grc' dir='ltr'>Πατήρ.</span> <span class='ocrx_word' id='word_1_718' title='bbox 2434 4336 2700 4406; x_wconf 82' lang='grc' dir='ltr'>Ἀπαρκεῖ</span> <span class='ocrx_word' id='word_1_719' title='bbox 2728 4333 3010 4404; x_wconf 82' lang='grc' dir='ltr'>τοιγαροῦν</span> <span class='ocrx_word' id='word_1_720' title='bbox 3036 4334 3163 4403; x_wconf 82' lang='grc' dir='ltr'>ἡμῖν</span> <span class='ocrx_word' id='word_1_721' title='bbox 3199 4335 3231 4402; x_wconf 81' lang='grc' dir='ltr'><strong>ἡ</strong></span> <span class='ocrx_word' id='word_1_722' title='bbox 3261 4335 3440 4397; x_wconf 89' lang='grc' dir='ltr'>πίστις</span> <span class='ocrx_word' id='word_1_723' title='bbox 3467 4332 3600 4402; x_wconf 76' lang='grc' dir='ltr'>πρὸς</span> <span class='ocrx_word' id='word_1_724' title='bbox 3629 4348 3744 4385; x_wconf 85' lang='grc' dir='ltr'>σω·-</span> 
     </span>
    </p>
   </div>
   <div class='ocr_carea' id='block_1_94' title="bbox 499 4403 2055 4498">
    <p class='ocr_par' dir='ltr' id='par_1_94' title="bbox 499 4403 2055 4474">
     <span class='ocr_line' id='line_1_94' title="bbox 499 4403 2055 4474; baseline -0.004 -10"><span class='ocrx_word' id='word_1_725' title='bbox 499 4410 642 4464; x_wconf 87' lang='lat' dir='ltr'><strong>hunc</strong></span> <span class='ocrx_word' id='word_1_726' title='bbox 665 4407 878 4473; x_wconf 83' lang='lat' dir='ltr'><strong>audire,</strong></span> <span class='ocrx_word' id='word_1_727' title='bbox 909 4407 1161 4462; x_wconf 85' lang='lat' dir='ltr'><strong>mandato</strong></span> <span class='ocrx_word' id='word_1_728' title='bbox 1192 4405 1317 4460; x_wconf 87' lang='lat' dir='ltr'><strong>huic</strong></span> <span class='ocrx_word' id='word_1_729' title='bbox 1343 4405 1490 4474; x_wconf 87' lang='lat' dir='ltr'><strong>regio</strong></span> <span class='ocrx_word' id='word_1_730' title='bbox 1521 4407 1954 4473; x_wconf 86' lang='lat' dir='ltr'><strong>obtemperantes</strong></span> <span class='ocrx_word' id='word_1_731' title='bbox 1975 4403 2055 4458; x_wconf 85' lang='lat' dir='ltr'><strong>Fi-</strong></span> 
     </span>
    </p>
   </div>
   <div class='ocr_carea' id='block_1_95' title="bbox 2155 4403 3743 4498">
    <p class='ocr_par' dir='ltr' id='par_1_95' title="bbox 2170 4403 3743 4498">
     <span class='ocr_line' id='line_1_95' title="bbox 2170 4403 3743 4498; baseline -0.003 -18"><span class='ocrx_word' id='word_1_732' title='bbox 2170 4428 2370 4498; x_wconf 77' lang='grc' dir='ltr'>τὴριον,</span> <span class='ocrx_word' id='word_1_733' title='bbox 2397 4427 2430 4496; x_wconf 86' lang='grc' dir='ltr'><strong>ή</strong></span> <span class='ocrx_word' id='word_1_734' title='bbox 2463 4403 2592 4478; x_wconf 82' lang='grc' dir='ltr'>Θεὸν</span> <span class='ocrx_word' id='word_1_735' title='bbox 2617 4425 2836 4495; x_wconf 83' lang='grc' dir='ltr'>Πατέρα</span> <span class='ocrx_word' id='word_1_736' title='bbox 2870 4403 3279 4496; x_wconf 81' lang='grc' dir='ltr'>παντοκράτορα</span> <span class='ocrx_word' id='word_1_737' title='bbox 3308 4424 3620 4496; x_wconf 86' lang='grc' dir='ltr'>παρέχουσα</span> <span class='ocrx_word' id='word_1_738' title='bbox 3649 4441 3743 4492; x_wconf 88' lang='grc' dir='ltr'>γι-</span> 
     </span>
    </p>
   </div>
   <div class='ocr_carea' id='block_1_96' title="bbox 499 4498 2055 4587">
    <p class='ocr_par' dir='ltr' id='par_1_96' title="bbox 499 4498 2055 4564">
     <span class='ocr_line' id='line_1_96' title="bbox 499 4498 2055 4564; baseline -0.003 -8"><span class='ocrx_word' id='word_1_739' title='bbox 499 4501 628 4556; x_wconf 87' lang='lat' dir='ltr'><strong>lium</strong></span> <span class='ocrx_word' id='word_1_740' title='bbox 679 4500 933 4557; x_wconf 90' lang='lat' dir='ltr'><strong>dilectum</strong></span> <span class='ocrx_word' id='word_1_741' title='bbox 973 4501 1278 4554; x_wconf 90' lang='lat' dir='ltr'><strong>audiamus.</strong></span> <span class='ocrx_word' id='word_1_742' title='bbox 1321 4499 1599 4564; x_wconf 83' lang='lat' dir='ltr'><strong>Quodnam</strong></span> <span class='ocrx_word' id='word_1_743' title='bbox 1636 4513 1766 4552; x_wconf 91' lang='lat' dir='ltr'><strong>vero</strong></span> <span class='ocrx_word' id='word_1_744' title='bbox 1807 4499 1939 4553; x_wconf 88' lang='lat' dir='ltr'><strong>illud</strong></span> <span class='ocrx_word' id='word_1_745' title='bbox 1971 4498 2055 4564; x_wconf 76' lang='lat' dir='ltr'><strong>sit,</strong></span> 
     </span>
    </p>
   </div>
   <div class='ocr_carea' id='block_1_97' title="bbox 2155 4498 3739 4587">
    <p class='ocr_par' dir='ltr' id='par_1_97' title="bbox 2172 4514 3739 4587">
     <span class='ocr_line' id='line_1_97' title="bbox 2172 4514 3739 4587; baseline -0.001 -17"><span class='ocrx_word' id='word_1_746' title='bbox 2172 4516 2417 4580; x_wconf 90' lang='grc' dir='ltr'>νώσκειν,</span> <span class='ocrx_word' id='word_1_747' title='bbox 2447 4517 2540 4569; x_wconf 77' lang='grc' dir='ltr'>καὶ</span> <span class='ocrx_word' id='word_1_748' title='bbox 2569 4517 2659 4569; x_wconf 85' lang='grc' dir='ltr'><strong>τὸν</strong></span> <span class='ocrx_word' id='word_1_749' title='bbox 2700 4516 2957 4586; x_wconf 83' lang='grc' dir='ltr'>μονογενῆ</span> <span class='ocrx_word' id='word_1_750' title='bbox 2990 4514 3154 4567; x_wconf 75' lang='grc' dir='ltr'>αὑτοῦ</span> <span class='ocrx_word' id='word_1_751' title='bbox 3189 4515 3313 4569; x_wconf 84' lang='grc' dir='ltr'>Υίὸν</span> <span class='ocrx_word' id='word_1_752' title='bbox 3341 4516 3739 4587; x_wconf 78' lang='grc' dir='ltr'>ἐπιγράφεσθαι</span> 
     </span>
    </p>
   </div>
   <div class='ocr_carea' id='block_1_98' title="bbox 499 4587 2055 4679">
    <p class='ocr_par' dir='ltr' id='par_1_98' title="bbox 499 4587 2055 4660">
     <span class='ocr_line' id='line_1_98' title="bbox 499 4587 2055 4660; baseline 0.001 -18"><span class='ocrx_word' id='word_1_753' title='bbox 499 4592 642 4660; x_wconf 86' lang='lat' dir='ltr'><strong>quod</strong></span> <span class='ocrx_word' id='word_1_754' title='bbox 666 4605 764 4646; x_wconf 90' lang='lat' dir='ltr'><strong>nos</strong></span> <span class='ocrx_word' id='word_1_755' title='bbox 788 4590 857 4644; x_wconf 88' lang='lat' dir='ltr'><strong>de</strong></span> <span class='ocrx_word' id='word_1_756' title='bbox 887 4590 1065 4658; x_wconf 84' lang='lat' dir='ltr'><strong>seipse</strong></span> <span class='ocrx_word' id='word_1_757' title='bbox 1091 4588 1388 4658; x_wconf 85' lang='lat' dir='ltr'><strong>intelligere</strong></span> <span class='ocrx_word' id='word_1_758' title='bbox 1418 4587 1631 4642; x_wconf 87' lang='lat' dir='ltr'><strong>volebat</strong></span> <span class='ocrx_word' id='word_1_759' title='bbox 1651 4627 1666 4652; x_wconf 88' lang='lat'><strong>,</strong></span> <span class='ocrx_word' id='word_1_760' title='bbox 1699 4589 1811 4657; x_wconf 90' lang='lat' dir='ltr'><strong>ipse</strong></span> <span class='ocrx_word' id='word_1_761' title='bbox 1837 4605 1935 4644; x_wconf 91' lang='lat' dir='ltr'><strong>nos</strong></span> <span class='ocrx_word' id='word_1_762' title='bbox 1965 4591 2055 4644; x_wconf 91' lang='lat' dir='ltr'><strong>do-</strong></span> 
     </span>
    </p>
   </div>
   <div class='ocr_carea' id='block_1_99' title="bbox 2155 4587 3742 4679">
    <p class='ocr_par' dir='ltr' id='par_1_99' title="bbox 2173 4601 3742 4679">
     <span class='ocr_line' id='line_1_99' title="bbox 2173 4601 3742 4679; baseline -0.002 -18"><span class='ocrx_word' id='word_1_763' title='bbox 2173 4609 2416 4678; x_wconf 80' lang='grc' dir='ltr'>Σωτῆρα.</span> <span class='ocrx_word' id='word_1_764' title='bbox 2460 4611 2555 4672; x_wconf 88' lang='grc' dir='ltr'>Ὃς</span> <span class='ocrx_word' id='word_1_765' title='bbox 2603 4607 2664 4678; x_wconf 80' lang='grc' dir='ltr'>δὴ</span> <span class='ocrx_word' id='word_1_766' title='bbox 2719 4608 2850 4679; x_wconf 85' lang='grc' dir='ltr'>πρὸς</span> <span class='ocrx_word' id='word_1_767' title='bbox 2897 4610 3002 4670; x_wconf 68' lang='lat' dir='ltr'><strong>toi;</strong></span> <span class='ocrx_word' id='word_1_768' title='bbox 3052 4607 3254 4672; x_wconf 82' lang='grc' dir='ltr'>ἄλλοις,</span> <span class='ocrx_word' id='word_1_769' title='bbox 3306 4609 3400 4660; x_wconf 78' lang='grc' dir='ltr'><strong>καὶ</strong></span> <span class='ocrx_word' id='word_1_770' title='bbox 3453 4606 3606 4660; x_wconf 76' lang='grc' dir='ltr'><strong>ταῦθ’</strong></span> <span class='ocrx_word' id='word_1_771' title='bbox 3638 4601 3742 4659; x_wconf 84' lang='grc' dir='ltr'>ὦδε</span> 
     </span>
    </p>
   </div>
   <div class='ocr_carea' id='block_1_100' title="bbox 505 4679 2055 4772">
    <p class='ocr_par' dir='ltr' id='par_1_100' title="bbox 505 4679 2055 4748">
     <span class='ocr_line' id='line_1_100' title="bbox 505 4679 2055 4748; baseline -0.002 -12"><span class='ocrx_word' id='word_1_772' title='bbox 505 4681 668 4748; x_wconf 86' lang='lat' dir='ltr'><strong>cebit,</strong></span> <span class='ocrx_word' id='word_1_773' title='bbox 687 4681 774 4735; x_wconf 86' lang='lat' dir='ltr'><strong>ubi</strong></span> <span class='ocrx_word' id='word_1_774' title='bbox 793 4681 901 4734; x_wconf 87' lang='lat' dir='ltr'><strong>ait:</strong></span> <span class='ocrx_word' id='word_1_775' title='bbox 932 4679 1022 4736; x_wconf 78' lang='lat' dir='ltr'><strong>Sic</strong></span> <span class='ocrx_word' id='word_1_776' title='bbox 1041 4681 1178 4734; x_wconf 83' lang='lat' dir='ltr'><strong>enim</strong></span> <span class='ocrx_word' id='word_1_777' title='bbox 1206 4679 1342 4734; x_wconf 76' lang='lat' dir='ltr'><strong>Deus</strong></span> <span class='ocrx_word' id='word_1_778' title='bbox 1361 4679 1544 4734; x_wconf 77' lang='lat' dir='ltr'><strong>dilexit</strong></span> <span class='ocrx_word' id='word_1_779' title='bbox 1563 4681 1837 4747; x_wconf 83' lang='lat' dir='ltr'><strong>mundum,</strong></span> <span class='ocrx_word' id='word_1_780' title='bbox 1867 4691 1921 4733; x_wconf 68' lang='lat' dir='ltr'><strong>ut</strong></span> <span class='ocrx_word' id='word_1_781' title='bbox 1957 4679 2055 4734; x_wconf 67' lang='lat' dir='ltr'><strong>Fi«</strong></span> 
     </span>
    </p>
   </div>
   <div class='ocr_carea' id='block_1_101' title="bbox 2155 4679 3744 4772">
    <p class='ocr_par' dir='ltr' id='par_1_101' title="bbox 2175 4696 3744 4772">
     <span class='ocr_line' id='line_1_101' title="bbox 2175 4696 3744 4772; baseline -0.002 -20"><span class='ocrx_word' id='word_1_782' title='bbox 2175 4700 2475 4772; x_wconf 88' lang='grc' dir='ltr'>παρεδίδου,</span> <span class='ocrx_word' id='word_1_783' title='bbox 2505 4699 2674 4767; x_wconf 84' lang='grc' dir='ltr'>λέγων</span> <span class='ocrx_word' id='word_1_784' title='bbox 2691 4715 2704 4729; x_wconf 87' lang='grc'><strong>·</strong></span> <span class='ocrx_word' id='word_1_785' title='bbox 2744 4698 2812 4752; x_wconf 83' lang='grc' dir='ltr'><em>Τὸ</em></span> <span class='ocrx_word' id='word_1_786' title='bbox 2835 4699 3269 4768; x_wconf 62' lang='grc' dir='ltr'>γεγεννημένον</span> <span class='ocrx_word' id='word_1_787' title='bbox 3297 4699 3363 4751; x_wconf 77' lang='grc' dir='ltr'><strong>ἐκ</strong></span> <span class='ocrx_word' id='word_1_788' title='bbox 3386 4697 3496 4765; x_wconf 84' lang='grc' dir='ltr'>τῆς</span> <span class='ocrx_word' id='word_1_789' title='bbox 3516 4696 3744 4770; x_wconf 68' lang='grc' dir='ltr'>σαρκὸς</span> 
     </span>
    </p>
   </div>
   <div class='ocr_carea' id='block_1_102' title="bbox 505 4762 2055 4860">
    <p class='ocr_par' dir='ltr' id='par_1_102' title="bbox 505 4770 2055 4841">
     <span class='ocr_line' id='line_1_102' title="bbox 505 4770 2055 4841; baseline 0.001 -17"><span class='ocrx_word' id='word_1_790' title='bbox 505 4771 634 4826; x_wconf 81' lang='lat' dir='ltr'><strong>lium</strong></span> <span class='ocrx_word' id='word_1_791' title='bbox 667 4787 821 4825; x_wconf 75' lang='lat' dir='ltr'><strong>suum</strong></span> <span class='ocrx_word' id='word_1_792' title='bbox 851 4770 1172 4841; x_wconf 74' lang='lat' dir='ltr'><strong>unigenitum</strong></span> <span class='ocrx_word' id='word_1_793' title='bbox 1207 4771 1373 4832; x_wconf 86' lang='lat' dir='ltr'><strong>daret,</strong></span> <span class='ocrx_word' id='word_1_794' title='bbox 1403 4783 1458 4823; x_wconf 78' lang='lat' dir='ltr'><strong>ut</strong></span> <span class='ocrx_word' id='word_1_795' title='bbox 1491 4772 1656 4825; x_wconf 77' lang='lat' dir='ltr'><strong>omnia</strong></span> <span class='ocrx_word' id='word_1_796' title='bbox 1687 4771 1779 4840; x_wconf 85' lang='lat' dir='ltr'><strong>qui</strong></span> <span class='ocrx_word' id='word_1_797' title='bbox 1817 4775 1977 4824; x_wconf 81' lang='lat' dir='ltr'><strong>credit</strong></span> <span class='ocrx_word' id='word_1_798' title='bbox 2012 4774 2055 4826; x_wconf 81' lang='lat' dir='ltr'><strong>in</strong></span> 
     </span>
    </p>
   </div>
   <div class='ocr_carea' id='block_1_103' title="bbox 2155 4762 3746 4860">
    <p class='ocr_par' dir='ltr' id='par_1_103' title="bbox 2174 4762 3746 4860">
     <span class='ocr_line' id='line_1_103' title="bbox 2174 4762 3746 4860; baseline -0.001 -16"><span class='ocrx_word' id='word_1_799' title='bbox 2174 4762 2329 4859; x_wconf 59' lang='grc' dir='ltr'>σάρξ</span> <span class='ocrx_word' id='word_1_800' title='bbox 2348 4762 2497 4852; x_wconf 77' lang='grc' dir='ltr'>ἐστι,</span> <span class='ocrx_word' id='word_1_801' title='bbox 2548 4762 2643 4844; x_wconf 40' lang='grc' dir='ltr'>κ-αὶ</span> <span class='ocrx_word' id='word_1_802' title='bbox 2678 4791 2743 4845; x_wconf 88' lang='grc' dir='ltr'>τὸ</span> <span class='ocrx_word' id='word_1_803' title='bbox 2787 4762 3218 4860; x_wconf 56' lang='grc' dir='ltr'>γεγεννημένον</span> <span class='ocrx_word' id='word_1_804' title='bbox 3242 4791 3309 4843; x_wconf 75' lang='grc' dir='ltr'><strong>ἐκ</strong></span> <span class='ocrx_word' id='word_1_805' title='bbox 3338 4762 3451 4844; x_wconf 14' lang='grc' dir='ltr'>τοῦῆ</span> <span class='ocrx_word' id='word_1_806' title='bbox 3472 4762 3746 4858; x_wconf 22' lang='grc' dir='ltr'>*πνεύμα-</span> 
     </span>
    </p>
   </div>
   <div class='ocr_carea' id='block_1_104' title="bbox 500 4863 2055 4951">
    <p class='ocr_par' dir='ltr' id='par_1_104' title="bbox 500 4863 2055 4934">
     <span class='ocr_line' id='line_1_104' title="bbox 500 4863 2055 4934; baseline 0.002 -16"><span class='ocrx_word' id='word_1_807' title='bbox 500 4880 615 4918; x_wconf 82' lang='lat' dir='ltr'><strong>eum</strong></span> <span class='ocrx_word' id='word_1_808' title='bbox 635 4879 736 4918; x_wconf 85' lang='lat' dir='ltr'><strong>non</strong></span> <span class='ocrx_word' id='word_1_809' title='bbox 761 4872 958 4932; x_wconf 81' lang='lat' dir='ltr'><strong>pereat,</strong></span> <span class='ocrx_word' id='word_1_810' title='bbox 975 4864 1064 4917; x_wconf 77' lang='lat' dir='ltr'><strong>sed</strong></span> <span class='ocrx_word' id='word_1_811' title='bbox 1078 4863 1261 4917; x_wconf 78' lang='lat' dir='ltr'><strong>habeat</strong></span> <span class='ocrx_word' id='word_1_812' title='bbox 1278 4864 1431 4916; x_wconf 80' lang='lat' dir='ltr'><strong>vitam</strong></span> <span class='ocrx_word' id='word_1_813' title='bbox 1447 4876 1690 4917; x_wconf 73' lang='lat' dir='ltr'><strong>a’tertmm</strong></span> <span class='ocrx_word' id='word_1_814' title='bbox 1706 4865 1770 4921; x_wconf 66' lang='grc'><strong>⁸⁸.</strong></span> <span class='ocrx_word' id='word_1_815' title='bbox 1816 4864 1889 4919; x_wconf 94' lang='lat' dir='ltr'><strong>Illi</strong></span> <span class='ocrx_word' id='word_1_816' title='bbox 1911 4867 2055 4934; x_wconf 73' lang='lat' dir='ltr'><strong>igitu:</strong></span> 
     </span>
    </p>
   </div>
   <div class='ocr_carea' id='block_1_105' title="bbox 2155 4863 3744 4951">
    <p class='ocr_par' dir='ltr' id='par_1_105' title="bbox 2172 4881 3744 4951">
     <span class='ocr_line' id='line_1_105' title="bbox 2172 4881 3744 4951; baseline -0.001 -17"><span class='ocrx_word' id='word_1_817' title='bbox 2172 4900 2272 4948; x_wconf 87' lang='grc' dir='ltr'><strong>τος</strong></span> <span class='ocrx_word' id='word_1_818' title='bbox 2317 4882 2551 4951; x_wconf 77' lang='grc' dir='ltr'>πνεῦμά</span> <span class='ocrx_word' id='word_1_819' title='bbox 2592 4883 2749 4934; x_wconf 77' lang='grc' dir='ltr'>ἐστι’</span> <span class='ocrx_word' id='word_1_820' title='bbox 2801 4881 3035 4950; x_wconf 73' lang='grc' dir='ltr'>πνεῦμα</span> <span class='ocrx_word' id='word_1_821' title='bbox 3073 4882 3142 4934; x_wconf 83' lang='grc' dir='ltr'>δὲ</span> <span class='ocrx_word' id='word_1_822' title='bbox 3170 4885 3204 4937; x_wconf 83' lang='grc' dir='ltr'><strong>ό</strong></span> <span class='ocrx_word' id='word_1_823' title='bbox 3227 4883 3388 4948; x_wconf 79' lang='grc' dir='ltr'>Θεός.</span> <span class='ocrx_word' id='word_1_824' title='bbox 3426 4882 3517 4934; x_wconf 83' lang='grc' dir='ltr'>Διὸ</span> <span class='ocrx_word' id='word_1_825' title='bbox 3549 4881 3744 4934; x_wconf 76' lang='grc' dir='ltr'>ἕπεται</span> 
     </span>
    </p>
   </div>
   <div class='ocr_carea' id='block_1_106' title="bbox 500 4956 2062 5030">
    <p class='ocr_par' dir='ltr' id='par_1_106' title="bbox 500 4956 2062 5030">
     <span class='ocr_line' id='line_1_106' title="bbox 500 4956 2062 5030; baseline 0.004 -19"><span class='ocrx_word' id='word_1_826' title='bbox 500 4959 826 5012; x_wconf 87' lang='lat' dir='ltr'><strong>credendum</strong></span> <span class='ocrx_word' id='word_1_827' title='bbox 876 4965 996 5018; x_wconf 87' lang='lat' dir='ltr'><strong>est,</strong></span> <span class='ocrx_word' id='word_1_828' title='bbox 1052 4966 1109 5008; x_wconf 91' lang='lat' dir='ltr'><strong>ut</strong></span> <span class='ocrx_word' id='word_1_829' title='bbox 1137 4956 1302 5011; x_wconf 89' lang='lat' dir='ltr'><strong>vitam</strong></span> <span class='ocrx_word' id='word_1_830' title='bbox 1334 4967 1590 5011; x_wconf 65' lang='lat' dir='ltr'><strong>aeternam</strong></span> <span class='ocrx_word' id='word_1_831' title='bbox 1640 4972 2062 5030; x_wconf 83' lang='lat' dir='ltr'><strong>consequamur.</strong></span> 
     </span>
    </p>
   </div>
   <div class='ocr_carea' id='block_1_107' title="bbox 497 5049 2062 5121">
    <p class='ocr_par' dir='ltr' id='par_1_107' title="bbox 497 5049 2062 5121">
     <span class='ocr_line' id='line_1_107' title="bbox 497 5049 2062 5121; baseline 0.001 -16"><span class='ocrx_word' id='word_1_832' title='bbox 497 5050 632 5106; x_wconf 80' lang='lat' dir='ltr'><strong>Nam</strong></span> <span class='ocrx_word' id='word_1_833' title='bbox 669 5050 840 5121; x_wconf 90' lang='lat' dir='ltr'><strong>quiin</strong></span> <span class='ocrx_word' id='word_1_834' title='bbox 867 5065 1014 5112; x_wconf 90' lang='lat' dir='ltr'><strong>eum,</strong></span> <span class='ocrx_word' id='word_1_835' title='bbox 1045 5049 1236 5116; x_wconf 84' lang='lat' dir='ltr'><strong>inquit,</strong></span> <span class='ocrx_word' id='word_1_836' title='bbox 1269 5049 1464 5112; x_wconf 89' lang='lat' dir='ltr'><strong>credit,</strong></span> <span class='ocrx_word' id='word_1_837' title='bbox 1500 5049 1664 5105; x_wconf 88' lang='lat' dir='ltr'><strong>habet</strong></span> <span class='ocrx_word' id='word_1_838' title='bbox 1705 5051 1870 5104; x_wconf 81' lang='lat' dir='ltr'><strong>vitam</strong></span> <span class='ocrx_word' id='word_1_839' title='bbox 1903 5061 2062 5106; x_wconf 73' lang='lat' dir='ltr'><strong>aeter-</strong></span> 
     </span>
    </p>
   </div>
   <div class='ocr_carea' id='block_1_108' title="bbox 497 5142 2064 5214">
    <p class='ocr_par' dir='ltr' id='par_1_108' title="bbox 497 5142 2064 5214">
     <span class='ocr_line' id='line_1_108' title="bbox 497 5142 2064 5214; baseline 0.003 -20"><span class='ocrx_word' id='word_1_840' title='bbox 497 5157 651 5209; x_wconf 90' lang='lat' dir='ltr'><strong>nam;</strong></span> <span class='ocrx_word' id='word_1_841' title='bbox 692 5158 796 5198; x_wconf 89' lang='lat' dir='ltr'><strong>non</strong></span> <span class='ocrx_word' id='word_1_842' title='bbox 830 5142 921 5214; x_wconf 92' lang='lat' dir='ltr'><strong>qui</strong></span> <span class='ocrx_word' id='word_1_843' title='bbox 955 5143 1237 5212; x_wconf 82' lang='lat' dir='ltr'><strong>cognoscit</strong></span> <span class='ocrx_word' id='word_1_844' title='bbox 1273 5143 1548 5211; x_wconf 84' lang='lat' dir='ltr'><strong>quomodo</strong></span> <span class='ocrx_word' id='word_1_845' title='bbox 1571 5151 1736 5197; x_wconf 87' lang='lat' dir='ltr'><strong>natus</strong></span> <span class='ocrx_word' id='word_1_846' title='bbox 1763 5154 1848 5198; x_wconf 90' lang='lat' dir='ltr'><strong>est</strong></span> <span class='ocrx_word' id='word_1_847' title='bbox 1872 5144 1939 5199; x_wconf 90' lang='lat' dir='ltr'><strong>de</strong></span> <span class='ocrx_word' id='word_1_848' title='bbox 1963 5143 2064 5199; x_wconf 84' lang='lat' dir='ltr'><strong>Pa-</strong></span> 
     </span>
    </p>
   </div>
   <div class='ocr_carea' id='block_1_109' title="bbox 2168 4970 3743 5044">
    <p class='ocr_par' dir='ltr' id='par_1_109' title="bbox 2168 4970 3743 5044">
     <span class='ocr_line' id='line_1_109' title="bbox 2168 4970 3743 5044; baseline -0.002 -19"><span class='ocrx_word' id='word_1_849' title='bbox 2168 4975 2328 5036; x_wconf 85' lang='grc' dir='ltr'>νοεῖν,</span> <span class='ocrx_word' id='word_1_850' title='bbox 2375 4973 2449 5035; x_wconf 88' lang='grc' dir='ltr'><strong>ώς</strong></span> <span class='ocrx_word' id='word_1_851' title='bbox 2496 4973 2589 5024; x_wconf 74' lang='grc' dir='ltr'><strong>καὶ</strong></span> <span class='ocrx_word' id='word_1_852' title='bbox 2616 4972 2676 5024; x_wconf 85' lang='grc' dir='ltr'>τὸ</span> <span class='ocrx_word' id='word_1_853' title='bbox 2715 4974 3109 5044; x_wconf 78' lang='grc' dir='ltr'>γεγεννημένον</span> <span class='ocrx_word' id='word_1_854' title='bbox 3140 4975 3203 5025; x_wconf 85' lang='grc' dir='ltr'><strong>ἐκ</strong></span> <span class='ocrx_word' id='word_1_855' title='bbox 3227 4972 3320 5024; x_wconf 75' lang='grc' dir='ltr'><strong>τοῦ</strong></span> <span class='ocrx_word' id='word_1_856' title='bbox 3347 4970 3481 5023; x_wconf 78' lang='grc' dir='ltr'>Θεοῦ</span> <span class='ocrx_word' id='word_1_857' title='bbox 3510 4970 3644 5034; x_wconf 83' lang='grc' dir='ltr'>Θεὸς</span> <span class='ocrx_word' id='word_1_858' title='bbox 3673 4970 3743 5024; x_wconf 86' lang='grc' dir='ltr'><strong>ἂν</strong></span> 
     </span>
    </p>
   </div>
   <div class='ocr_carea' id='block_1_110' title="bbox 2167 5062 3743 5137">
    <p class='ocr_par' dir='ltr' id='par_1_110' title="bbox 2167 5062 3743 5137">
     <span class='ocr_line' id='line_1_110' title="bbox 2167 5062 3743 5137; baseline -0.001 -23"><span class='ocrx_word' id='word_1_859' title='bbox 2167 5063 2273 5132; x_wconf 72' lang='grc' dir='ltr'>εἴη.</span> <span class='ocrx_word' id='word_1_860' title='bbox 2306 5065 2452 5132; x_wconf 83' lang='grc' dir='ltr'><strong>Ὅσῳ</strong></span> <span class='ocrx_word' id='word_1_861' title='bbox 2489 5064 2545 5115; x_wconf 83' lang='grc' dir='ltr'>δὲ</span> <span class='ocrx_word' id='word_1_862' title='bbox 2597 5065 2696 5133; x_wconf 85' lang='grc' dir='ltr'>τῆς</span> <span class='ocrx_word' id='word_1_863' title='bbox 2739 5063 2972 5133; x_wconf 81' lang='grc' dir='ltr'>γεώδους</span> <span class='ocrx_word' id='word_1_864' title='bbox 3020 5064 3219 5137; x_wconf 83' lang='grc' dir='ltr'>σαρκὸς</span> <span class='ocrx_word' id='word_1_865' title='bbox 3257 5065 3285 5116; x_wconf 87' lang='grc' dir='ltr'><strong>ό</strong></span> <span class='ocrx_word' id='word_1_866' title='bbox 3329 5062 3743 5119; x_wconf 78' lang='grc' dir='ltr'>ἐπέκειναοτῶν</span> 
     </span>
    </p>
   </div>
   <div class='ocr_carea' id='block_1_111' title="bbox 2165 5151 3733 5226">
    <p class='ocr_par' dir='ltr' id='par_1_111' title="bbox 2165 5151 3733 5226">
     <span class='ocr_line' id='line_1_111' title="bbox 2165 5151 3733 5226; baseline 0 -22"><span class='ocrx_word' id='word_1_867' title='bbox 2165 5152 2298 5206; x_wconf 73' lang='grc' dir='ltr'>ὅλων</span> <span class='ocrx_word' id='word_1_868' title='bbox 2324 5154 2452 5218; x_wconf 78' lang='grc' dir='ltr'>Θεὸς</span> <span class='ocrx_word' id='word_1_869' title='bbox 2486 5155 2917 5226; x_wconf 84' lang='grc' dir='ltr'>ἀπηλλοτρίωται</span> <span class='ocrx_word' id='word_1_870' title='bbox 2964 5157 3055 5209; x_wconf 72' lang='grc' dir='ltr'><strong>καὶ</strong></span> <span class='ocrx_word' id='word_1_871' title='bbox 3096 5154 3502 5225; x_wconf 78' lang='grc' dir='ltr'>ἀπεσχοίνισται</span> <span class='ocrx_word' id='word_1_872' title='bbox 3534 5156 3600 5225; x_wconf 84' lang='grc' dir='ltr'>τῇ</span> <span class='ocrx_word' id='word_1_873' title='bbox 3633 5151 3733 5222; x_wconf 77' lang='grc' dir='ltr'><strong>φύ-</strong></span> 
     </span>
    </p>
   </div>
   <div class='ocr_carea' id='block_1_112' title="bbox 572 5278 1842 5353">
    <p class='ocr_par' dir='ltr' id='par_1_112' title="bbox 572 5278 1842 5353">
     <span class='ocr_line' id='line_1_112' title="bbox 572 5278 1842 5353; baseline 0.007 -19"><span class='ocrx_word' id='word_1_874' title='bbox 572 5285 630 5342; x_wconf 70' lang='grc' dir='ltr'><strong>›Ι‹</strong></span> <span class='ocrx_word' id='word_1_875' title='bbox 670 5278 770 5336; x_wconf 87' lang='lat' dir='ltr'><strong>Ed.</strong></span> <span class='ocrx_word' id='word_1_876' title='bbox 797 5283 996 5348; x_wconf 89' lang='lat' dir='ltr'><strong>Paris.,</strong></span> <span class='ocrx_word' id='word_1_877' title='bbox 1023 5298 1145 5353; x_wconf 85' lang='lat' dir='ltr'><strong>pag.</strong></span> <span class='ocrx_word' id='word_1_878' title='bbox 1174 5281 1262 5340; x_wconf 72' lang='lat'><strong>72.</strong></span> <span class='ocrx_word' id='word_1_879' title='bbox 1358 5283 1402 5316; x_wconf 81' lang='grc'>⁸⁸</span> <span class='ocrx_word' id='word_1_880' title='bbox 1425 5282 1611 5339; x_wconf 84' lang='lat' dir='ltr'><strong>Matth.</strong></span> <span class='ocrx_word' id='word_1_881' title='bbox 1647 5285 1842 5352; x_wconf 78' lang='lat' dir='ltr'><strong>xut,5.</strong></span> 
     </span>
    </p>
   </div>
   <div class='ocr_carea' id='block_1_113' title="bbox 1936 5288 2406 5356">
    <p class='ocr_par' dir='ltr' id='par_1_113' title="bbox 1936 5288 2406 5356">
     <span class='ocr_line' id='line_1_113' title="bbox 1936 5288 2406 5356; baseline 0.006 -11"><span class='ocrx_word' id='word_1_882' title='bbox 1936 5288 1986 5320; x_wconf 74' lang='lat'><strong>“</strong></span> <span class='ocrx_word' id='word_1_883' title='bbox 2010 5288 2167 5346; x_wconf 81' lang='lat' dir='ltr'><strong>Joan.</strong></span> <span class='ocrx_word' id='word_1_884' title='bbox 2202 5309 2285 5356; x_wconf 86' lang='lat' dir='ltr'><strong>tu.</strong></span> <span class='ocrx_word' id='word_1_885' title='bbox 2320 5296 2406 5350; x_wconf 81' lang='lat' dir='ltr'><strong>l6.</strong></span> 
     </span>
    </p>
   </div>
   <div class='ocr_carea' id='block_1_114' title="bbox 497 5478 3740 5618">
    <p class='ocr_par' dir='ltr' id='par_1_114' title="bbox 497 5478 3740 5618">
     <span class='ocr_line' id='line_1_114' title="bbox 497 5478 3740 5618; baseline 0.005 -87"><span class='ocrx_word' id='word_1_886' title='bbox 497 5481 900 5618; x_wconf 50' lang='grc' dir='ltr'>ἔρυοαγᾶγῄντος</span> <span class='ocrx_word' id='word_1_887' title='bbox 924 5478 1093 5584; x_wconf 57' lang='grc' dir='ltr'>αἰτίου</span> <span class='ocrx_word' id='word_1_888' title='bbox 1122 5515 1189 5583; x_wconf 56' lang='lat'><strong>:—</strong></span> <span class='ocrx_word' id='word_1_889' title='bbox 1222 5485 1376 5557; x_wconf 85' lang='grc' dir='ltr'>σχοίη</span> <span class='ocrx_word' id='word_1_890' title='bbox 1404 5485 1468 5540; x_wconf 80' lang='grc' dir='ltr'><strong>ἂν</strong></span> <span class='ocrx_word' id='word_1_891' title='bbox 1497 5485 1595 5556; x_wconf 81' lang='grc' dir='ltr'><strong>τῆς</strong></span> <span class='ocrx_word' id='word_1_892' title='bbox 1615 5484 1833 5557; x_wconf 82' lang='grc' dir='ltr'>πρώτης</span> <span class='ocrx_word' id='word_1_893' title='bbox 1864 5487 2057 5558; x_wconf 85' lang='grc' dir='ltr'>γεννή-</span> <span class='ocrx_word' id='word_1_894' title='bbox 2167 5489 2296 5546; x_wconf 89' lang='lat' dir='ltr'><strong>Dein</strong></span> <span class='ocrx_word' id='word_1_895' title='bbox 2327 5491 2484 5562; x_wconf 76' lang='lat' dir='ltr'><strong>vulgo</strong></span> <span class='ocrx_word' id='word_1_896' title='bbox 2513 5493 2570 5547; x_wconf 82' lang='grc' dir='ltr'>ὃν</span> <span class='ocrx_word' id='word_1_897' title='bbox 2600 5495 2829 5566; x_wconf 77' lang='grc' dir='ltr'>ἐκήρυξε</span> <span class='ocrx_word' id='word_1_898' title='bbox 2857 5495 3031 5564; x_wconf 86' lang='grc' dir='ltr'>λέγων</span> <span class='ocrx_word' id='word_1_899' title='bbox 3062 5505 3115 5549; x_wconf 85' lang='lat' dir='ltr'><strong>et</strong></span> <span class='ocrx_word' id='word_1_900' title='bbox 3143 5499 3190 5550; x_wconf 82' lang='grc' dir='ltr'><strong>εί</strong></span> <span class='ocrx_word' id='word_1_901' title='bbox 3219 5496 3273 5550; x_wconf 84' lang='grc' dir='ltr'>δὲ</span> <span class='ocrx_word' id='word_1_902' title='bbox 3307 5495 3525 5550; x_wconf 80' lang='grc' dir='ltr'>ἀκούειν</span> <span class='ocrx_word' id='word_1_903' title='bbox 3558 5503 3609 5546; x_wconf 85' lang='lat' dir='ltr'><strong>et</strong></span> <span class='ocrx_word' id='word_1_904' title='bbox 3641 5510 3740 5564; x_wconf 83' lang='grc' dir='ltr'>γε-</span> 
     </span>
     <span class='ocr_line' id='line_1_115' title="bbox 610 5554 3740 5618; baseline 0.005 -16"><span class='ocrx_word' id='word_1_905' title='bbox 610 5579 633 5612; x_wconf 56' lang='grc'>,</span> <span class='ocrx_word' id='word_1_906' title='bbox 727 5567 758 5603; x_wconf 88' lang='lat' dir='ltr'><strong>o</strong></span> <span class='ocrx_word' id='word_1_907' title='bbox 798 5554 850 5604; x_wconf 77' lang='lat' dir='ltr'><strong>tl.</strong></span> <span class='ocrx_word' id='word_1_908' title='bbox 887 5554 1169 5618; x_wconf 58' lang='grc' dir='ltr'>γενέσεως)</span> <span class='ocrx_word' id='word_1_909' title='bbox 1201 5572 1252 5609; x_wconf 92' lang='grc' dir='ltr'>τ.</span> <span class='ocrx_word' id='word_1_910' title='bbox 1282 5573 1370 5618; x_wconf 89' lang='grc' dir='ltr'><strong>γν.</strong></span> <span class='ocrx_word' id='word_1_911' title='bbox 1403 5559 1468 5613; x_wconf 79' lang='grc' dir='ltr'><strong>ιι.</strong></span> <span class='ocrx_word' id='word_1_912' title='bbox 1499 5574 1552 5618; x_wconf 83' lang='grc' dir='ltr'>ι).</span> <span class='ocrx_word' id='word_1_913' title='bbox 1577 5557 1667 5612; x_wconf 84' lang='grc'><strong>99.</strong></span> <span class='ocrx_word' id='word_1_914' title='bbox 1696 5556 1863 5613; x_wconf 84' lang='lat' dir='ltr'><strong>Porro</strong></span> <span class='ocrx_word' id='word_1_915' title='bbox 1903 5559 2060 5618; x_wconf 70' lang='lat' dir='ltr'><strong>vulgo</strong></span> <span class='ocrx_word' id='word_1_916' title='bbox 2165 5559 2388 5618; x_wconf 86' lang='grc' dir='ltr'>γένηται</span> <span class='ocrx_word' id='word_1_917' title='bbox 2414 5575 2467 5616; x_wconf 90' lang='lat' dir='ltr'><strong>et</strong></span> <span class='ocrx_word' id='word_1_918' title='bbox 2502 5565 2687 5618; x_wconf 76' lang='grc' dir='ltr'>μετείη</span> <span class='ocrx_word' id='word_1_919' title='bbox 2719 5565 2863 5618; x_wconf 77' lang='grc' dir='ltr'>ζωῆς</span> <span class='ocrx_word' id='word_1_920' title='bbox 2889 5577 2942 5618; x_wconf 89' lang='lat' dir='ltr'><strong>et</strong></span> <span class='ocrx_word' id='word_1_921' title='bbox 2969 5567 3106 5618; x_wconf 74' lang='grc' dir='ltr'>ποὺς</span> <span class='ocrx_word' id='word_1_922' title='bbox 3135 5569 3412 5618; x_wconf 78' lang='grc' dir='ltr'>σωτηρίαν</span> <span class='ocrx_word' id='word_1_923' title='bbox 3439 5577 3492 5618; x_wconf 90' lang='lat' dir='ltr'><strong>et</strong></span> <span class='ocrx_word' id='word_1_924' title='bbox 3522 5565 3610 5618; x_wconf 80' lang='grc' dir='ltr'><strong>τὸν</strong></span> <span class='ocrx_word' id='word_1_925' title='bbox 3643 5565 3740 5618; x_wconf 78' lang='grc' dir='ltr'>αὐ-</span> 
     </span>
    </p>
   </div>
   <div class='ocr_carea' id='block_1_115' title="bbox 498 5556 2055 5694">
    <p class='ocr_par' dir='ltr' id='par_1_115' title="bbox 498 5556 2055 5694">
     <span class='ocr_line' id='line_1_116' title="bbox 499 5556 2055 5636; baseline 0.01 -38"><span class='ocrx_word' id='word_1_926' title='bbox 499 5563 636 5612; x_wconf 86' lang='grc' dir='ltr'>σεως</span> <span class='ocrx_word' id='word_1_927' title='bbox 670 5556 850 5636; x_wconf 69' lang='lat' dir='ltr'><strong>(codd.</strong></span> <span class='ocrx_word' id='word_1_928' title='bbox 887 5556 1169 5621; x_wconf 84' lang='grc' dir='ltr'>γενέσεως)</span> <span class='ocrx_word' id='word_1_929' title='bbox 1201 5572 1252 5609; x_wconf 91' lang='grc' dir='ltr'>τ.</span> <span class='ocrx_word' id='word_1_930' title='bbox 1282 5556 1370 5624; x_wconf 87' lang='grc' dir='ltr'><strong>γν.</strong></span> <span class='ocrx_word' id='word_1_931' title='bbox 1403 5559 1468 5613; x_wconf 78' lang='grc' dir='ltr'><strong>ιι.</strong></span> <span class='ocrx_word' id='word_1_932' title='bbox 1499 5574 1552 5626; x_wconf 90' lang='lat' dir='ltr'><strong>p.</strong></span> <span class='ocrx_word' id='word_1_933' title='bbox 1577 5557 1667 5612; x_wconf 83' lang='lat'><strong>99.</strong></span> <span class='ocrx_word' id='word_1_934' title='bbox 1696 5556 1863 5613; x_wconf 84' lang='lat' dir='ltr'><strong>Porro</strong></span> <span class='ocrx_word' id='word_1_935' title='bbox 1903 5556 2055 5628; x_wconf 74' lang='lat' dir='ltr'><strong>vulgo</strong></span> 
     </span>
     <span class='ocr_line' id='line_1_117' title="bbox 498 5619 1323 5694; baseline 0.011 -24"><span class='ocrx_word' id='word_1_936' title='bbox 498 5619 534 5688; x_wconf 69' lang='grc' dir='ltr'><strong>ἦ</strong></span> <span class='ocrx_word' id='word_1_937' title='bbox 565 5633 667 5694; x_wconf 69' lang='grc' dir='ltr'><strong>που</strong></span> <span class='ocrx_word' id='word_1_938' title='bbox 697 5621 854 5694; x_wconf 79' lang='grc' dir='ltr'>ὴμεις</span> <span class='ocrx_word' id='word_1_939' title='bbox 881 5634 935 5675; x_wconf 92' lang='lat' dir='ltr'><strong>et</strong></span> <span class='ocrx_word' id='word_1_940' title='bbox 955 5625 1323 5694; x_wconf 83' lang='grc' dir='ltr'>ποιησώμεθα.</span> 
     </span>
    </p>
   </div>
   <div class='ocr_carea' id='block_1_116' title="bbox 2155 5556 3743 5694">
    <p class='ocr_par' dir='ltr' id='par_1_116' title="bbox 2165 5556 3743 5694">
     <span class='ocr_line' id='line_1_118' title="bbox 2165 5556 3743 5642; baseline 0.006 -30"><span class='ocrx_word' id='word_1_941' title='bbox 2165 5559 2388 5642; x_wconf 69' lang='grc' dir='ltr'>γένηται</span> <span class='ocrx_word' id='word_1_942' title='bbox 2414 5556 2467 5616; x_wconf 67' lang='grc' dir='ltr'><strong>ἐι</strong></span> <span class='ocrx_word' id='word_1_943' title='bbox 2501 5556 2863 5636; x_wconf 78' lang='grc' dir='ltr'>μετείη”ζωῆς</span> <span class='ocrx_word' id='word_1_944' title='bbox 2889 5556 2942 5620; x_wconf 74' lang='grc' dir='ltr'>οἱ</span> <span class='ocrx_word' id='word_1_945' title='bbox 2969 5567 3106 5635; x_wconf 77' lang='grc' dir='ltr'>πρὸς</span> <span class='ocrx_word' id='word_1_946' title='bbox 3135 5569 3412 5636; x_wconf 86' lang='grc' dir='ltr'>σωτηρίαν</span> <span class='ocrx_word' id='word_1_947' title='bbox 3439 5577 3492 5622; x_wconf 91' lang='lat' dir='ltr'><strong>et</strong></span> <span class='ocrx_word' id='word_1_948' title='bbox 3522 5565 3610 5618; x_wconf 80' lang='grc' dir='ltr'><strong>τὸν</strong></span> <span class='ocrx_word' id='word_1_949' title='bbox 3643 5556 3743 5622; x_wconf 74' lang='grc' dir='ltr'><strong>ἀύ-</strong></span> 
     </span>
     <span class='ocr_line' id='line_1_119' title="bbox 2166 5635 3743 5694; baseline 0.007 -10"><span class='ocrx_word' id='word_1_950' title='bbox 2166 5649 2260 5684; x_wconf 89' lang='grc' dir='ltr'><strong>του</strong></span> <span class='ocrx_word' id='word_1_951' title='bbox 2301 5637 2556 5694; x_wconf 85' lang='grc' dir='ltr'>μονογενῆ</span> <span class='ocrx_word' id='word_1_952' title='bbox 2599 5635 2724 5687; x_wconf 84' lang='grc' dir='ltr'>Υίὸν</span> <span class='ocrx_word' id='word_1_953' title='bbox 2747 5636 2944 5694; x_wconf 79' lang='grc' dir='ltr'>ὑπογρ.</span> <span class='ocrx_word' id='word_1_954' title='bbox 2971 5637 3200 5694; x_wconf 77' lang='grc' dir='ltr'>Σωτῆρα</span> <span class='ocrx_word' id='word_1_955' title='bbox 3219 5653 3232 5666; x_wconf 78' lang='grc'><strong><em>⁸</em></strong></span> <span class='ocrx_word' id='word_1_956' title='bbox 3265 5639 3327 5694; x_wconf 80' lang='grc' dir='ltr'>ὃς</span> <span class='ocrx_word' id='word_1_957' title='bbox 3357 5637 3438 5690; x_wconf 86' lang='grc' dir='ltr'><strong>δέ.</strong></span> <span class='ocrx_word' id='word_1_958' title='bbox 3473 5635 3637 5694; x_wconf 82' lang='lat' dir='ltr'><strong>Porro</strong></span> <span class='ocrx_word' id='word_1_959' title='bbox 3664 5637 3743 5694; x_wconf 78' lang='grc' dir='ltr'><strong>ὡς</strong></span> 
     </span>
    </p>
   </div>
   <div class='ocr_carea' id='block_1_117' title="bbox 570 5635 3750 5779">
    <p class='ocr_par' dir='ltr' id='par_1_117' title="bbox 570 5635 3750 5779">
     <span class='ocr_line' id='line_1_120' title="bbox 570 5635 3750 5779; baseline 0.005 -35"><span class='ocrx_word' id='word_1_960' title='bbox 570 5635 678 5761; x_wconf 62' lang='grc' dir='ltr'><strong>ἱῗῶ</strong></span> <span class='ocrx_word' id='word_1_961' title='bbox 697 5635 1433 5760; x_wconf 55' lang='grc' dir='ltr'><strong>Ἰῖἇῖεῗὲιῗὲἷλὲἒὲὶέὲῗῧ·ερει</strong></span> <span class='ocrx_word' id='word_1_962' title='bbox 1462 5694 1640 5766; x_wconf 83' lang='grc' dir='ltr'>λόγον,</span> <span class='ocrx_word' id='word_1_963' title='bbox 1666 5698 1873 5769; x_wconf 85' lang='lat' dir='ltr'><strong>opinor.</strong></span> <span class='ocrx_word' id='word_1_964' title='bbox 1904 5697 2057 5754; x_wconf 75' lang='lat' dir='ltr'><strong>n...</strong></span> <span class='ocrx_word' id='word_1_965' title='bbox 2162 5635 3637 5779; x_wconf 35' lang='lat' dir='ltr'><strong>smmifiliamfallacissiaif’&quot;°</strong></span> <span class='ocrx_word' id='word_1_966' title='bbox 3664 5637 3750 5704; x_wconf 59' lang='grc' dir='ltr'><strong>ὡς</strong></span> 
     </span>
    </p>
   </div>
  </div>
