4086 6202
343 303 449 358 859

1375 301 1462 357 DE
1503 300 2035 358 ECCLESIASTICA
2080 301 2471 361 THEOLOGIA
2514 307 2645 362 LIB.
2685 308 2728 361 1.

3489 320 3594 378 850

341 442 452 486 σει,
478 434 721 494 τοσουτῳ
746 422 850 495 χρὴ
878 424 1015 475 νοεῖν
1046 422 1138 475 καὶ
1164 423 1263 493 τῆς
1292 423 1399 475 τῶν
1416 424 1639 504 σαρκῶν
1668 425 1908 493 γενέσεως

2036 433 2135 477 tre.
2162 424 2328 481 Nemo
2355 429 2497 482 enim
2525 439 2636 483 tum
2666 429 2831 484 vitam
2864 440 3285 501 consequeretur
3311 444 3589 504 mlernam,

340 512 824 585 ἀπηλλπριῶσθαι
855 513 943 565 τὸν
970 513 1192 583 τρόπον,
1225 513 1344 567 καθ’
1373 495 1432 569 δῦ
1464 516 1492 567 6
1516 514 1701 586 Πατὴρ
1734 514 1924 583 ἐγέννα

337 606 433 659 τὸν
461 605 611 659 Υίόν.
656 605 729 657 Οὐ
759 603 864 676 γάρ
902 623 955 658 τι
998 603 1339 675 προϊέμενος,
1383 604 1493 659 οὐδ’
1526 604 1921 678 ἀλλοιούμενος,

339 697 468 750 οὑδέ
496 713 562 766 γε
592 696 904 768 παθητικῶς
928 696 1264 767 κινούμενος,
1285 697 1393 749 οὐδ’
1426 697 1565 762 ὅλως
1594 716 1648 750 τι
1666 698 1773 751 τῶν
1795 700 1923 770 ἡμῖν

343 787 820 858 συνεγνωσμένων,
857 788 1162 857 ὑπομένων,
1198 788 1394 860 ὑφίστη
1428 789 1609 844 αὑτόν.
1646 790 1780 843 Οὐδὲ
1815 792 1923 861 γάρ

346 876 510 948 σῶμα
538 872 625 948 ἦν,
654 878 728 941 ὡς
761 878 1061 949 ἀπόρροιαν
1088 878 1197 947 (46)
1232 878 1264 949 ἢ
1310 879 1554 950 μείωσιν,
1611 879 1645 950 ἦ
1681 880 1919 943 ἔκτασιν,

344 970 377 1039 ἢ
425 969 741 1040 μεταϐολὴν,
784 969 816 1040 ἢ
850 971 1080 1043 τροπὴν,
1125 970 1158 1042 ἢ
1192 973 1341 1040 ῥοὴν,
1391 972 1423 1043 ῆ
1469 972 1655 1044 μέρος,
1689 973 1721 1045 ἢ
1754 973 1922 1038 πάθος

344 1061 435 1111 ἐπ’
466 1058 611 1129 αὑτῷ
636 1058 984 1129 λογίσασθαιο
1017 1061 1221 1115 τούτων
1252 1063 1298 1116 δ’
1334 1064 1490 1126 ἐκτὸς
1532 1066 1787 1119 ἁπάντων
1825 1068 1921 1138 ἄῤ-

347 1154 508 1221 ρητον
537 1154 664 1222 ἡμῖν
711 1153 805 1205 καὶ
836 1154 1264 1222 ἀνεπιλόγιστον,
1301 1156 1500 1226 μᾶλλον
1532 1158 1588 1211 δὲ
1623 1158 1770 1231 πάσῃ
1800 1176 1921 1229 γεν-

343 1247 476 1313 νητῇ
512 1243 671 1311 φύσει
694 1244 1111 1316 ἀνεξερεύνητον
1144 1246 1237 1299 καὶ
1267 1247 1666 1318 ἀνεξιχνίαστον
1698 1252 1795 1321 τὴν
1824 1270 1917 1320 γε-

340 1337 686 1407 νεσιουργίαν
733 1338 951 1410 ὑφίστη.
992 1340 1031 1390 Γ
1034 1340 1158 1409 εννᾷ
1194 1341 1290 1410 μὲν
1318 1339 1411 1395 οὖν
1444 1344 1538 1395 καὶ
1580 1345 1608 1397 6
1644 1345 1794 1415 ἥλιος
1822 1345 1917 1417 τὴν

338 1428 548 1498 αὐγὴν,
593 1427 810 1497 λέγεται
852 1429 907 1482 δὲ
944 1431 1038 1483 καὶ
1077 1433 1106 1484 6
1144 1432 1271 1496 Υἱὸς
1318 1435 1682 1505 ἀπαύγασμα
1725 1438 1918 1506 φωτὸς

335 1521 534 1573 ἀϊδίου
566 1521 664 1574 καὶ
688 1522 1048 1591 ἀπαύγασμα
1073 1523 1183 1593 τῆς
1207 1524 1412 1591 δόξης,
1440 1527 1500 1579 οὑ
1527 1528 1624 1597 μὲν
1650 1529 1788 1581 κατά
1817 1530 1916 1601 τὴν

336 1611 604 1683 αἰσθητὴν
636 1612 728 1664 τοῦ
753 1614 927 1680 φωτὸς
951 1615 1135 1669 εἰκόνα
1159 1617 1433 1682 (ἐπέκεινα
1458 1617 1565 1689 γάρ
1591 1618 1791 1682 παντὸς
1819 1638 1917 1672 πα-

341 1705 741 1775 ραδείγματος),
765 1706 1023 1776 ἀρρήτοις
1053 1707 1214 1762 αὐτὸν
1252 1711 1345 1763 καὶ
1389 1712 1789 1783 ἀκαταλήπτοις
1831 1715 1911 1768 λό-

338 1813 456 1863 γοις
483 1796 702 1867 ὑφίστη,
724 1796 818 1849 κοιλ⁸
842 1797 1028 1852 τοῦτον
1051 1799 1147 1853 ἕνα
1178 1802 1269 1853 καὶ
1290 1803 1586 1874 Μονογενῆ.
1619 1805 1908 1860 Δυσσεδῶν

338 1886 398 1938 δὲ
430 1886 521 1938 καὶ
557 1884 730 1938 ἀθέων
771 1887 1000 1958 ἀνδρῶν,
1050 1888 1145 1960 τὴν
1173 1890 1430 1945 πολύθεον
1463 1892 1669 1962 πλάνην
1691 1913 1911 1967 νενοση-

340 1978 535 2041 κότων,
565 1968 967 2050 ἀποπεφράχθω
1012 1983 1119 2035 πᾶν
1153 1983 1344 2053 στόμα,
1381 1987 1429 2038 οἱ
1468 1986 1560 2040 τοῦ
1595 1988 1913 2057 μονογενοῦς

342 2069 475 2122 Υίοῠ
499 2070 592 2140 τὴν
612 2071 879 2142 ἐξαίρετον
901 2075 994 2126 καὶ
1018 2074 1318 2140 ἰδιάζουσαν
1335 2077 1583 2149 γέννησιν
1609 2082 1687 2144 είς
1711 2080 1914 2151 πλῆθος

342 2162 763 2227 καταϐάλλοντες
804 2166 1033 2233 Πατέρα
1060 2167 1292 2236 ἀνδρῶν
1332 2186 1395 2223 τε
1427 2170 1575 2225 θεῶν
1606 2175 1912 2246 τεέάνειρή-

342 2267 516 2317 κασιν,
582 2254 715 2325 ὁμοῦ
766 2255 865 2325 μὲν
916 2256 1111 2326 ἄνδρας
1158 2258 1408 2328 μίξαντες
1457 2260 1619 2326 θεοῖς,
1665 2262 1800 2334 ὁμοῦ
1853 2265 1910 2318 δὲ

338 2344 547 2407 τούτοις
577 2346 792 2417 όμοφυῆ
827 2347 918 2399 καὶ
946 2348 1036 2401 τὸν
1071 2349 1230 2402 αὑτὸν
1257 2352 1632 2424 εἰσηγούμενοι
1670 2357 1908 2427 Πατέρα.

246 2488 259 2501 ,
350 2436 487 2516 ςΑλὶβ
516 2438 635 2490 οὑδὲ
678 2438 774 2507 μὲν
805 2439 1052 2509 ἐνεργείᾳ
1077 2439 1361 2513 δαιμονικῇ
1395 2444 1455 2495 τὸ
1478 2445 1735 2508 δυσσεϐὲς
1760 2448 1910 2501 τουτὶ

334 2528 431 2580 καὶ
462 2528 618 2583 ἄθεον
650 2531 958 2601 προήκαντο
994 2533 1163 2601 ῥῆμα,
1196 2531 1273 2603 τῷ
1297 2532 1474 2604 θνητῷ
1506 2536 1599 2589 καὶ
1625 2537 1910 2612 παθητικῷ

334 2620 429 2672 καὶ
467 2620 822 2691 ἁμαρτητικῷ
850 2622 995 2689 γένει
1027 2621 1131 2675 τῶν
1170 2622 1470 2694 ἀνθρώπων
1510 2628 1768 2696 ὁμοφυεῖς
1816 2633 1911 2685 καὶ

334 2711 631 2777 ὁμοπαθεῖς
662 2710 838 2773 θεοὺς,
878 2712 970 2764 καὶ
1008 2711 1098 2764 τὸν
1140 2712 1345 2765 τούτων
1375 2714 1550 2767 κοινὸν
1589 2717 1908 2789 ὑποθέμενοι

336 2801 573 2871 Πατέρα,
626 2802 838 2865 πάντως
875 2818 979 2855 που
1014 2806 1125 2868 τοῖς
1153 2807 1339 2858 παισὶν
1372 2809 1855 2878 παρωμοιωμένον,
1880 2814 1908 2864 6

336 2892 380 2944 δ’
403 2892 844 2962 ἐκκλησιαστικδς
866 2895 1040 2965 κήρυξ
1067 2896 1183 2959 ἐνὸς
1211 2896 1343 2969 Θεοῦ
1364 2897 1460 2951 ἕνα
1496 2902 1756 2971 μονογενῆ
1781 2901 1907 2955 Υἱὸν

336 2986 448 3047 τοῖς
497 2987 660 3038 πᾶσιν
717 2986 1094 3057 ἀνακηρύττει,
1148 2988 1206 3041 ὃν
1267 2989 1407 3060 ὑπὲρ
1462 2993 1559 3061 τῆς
1622 2991 1730 3045 τῶν
1792 3010 1914 3061 γενρ

2027 517 2071 572 si
2124 518 2237 573 hate
2278 521 2515 575 conditio
2549 531 2747 576 statuta
2796 522 2985 577 fuisset
3014 542 3029 578 :
3064 525 3221 593 quia,
3253 526 3423 581 Nemo
3453 536 3592 585 norit

2026 603 2244 660 Putrem
2275 609 2376 662 nisi
2421 607 2611 674 Filius,
2628 627 2787 679 neque
2823 610 3023 666 Filium
3050 615 3166 682 quis
3192 617 3330 670 novit
3360 619 3464 672 nisi
3496 619 3595 673 Pa-

2025 710 2104 753 ter
2125 703 2289 763 solus,
2319 703 2406 771 qui
2442 703 2590 755 illum
2639 706 2905 772 generavit
2934 706 2999 760 ⁸⁸.
3047 706 3252 761 Sullicit
3279 722 3409 779 ergo
3441 713 3593 765 nobis

2025 792 2090 843 ad
2122 791 2349 846 salutem
2388 793 2518 847 lides
2543 834 2558 855 ,
2594 810 2654 848 ea
2706 811 2824 863 quae
2863 796 3025 850 Deum
3057 800 3210 852 nobis
3239 801 3461 855 exhibet
3498 802 3593 855 Pa-

2026 888 2162 933 trem
2188 919 2203 944 ,
2233 881 2657 950 omnipotentem
2689 924 2705 949 ,
2740 895 2792 937 et
2846 884 3038 939 Filium
3093 887 3263 954 ipsius
3309 887 3591 958 subsignat

2028 972 2396 1027 Servatorem.
2432 972 2533 1038 Qui
2562 984 2615 1028 et
2654 974 2769 1034 ipse
2810 975 2952 1030 inter
2978 976 3084 1029 alia
3118 976 3271 1031 nobis
3298 978 3398 1031 ista
3442 992 3590 1031 com-

2028 1065 2300 1118 mendavit
2331 1065 2614 1135 inquiens:
2646 1066 2796 1131 Quod
2836 1077 3014 1119 natum
3052 1077 3127 1121 est
3170 1084 3233 1121 ea:
3256 1085 3434 1133 carne,
3464 1084 3588 1122 caro

2025 1165 2099 1209 est
2131 1173 2150 1221 ;
2177 1168 2223 1210 et
2254 1160 2391 1225 quod
2436 1172 2612 1219 natum
2664 1168 2737 1211 est
2769 1174 2832 1210 ea:
2874 1160 3059 1223 spirilu
3083 1200 3098 1223 ,
3141 1160 3356 1227 spiritus
3386 1171 3460 1212 est
3499 1160 3583 1225 “;

2022 1247 2164 1302 Deus
2212 1259 2386 1302 autem
2432 1252 2647 1315 spiritus
2682 1260 2755 1302 est
2796 1250 2860 1301 ⁸⁷.
2898 1250 3245 1318 Consequens
3294 1250 3453 1318 igitur
3479 1258 3586 1315 est,

2021 1351 2080 1395 ut
2103 1340 2647 1410 intelligamus,qnod
2680 1351 2861 1394 natum
2885 1351 2969 1394 est
3002 1341 3066 1394 de
3100 1339 3228 1405 Deo,
3262 1340 3427 1393 Deum
3445 1355 3582 1395 esse.

2023 1434 2290 1500 Quantum
2323 1448 2451 1487 vero
2485 1432 2625 1486 Deus
2651 1434 2738 1487 ille
2777 1433 3148 1487 universorum
3182 1447 3343 1500 super
3369 1444 3585 1484 carnem

2021 1527 2157 1581 hanc
2185 1538 2457 1582 terrenam
2496 1527 2763 1581 exaltatus
2790 1565 2806 1589 ,
2851 1527 2919 1580 ab
2969 1525 3115 1580 illius
3167 1525 3327 1579 modo
3360 1522 3586 1578 recessit

2017 1628 2070 1674 et
2098 1634 2355 1673 mensura
2384 1636 2398 1672 :
2427 1617 2479 1672 in
2533 1627 2741 1673 tantum
2775 1616 2931 1671 nobis
2960 1616 3139 1671 animo
3171 1614 3583 1684 concipiendum

2016 1718 2100 1764 est
2133 1749 2147 1774 ,
2197 1711 2411 1763 modum
2462 1710 2654 1775 illum,
2695 1708 2989 1763 secundum
3018 1722 3175 1777 quem
3210 1706 3370 1761 Pater
3402 1707 3585 1775 genuit

2023 1801 2242 1867 Filium,
2279 1800 2462 1855 multis
2495 1800 2708 1868 quidem
2746 1800 3076 1867 parasangis,
3109 1798 3384 1853 carnalem
3417 1815 3579 1867 gene-

2018 1890 2171 1943 randi
2214 1890 2428 1944 modum
2466 1903 2814 1957 exsuperare.
2853 1895 2909 1951 as
2964 1888 3147 1956 Neque
3191 1890 3334 1941 enim
3378 1888 3580 1957 aliquid

2014 1982 2335 2047 emittendo,
2373 1981 2566 2036 nedum
2616 1981 2731 2048 ipse
2782 1980 3041 2034 alteratus
3067 2020 3082 2044 ,
3118 1990 3209 2033 aut
3243 1995 3339 2048 per
3368 1980 3579 2048 passio-

2016 2090 2136 2129 nem
2175 2073 2406 2129 allectus
2445 2074 2775 2142 aliqualiter,
2801 2084 2854 2127 ct
2878 2114 2894 2139 ,
2926 2085 2985 2128 ut
3035 2074 3315 2143 expediam
3370 2072 3537 2127 verbo
3561 2111 3577 2134 ,

2014 2166 2148 2220 nihil
2178 2181 2364 2220 eorum
2401 2166 2702 2228 subeundo,
2742 2180 2862 2235 quae
2898 2166 3098 2221 nostris
3125 2164 3318 2218 animis
3338 2174 3466 2218 sunt
3490 2178 3581 2219 co—

2012 2258 2251 2327 gnitioue
2284 2256 2764 2326 apprehensibilia,
2796 2255 2945 2311 illum
2973 2257 3267 2311 subsistere
3298 2253 3447 2309 fecit.
3462 2252 3581 2309 Non

2012 2351 2154 2405 enim
2188 2364 2387 2420 corpus
2421 2358 2538 2407 erat
2567 2349 2733 2412 Patri,
2786 2357 2846 2403 ut
2880 2347 3133 2402 ellluxum
3177 2348 3311 2416 ipsi,
3340 2346 3581 2401 diminu-

2015 2444 2236 2506 tionem,
2276 2441 2677 2508 extensionem,
2707 2440 3235 2500 transmutationem,
3272 2437 3581 2492 conversio-

2013 2550 2133 2589 nem
2160 2573 2178 2601 ,
2206 2533 2406 2588 ﬂuxum
2434 2572 2450 2597 ,
2480 2542 2662 2602 partes
2682 2570 2697 2595 ,
2735 2532 3043 2600 passionem
3088 2531 3445 2585 attribuamus
3471 2529 3580 2583 ulio

2011 2636 2186 2696 pacto.
2218 2626 2300 2678 Ab
2351 2624 2470 2678 istis
2500 2632 2681 2676 autem
2718 2623 2974 2675 omnibus
3022 2621 3160 2674 liher
3193 2630 3247 2674 et
3293 2628 3534 2673 semotus
3560 2658 3575 2683 ,

2009 2713 2373 2783 generationis
2410 2712 2626 2766 modum
2674 2710 2876 2765 subivit
2902 2709 3014 2773 ille,
3047 2724 3152 2763 non
3179 2708 3574 2777 explicabilem.

2010 2802 2601 2871 incomprehensibilem
2639 2826 2650 2857 ;
2692 2802 2799 2856 imo
2825 2810 2881 2856 et
2910 2800 3174 2855 universa:
3202 2809 3573 2853 creaturarum

2009 2905 2214 2949 natura:
2242 2934 2258 2960 ,
2293 2894 2451 2951 nullis
2481 2895 2723 2964 vestigiis
2771 2892 3100 2949 odorandam
3127 2932 3145 2961 ,
3178 2891 3322 2945 nulla
3355 2890 3576 2944 investi-

2008 2990 2229 3055 gatione
2280 2988 2691 3058 assequendam.
2735 2984 3013 3055 Prugignit
3061 2986 3274 3051 quidem
3316 2979 3575 3052 splendor

338 3074 517 3158 νητῶν
585 3075 837 3129 ἁπάντων
903 3076 1172 3147 σωτηρίας
1233 3094 1291 3130 τε
1356 3080 1449 3132 καὶ
1490 3080 1746 3150 προνοίας
1803 3083 1905 3153 ὑφ-

2013 3096 2121 3135 rem
2151 3080 2217 3135 de
2243 3095 2301 3135 se
2330 3079 2433 3134 sol.
2466 3078 2676 3133 Dicitur
2710 3087 2888 3132 autem
2916 3076 3106 3140 Filius,
3154 3075 3400 3145 splendor
3438 3071 3574 3125 lucis

339 3156 485 3230 ίστη.

2010 3184 2219 3227 wternw
2251 3172 2295 3204 ⁸⁸
2330 3190 2345 3228 :
2392 3182 2440 3226 et
2480 3171 2663 3239 gloria?
2686 3170 2934 3239 splendor
2962 3168 3029 3235 ",
3076 3166 3171 3221 sed
3219 3180 3325 3219 non
3376 3175 3572 3218 secun-

336 3248 463 3302 dum
512 3249 649 3306 lucis
702 3251 972 3308 sensibilis
1004 3253 1314 3324 imaginem.
1356 3254 1490 3310 Nam
1526 3274 1690 3328 supra
1720 3264 1897 3318 omnis
1936 3265 2167 3336 exempli
2236 3264 2642 3319 similitudinem
2670 3302 2686 3327 ,
2755 3257 3216 3316 inenarrabilihus
3241 3272 3365 3312 eum
3400 3253 3575 3311 modis

332 3353 390 3398 et
440 3344 1019 3415 incomprehendendis
1066 3350 1323 3418 produxit
1383 3350 1546 3409 Pater
1595 3373 1607 3409 :

1664 3371 1895 3428 eumque
1933 3376 2098 3415 unum
2133 3370 2189 3415 et
2238 3360 2610 3430 Unigeuitum.
2678 3356 2865 3425 lmpiis
2926 3364 3102 3410 autem
3142 3352 3413 3419 ornuibus,
3444 3359 3500 3407 et
3540 3366 3572 3405 ε

331 3437 533 3506 pietate
576 3441 835 3506 remotis,
880 3456 971 3511 qut
1025 3444 1215 3498 morbo
1262 3443 1509 3499 laborant
1555 3448 1621 3503 de
1674 3449 1896 3507 deorum
1936 3453 2302 3516 multitudine,
2367 3452 2691 3505 obturantur
2749 3464 2842 3504 ora
2878 3465 2891 3503 :
2929 3448 3018 3514 qui
3048 3446 3373 3517 singularem
3410 3446 3570 3500 istam

329 3542 386 3587 et
408 3543 663 3588 aeternam
691 3536 950 3605 unigeniti
991 3537 1107 3592 Filii
1148 3539 1584 3609 generationem,
1618 3543 1671 3599 in
1709 3547 2107 3604 multitudinem
2171 3548 2423 3603 deorsum
2486 3543 2817 3613 conjiciunt,
2875 3540 3092 3595 Patrem
3168 3541 3436 3593 hominum
3474 3555 3574 3595 no-

333 3628 602 3685 minantes
641 3633 996 3702 deorumque,
1041 3633 1287 3691 homines
1329 3637 1430 3692 diis
1454 3641 1901 3711 commiscentes,
1940 3643 2154 3699 Patrem
2184 3652 2547 3714 supponentes
2608 3642 2690 3711 his
2754 3653 3132 3710 congenerem.
3168 3637 3307 3702 Alii,
3339 3651 3434 3706 per
3457 3637 3568 3692 dte-

336 3734 554 3775 mounm
612 3721 1021 3788 operationem,
1077 3722 1298 3789 impium
1362 3726 1503 3781 istud
1561 3733 1777 3784 verbum
1846 3743 1900 3786 et
1939 3734 2204 3788 atheismo
2262 3734 2477 3804 plenum
2552 3731 2845 3804 protulere,
2894 3731 3021 3785 deos
3060 3743 3414 3797 congeneres.
3470 3726 3570 3782 iis—

335 3810 564 3878 demque
600 3811 937 3882 passionibus
970 3810 1257 3879 obnoxios,
1282 3814 1475 3881 quibus
1512 3819 1761 3883 mortale,
1818 3822 2089 3888 passibile,
2160 3831 2214 3877 et
2278 3822 2553 3891 peccabile
2574 3837 2742 3893 genus
2789 3820 3065 3875 hominum
3096 3819 3357 3889 subjacct,
3378 3818 3567 3873 horum

332 3904 575 3955 omnium
627 3912 682 3956 et
727 3902 1058 3971 singulorum
1119 3903 1333 3958 Patrem
1402 3904 1591 3972 Deum,
1642 3911 1868 3979 singulis
1916 3921 1969 3966 et
2022 3916 2288 3969 universis
2333 3917 2643 3970 assimilari.
2692 3912 2877 3967 Przeco
2923 3922 3100 3966 autem
3156 3911 3566 3968 Ecclesiasticus

335 3994 491 4046 unius
519 3994 631 4058 Dei,
662 4009 822 4047 unum
856 3995 1157 4058 annuntiat,
1186 4005 1242 4049 et
1281 3997 1616 4065 unigenitum
1645 4001 1840 4056 Filium
1873 4022 1886 4056 :
1928 4019 2086 4073 quem
2143 4009 2303 4063 Pater
2353 4010 2420 4063 ad
2467 4009 2694 4064 salutem
2729 4008 3146 4071 universorum,
3228 4013 3282 4059 ct
3345 4004 3568 4076 singulis

336 4086 725 4152 providendum
756 4087 1041 4149 creaturis,
1072 4089 1367 4144 subsistere
1392 4090 1543 4145 fecit.

978 4179 1135 4232 ΚΕΦ.
1150 4179 1243 4235 ΙΓ’.

333 4265 462 4319 Ὅτι
503 4267 797 4335 ἀναγκαία
836 4268 933 4343 καὶ
970 4270 1265 4343 σωτήριος
1306 4270 1432 4343 τοῖς
1476 4271 1667 4328 πᾶσιν
1721 4276 1755 4343 ἠ
1799 4275 1905 4331 τοῦ

863 4340 996 4394 Υίοῦ
1030 4340 1373 4395 ἐπιστασία.

414 4430 629 4502 Ἐπειδὴ
654 4433 761 4503 γάρ
781 4435 814 4502 ἡ
838 4433 945 4486 τῶν
977 4434 1274 4502 γεγονότων
1298 4434 1457 4504 φύσις
1487 4436 1544 4489 ἐν
1575 4435 1786 4506 σώμασι
1810 4437 1903 4491 καὶ

327 4525 662 4595 ἀσωμάτοις,
696 4524 958 4594 ἐμψύχοις
982 4541 1040 4577 τε
1072 4525 1163 4577 καὶ
1187 4525 1433 4596 ἀψύχοις,
1460 4526 1695 4596 λογικοῖς
1724 4545 1783 4580 τε
1808 4531 1902 4583 καὶ

326 4616 563 4684 ἀλόγοις,
612 4616 821 4686 θνητοῖς
860 4634 919 4669 τε
962 4617 1055 4670 καὶ
1081 4617 1384 4683 ἀθανάτοις,
1418 4620 1480 4672 τὸ
1520 4620 1773 4691 διάφορον
1806 4636 1899 4672 κε-

327 4710 614 4779 κτημένη’,
644 4709 722 4779 τῷ
756 4710 894 4782 ὑπὲρ
921 4712 1135 4764 πάντων
1170 4714 1261 4765 καὶ
1288 4714 1381 4765 ἐπὶ
1413 4714 1625 4769 πάντων
1652 4713 1769 4783 Θεῷ
1800 4731 1897 4766 πε-

324 4802 510 4864 ’άζειν
538 4802 629 4853 καὶ
658 4801 761 4855 τῶν
784 4802 883 4872 τῆς
909 4802 1071 4855 αὑτοῦ
1105 4803 1355 4872 θεότητος
1391 4804 1765 4875 μαρμαρυγῶν
1798 4806 1897 4875 οὑχ

321 4910 356 4933 η
379 4907 413 4945 α
444 4910 501 4945 τε
535 4888 602 4962 ἦν
640 4893 882 4962 μετέχειν
912 4893 978 4946 δι’
1009 4894 1312 4964 ὑπερϐολὴν
1342 4895 1439 4966 τῆς
1464 4896 1569 4950 ἀπὸ
1599 4894 1690 4948 τοῦ
1721 4895 1898 4967 κρείτ-

322 5001 479 5046 τονος
499 4984 805 5054 ἐλλείψεως,
841 4986 1054 5056 μακρὰν
1081 4985 1137 5037 δὲ
1178 4986 1271 5038 καὶ
1300 4988 1650 5057 πορρωτάτω,
1682 4984 1894 5055 φύσεως

321 5073 598 5144 ἀσθενείᾳ,
629 5074 885 5130 διολισθὲν
908 5076 973 5129 ἂν
1003 5074 1110 5145 εἴη,
1140 5075 1249 5147 (47)
1288 5078 1336 5129 εἰ
1370 5076 1444 5147 μὴ
1469 5076 1600 5130 Θεοῦ
1647 5077 1897 5147 Σωτῆρος

322 5163 483 5237 ἔτυχε
535 5162 745 5235 βοηθοῦ,
786 5163 1005 5228 εἰκότως
1037 5166 1069 5235 ὴ
1104 5166 1340 5237 πατρικὴ
1376 5166 1774 5237 φιλανθρωπία,
1808 5168 1897 5220 τὸν

2616 4182 2767 4238 CAP.
2812 4181 2946 4236 Xlll.

2081 4274 2233 4340 Quod
2262 4274 2512 4328 adventus
2543 4271 2671 4326 Filii
2708 4273 2945 4326 omnibus
2976 4273 3133 4343 fuerit
3174 4272 3419 4328 salutaris
3449 4283 3498 4328 et

2620 4359 2961 4399 necessarius.

2076 4434 2519 4503 Quandoquidem
2553 4448 2684 4488 vero
2732 4448 2912 4487 rerum
2956 4442 3429 4505 progeneratarum
3473 4449 3567 4490 na-

2004 4538 2143 4592 tura,
2180 4542 2301 4598 quze
2326 4524 2686 4581 dill'ereutiam
2724 4528 2915 4581 sortita
2952 4536 3038 4581 est
3063 4526 3437 4596 multiplicem,
3470 4541 3567 4596 per

2004 4633 2293 4685 corporeas
2319 4628 2371 4673 et
2397 4618 2747 4687 incorporeas
2780 4622 3046 4673 essentias
3064 4658 3079 4684 ,
3105 4619 3371 4673 animatas
3399 4630 3455 4675 et
3481 4621 3565 4674 in-

2002 4713 2270 4767 auimatas
2302 4753 2315 4775 ,
2344 4713 2638 4767 rationales
2661 4753 2674 4776 ,
2701 4722 2757 4767 et
2786 4711 3161 4777 irrationales,
3206 4714 3457 4768 mortales
3513 4722 3568 4769 et

2002 4802 2339 4858 immortales
2363 4843 2379 4868 ,
2428 4807 2861 4875 appropinquare
2893 4806 3001 4860 Deo
3026 4844 3043 4871 ,
3071 4806 3159 4873 qui
3192 4820 3353 4874 super
3384 4808 3564 4861 omnia

1999 4902 2054 4948 et
2087 4909 2181 4963 per
2214 4895 2395 4948 omnia
2425 4906 2638 4963 praeest,
2662 4902 2719 4959 >I<
2757 4896 2900 4949 illius
2922 4896 3221 4949 divinitatis
3248 4896 3564 4965 Splendorcs

2001 4984 2145 5037 nullo
2198 4984 2355 5038 modo
2402 4985 2578 5053 potuit
2616 4984 2940 5053 participare
2968 5022 2982 5047 ,
3026 4984 3096 5037 ob
3147 4982 3364 5035 nimiam
3417 4981 3561 5034 illam

2000 5091 2151 5129 suam
2187 5075 2550 5130 delicientiam
2576 5116 2591 5141 ,
2620 5091 2715 5146 per
2763 5090 2921 5145 quam
2961 5092 2990 5128 a
3028 5082 3218 5129 natura
3268 5074 3355 5128 illa
3394 5072 3562 5127 subli-

2004 5169 2242 5224 missima
2281 5180 2607 5226 semovetur.
2641 5167 2791 5223 Unde
2821 5181 3016 5237 magno
3038 5206 3054 5233 ,
3103 5168 3213 5221 imo
3246 5165 3559 5235 longissimo

400 5332 463 5392 ἧς
493 5328 589 5384 Ed.
622 5328 818 5395 Paris.,
841 5344 997 5401 pagg.
1019 5328 1201 5394 Ἰδαί.
1230 5327 1483 5385 “Matth.
1521 5328 2032 5400 x1,27.,“.loan.nt,
2068 5327 2121 5382 6.
2160 5327 2377 5383 "Joan.
2399 5327 2579 5394 “7,24.
2656 5326 2701 5367 ⁸⁸
2716 5325 2842 5393 Sap.
2874 5340 2979 5389 vn,
3009 5324 3097 5380 26.
3177 5324 3461 5394 "ﬂebm,
3499 5326 3552 5381 3.

402 5565 509 5638 (ιϐ)
541 5566 710 5642 Vtugo
739 5570 841 5642 καὶ
877 5568 1128 5642 μείωσιν,
1154 5566 1272 5642 dein
1303 5566 1426 5638 ῥοὴν
1456 5577 1508 5622 et
1534 5585 1878 5642 γεννησιουρ-

327 5638 531 5711 γίανηοι
562 5638 656 5690 καὶ
679 5638 707 5689 6
734 5638 966 5711 mitiget
989 5638 1086 5691 ἀπ.
1109 5638 1483 5711 δόξηςηῃοιτο
1522 5638 1775 5711 αἰσθητόν
1820 5638 1876 5695 et

328 5709 382 5758 al
404 5707 572 5761 ἀΐδιον
606 5715 659 5762 et
691 5706 1115 5773 καταϐάλλοντες
1142 5718 1194 5761 et
1223 5709 1375 5777 ἀνδρ.
1406 5710 1498 5763 καὶ
1530 5706 1689 5766 θεῶνζ
1735 5712 1871 5767 Dein

322 5778 471 5831 ἄλλοι
502 5777 559 5830 δὲ
600 5778 697 5849 μέν
720 5789 773 5833 et
802 5777 881 5843 τῷ
908 5778 1053 5847 διαφ.
1086 5778 1191 5848 Mp.
1217 5780 1285 5831 ῖσ.
1313 5778 1388 5831 τό.

2065 5577 2175 5647 (47)
2211 5580 2281 5632 El
2300 5576 2387 5647 μὴ
2430 5576 2580 5647 Θεοῦ
2605 5574 2918 5644 Σωτήριος.
2955 5572 3035 5647 Ιιο
3070 5574 3275 5647 legend.
3333 5575 3554 5647 omnino

1990 5642 2136 5713 patet
2158 5642 2337 5719 [vulgo
2367 5642 2453 5771 έῖῖ
2485 5646 2605 5719 pq},
2636 5642 2836 5713 statim,
2865 5642 3141 5719 χωροῦντα
3166 5645 3269 5720 [sic
3298 5654 3347 5702 ct
3367 5642 3553 5719 codd]

1990 5733 2175 5771 nempe
2200 5720 2384 5771 ﬁlium.
2454 5717 2492 5770 Ι.

1987 5717 2175 5787 nempe
2200 5720 2384 5774 lilium.
2426 5717 2492 5771 M.
