4086 6202
562 309 657 365 851

1235 307 1505 365 EUSEBll
1545 307 2027 365 CAESARIENSIS
2064 306 2214 365 OPP.
2256 308 2433 365 PARS
2471 310 2559 367 IV.
2598 343 2666 353 —
2706 309 3119 368 DOGMATICA.

3679 293 3790 366 sm

562 425 869 490 in'ervallo,
896 433 1119 495 propter
1142 424 1440 477 naturalem
1473 438 1625 477 suam
1658 423 2026 479 infirmitatem
2058 424 2110 479 al

2230 426 2393 479 αὑτοῦ
2439 426 2700 497 μονογενῆ
2747 428 2917 506 ῌαῖδα
2963 428 3055 479 ἐτι)⁵
3092 426 3224 479 πᾶσι
3274 422 3525 492 καθίστη,
3572 421 3666 474 καὶ
3701 418 3790 475 διά

562 520 651 573 illo
680 519 1007 582 excidisset,
1040 516 1143 569 nisi
1188 516 1352 569 Deum
1389 514 1689 582 adiutorem
1728 516 1902 585 ipsum
1935 519 2122 571 nanci-

562 620 826 674 sceretur,
861 616 1088 676 paterna
1120 606 1210 661 illa
1254 607 1345 661 Dei
1380 607 1771 671 misericordia,
1805 622 1902 661 nec
1934 611 2123 662 imme—

563 704 688 769 rito,
720 718 876 759 suum
908 701 1096 755 Filium
1145 700 1480 769 unigenitum
1510 714 1672 767 super
1702 714 1893 756 omnes
1921 701 2125 756 consti-

562 795 683 862 tuit,
717 804 901 863 utpote
926 794 1013 862 qui
1045 806 1143 862 per
1172 792 1351 846 omnia
1372 800 1718 859 commearet,
1743 792 1991 846 omnibus
2009 793 2122 847 loco

559 887 919 939 moderatoris
950 884 1287 953 praesideret,
1324 892 1376 935 et
1405 883 1524 937 illos
1554 882 1771 951 largiter
1794 884 1859 937 de
1889 898 1983 939 sua
2011 900 2123 939 mu-

560 976 833 1041 nificentia
873 976 1145 1046 irrigaret.
1198 973 1476 1029 Universis
1515 974 1781 1040 siquidem
1823 986 1876 1029 et
1902 975 2124 1045 singulis

558 1084 683 1124 eum
733 1068 916 1132 Pater,
949 1069 1036 1135 qui
1070 1075 1371 1135 genuerat,
1420 1079 1525 1119 tam
1578 1067 1666 1133 qui
1699 1076 1825 1122 sunt
1869 1068 1921 1121 in
1948 1068 2121 1133 caelis,

558 1172 722 1227 quam
755 1162 845 1231 qui
887 1174 1048 1228 super
1078 1168 1270 1225 terras,
1306 1168 1575 1227 pastorem
1609 1158 1887 1213 constituit
1917 1168 1973 1213 et
1996 1159 2122 1213 Ser-

558 1261 797 1306 valorem
822 1291 836 1310 ,
866 1262 1166 1305 curatorem
1212 1250 1357 1303 dedit
1394 1259 1447 1303 et
1490 1250 1785 1315 custodem,
1851 1250 2119 1303 medicum

562 1343 1053 1411 et'gubernatorcm
1099 1342 1293 1395 solum.
1331 1341 1403 1393 llli
1440 1356 1619 1395 rerum
1655 1341 1890 1396 omnium
1919 1340 2120 1409 guber-

559 1433 754 1486 nacula
802 1434 852 1485 in
908 1448 1097 1487 manus
1148 1432 1329 1496 dedit,
1365 1432 1455 1500 qui
1484 1442 1540 1486 et
1574 1432 1660 1485 illa
1697 1432 2035 1501 produceret,
2068 1440 2122 1486 et

558 1525 823 1592 producta
875 1534 1207 1591 procuraret.
1243 1524 1295 1577 ld
1324 1527 1465 1592 quod
1499 1526 1614 1594 ipse
1643 1524 1836 1589 docet,
1886 1523 1974 1576 tibi
2024 1525 2117 1587 ait,

560 1616 751 1675 Omnia
774 1618 900 1670 mihi
924 1618 1120 1670 tradita
1157 1628 1274 1670 sunt
1321 1634 1352 1671 a
1382 1600 1538 1671 Patre
1561 1635 1671 1672 meo
1692 1602 1764 1672 9⁸.
1797 1618 1859 1671 Et
1893 1633 2074 1671 rur-sus
2103 1635 2117 1671 :

559 1707 723 1761 Pater
751 1710 885 1761 enim
914 1709 1082 1778 diligit
1114 1708 1334 1773 Filium,
1360 1721 1405 1763 et
1430 1711 1602 1763 omnia
1628 1710 1705 1763 illi
1728 1711 1783 1763 in
1816 1727 2000 1764 manus
2032 1712 2120 1763 de-

2227 518 2441 570 πάντων
2469 518 2767 589 χωροῦντα,
2796 520 2890 572 καὶ
2920 522 3030 582 τοῖς
3054 521 3219 572 πᾶσιν
3256 516 3667 581 ἐπιστατοῦντα,
3696 518 3792 569 καὶ

2226 607 2323 670 τὰς
2375 606 2433 671 ἐξ
2489 609 2651 661 αὐτοῦ
2711 608 2971 679 χορηγίας
3024 607 3344 679 ἐπάρδοντα.
3411 608 3633 660 Πάντων
3681 606 3794 679 γὰρ

2225 700 2452 770 ἁθρόως,
2487 702 2595 753 τῶν
2628 719 2685 754 τε
2714 704 2832 755 κατ’
2857 702 3101 772 οὐρανὸν,
3136 702 3229 754 καὶ⁸
3260 701 3366 754 τῶν
3410 702 3499 753 ἐπὶ
3536 701 3640 771 γῆς
3681 718 3797 754 ποι-

2228 792 2362 860 μένα
2415 790 2509 843 καὶ
2550 792 2797 861 Σωτῆρα.
2846 792 3111 862 κηδεμόνα
3161 808 3220 843 τε
3268 790 3362 843 καὶ
3409 789 3642 857 φύλακα,
3698 789 3796 841 καὶ

2228 881 2407 952 ἰατρὸν
2430 922 2444 944 ,
2495 882 2589 937 καὶ¹
2636 882 2970 954 κυϐερνήτην
3021 882 3177 953 μόνον
3230 882 3389 935 αὑτὸν
3444 882 3471 932 ὁ
3524 881 3798 949 γεννήσας

2225 973 2463 1039 ἀνέδειξε
2516 974 2725 1043 Πατὴρ,
2770 977 2869 1045 τῆς
2907 974 3013 1027 τῶν
3055 973 3189 1027 ὅλων
3238 971 3545 1035 συστάσεως
3593 989 3651 1024 τε
3694 971 3792 1025 καὶ

2222 1065 2536 1134 διοικήσεως
2581 1066 2723 1135 μόνῳ
2744 1066 2868 1128 τοὺς
2893 1064 3085 1128 οἴακας
3102 1065 3235 1134 (47⁸)
3253 1062 3560 1134 ἐγχειρίσας
3579 1080 3591 1091 ·
3611 1062 3638 1113 ὃ
3654 1061 3796 1114 διδάο

2227 1173 2342 1208 σκει
2384 1155 2553 1224 λέγων
2587 1157 2776 1219 αὑτός·
2828 1156 3030 1209 Πάντα
3067 1172 3167 1224 μοι
3209 1155 3502 1222 παρεδόθη
3536 1154 3651 1209 ὑπὸ
3679 1152 3790 1206 τοῦ

2221 1249 2448 1316 Πατρός
2457 1266 2595 1316 μου.
2614 1250 2723 1301 Καὶ
2739 1244 2909 1311 αὖθις,
2929 1249 2988 1299 '0
3000 1247 3105 1316 γὰρ
3125 1247 3320 1315 Πατὴρ
3340 1245 3502 1315 φιλεῖ
3518 1244 3621 1297 τὸν
3630 1244 3788 1306 nor,

2224 1341 2320 1395 καὶ
2350 1339 2545 1392 πάντα
2571 1339 2828 1392 δέδωκεν
2864 1339 2932 1390 ἐν
2958 1338 3030 1405 τῇ
3069 1337 3221 1405 χειρὶ
3252 1337 3457 1392 αὐτοῦ.
3498 1337 3555 1389 Ὀ
3579 1337 3648 1400 δ’,
3696 1330 3790 1389 οἷα

2224 1431 2385 1499 σοφὼ
2412 1431 2764 1501 κυϐερνήτης,
2798 1430 2886 1481 τὸν
2909 1429 3106 1499 κλῆρον
3136 1428 3287 1499 παρὰ
3309 1428 3403 1480 τοῦ
3431 1427 3641 1497 Πατρὸς
3662 1427 3791 1479 ὐπο-

2219 1522 2555 1591 δεδεγμένος,
2591 1520 2785 1582 ἐπιὸὰς
2815 1520 2906 1572 τοῦ
2959 1521 3268 1589 σύμπαντος
3314 1520 3538 1589 κόσμου,
3584 1520 3694 1573 ἄνω
3725 1535 3787 1572 τε

2222 1615 2357 1685 πρὸς
2382 1614 2471 1667 τὸν
2498 1614 2661 1666 αὑτοῦ
2684 1614 2899 1683 Πατέρα
2925 1612 3155 1682 βλέπων,
3188 1612 3308 1679 ἄγει
3328 1612 3418 1664 καὶ
3445 1611 3596 1681 φέρει
3621 1610 3789 1678 πηδα-

2220 1708 2441 1780 λιουχῶν
2469 1710 2529 1761 τὸ
2550 1710 2675 1772 πᾶν,
2705 1710 2822 1762 οὐδὲ
2862 1709 2923 1761 τὸ
2967 1706 3325 1777 σμικρότατον
3373 1703 3479 1756 τῶν
3519 1701 3785 1772 δεομένων

557 1799 723 1851 dit“.
773 1798 927 1868 Isque
974 1800 1117 1853 velut
1171 1801 1403 1867 prudens
1436 1802 1766 1871 gubernator
1810 1801 2110 1871 quispiam,

2222 1800 2321 1869 τῆς
2370 1800 2428 1865 ἐξ
2482 1799 2645 1852 αὑτοῦ
2690 1800 2950 1871 χορηγίας
2992 1796 3265 1868 παρορῶν,
3295 1794 3402 1847 οὐδ’
3432 1791 3785 1864 ὑπερφρονῶν

558 1901 757 1945 sortem
790 1894 933 1947 illam
968 1895 1055 1947 ubi
1090 1895 1155 1948 de
1184 1894 1341 1949 Patre
1372 1905 1703 1965 susceperat,
1752 1910 1913 1964 super
1960 1912 2116 1949 mun-

558 1984 683 2042 dum
725 1989 1026 2041 ascendens
1066 1989 1377 2055 universum
1405 2027 1420 2054 ,
1452 2002 1771 2056 sursumque
1805 1989 1870 2041 ad
1905 1987 2117 2041 Patrem

558 2092 714 2129 suum
744 2078 988 2139 intuitus,
1020 2079 1423 2130 universitatem
1474 2092 1652 2130 rerum
1684 2078 1831 2148 agit,
1870 2077 1971 2133 fert
2004 2092 2119 2132 mo-

559 2168 798 2221 derando
834 2168 1066 2236 singula,
1099 2182 1199 2222 nec
1230 2167 1310 2222 vel
1346 2167 1735 2223 minutissimas
1768 2184 1853 2222 res
1895 2184 1995 2238 ope
2039 2169 2118 2239 ip-

559 2258 670 2312 sius
702 2274 970 2329 operaque
999 2259 1299 2326 indigentes
1320 2300 1334 2323 ,
1364 2259 1581 2327 insuper
1623 2259 1820 2323 habet,
1851 2271 1941 2313 aut
1973 2261 2118 2316 vilis-

559 2350 723 2403 simas
760 2350 1060 2418 despectui.
1112 2349 1355 2418 Cumque
1402 2350 1604 2420 jugiter
1653 2351 1873 2406 assistat
1921 2352 2112 2405 horum

557 2444 783 2514 singulis
806 2482 821 2506 ,
857 2443 1051 2512 cuique
1082 2444 1158 2495 rei
1192 2442 1384 2496 dividit
1420 2458 1482 2497 ea
1515 2458 1632 2511 quae
1680 2444 1982 2497 conducunt
2015 2460 2030 2496 :
2063 2453 2117 2496 et

558 2528 811 2605 tanquam
848 2535 1086 2590 medicus
1131 2536 1436 2605 suppeditat
1494 2535 1784 2599 universis,
1820 2549 1937 2603 qua:
1970 2532 2115 2588 salu-

557 2636 663 2684 tem
708 2626 955 2685 videntur
1022 2626 1268 2681 allatura.
1325 2627 1459 2681 Hinc
1507 2627 1791 2681 admodum
1831 2640 2067 2695 congrue
2096 2665 2112 2690 ,

555 2736 729 2790 neque
762 2721 926 2779 vitam
963 2719 1291 2789 abhorrebat
1318 2720 1628 2789 victumque
1660 2719 1972 2773 humanum.
2007 2714 2112 2771 Sed

555 2830 677 2873 cum
708 2814 775 2867 ab
806 2813 950 2866 omni
974 2821 1116 2866 retro
1146 2810 1489 2879 antiquitate,
1522 2809 1817 2864 subsidium
1852 2806 2113 2863 submini-

554 2903 763 2956 strabat
813 2900 1112 2964 alﬂuenter,
1148 2900 1456 2953 hominibus
1510 2899 1600 2967 qui
1656 2914 1684 2951 a
1719 2897 1916 2953 saeculo
1963 2896 2113 2952 vixe-

554 3003 704 3059 runt,
759 2992 869 3046 Deo
898 2993 1038 3044 caris
1069 3003 1120 3043 et
1156 2991 1349 3044 amicis
1380 3010 1393 3043 :
1432 3006 1571 3044 nunc
1594 2990 1827 3044 humana
1854 2989 2022 3044 forma
2053 3004 2112 3045 se

555 3082 991 3152 conspiciendum
1039 3081 1319 3134 insinuans
1364 3081 1659 3149 majoribus
1714 3079 2057 3135 Hebraeorum
2092 3100 2115 3145 ε,

554 3188 697 3227 nunc
740 3188 869 3227 vero
903 3170 1132 3239 posteris
1170 3170 1414 3235 illorum,
1481 3170 1623 3239 leges
1668 3170 1798 3238 ipsis
1848 3186 2111 3239 congruas

553 3264 901 3336 promulgans
935 3280 949 3317 :
988 3270 1043 3316 et
1072 3270 1345 3329 posuemo
1373 3275 1469 3329 per
1495 3261 1804 3331 prOphetas,
1834 3262 2113 3317 vaticiniis

554 3355 741 3419 variis,
777 3353 916 3422 apud
960 3351 1333 3421 posteritatem
1359 3390 1372 3411 ,
1408 3366 1561 3406 suam
1586 3351 1818 3406 divinam
1853 3353 1990 3407 inter
2017 3353 2113 3406 ho-

554 3447 729 3502 mines
760 3443 1214 3513 dispensationem
1252 3442 1421 3496 multo
1447 3451 1572 3495 ante
1599 3443 1946 3497 annuntians.
1971 3442 2112 3509 Qua-

555 3554 674 3592 rum
704 3538 944 3613 quidcm,
975 3535 1113 3605 apud
1143 3532 1393 3588 saeculum
1432 3534 1579 3604 prius
1610 3535 1948 3589 oraculorum
1970 3550 2112 3589 com-

552 3631 903 3700 plementum,
956 3626 1045 3680 ubi
1082 3637 1292 3694 tempus
1323 3626 1654 3692 advenerat,
1686 3627 2058 3695 consignatum
2087 3669 2102 3691 ,

551 3704 726 3787 reipsa
755 3717 1005 3773 effectum
1040 3716 1208 3769 dedit.
1248 3716 1455 3782 Suique
1486 3714 1708 3781 factum,
1744 3724 1804 3769 ut
1832 3715 2105 3784 deinceps,

551 3811 689 3882 apud
735 3809 984 3862 homines
1030 3807 1267 3860 humano
1306 3820 1458 3859 more
1486 3814 1821 3861 versaretur.
1874 3806 2109 3876 Eratque

550 3900 860 3969 unigenitus
906 3898 996 3952 Dei
1037 3896 1205 3950 Filius
1235 3896 1372 3961 ipse,
1417 3895 1509 3964 qui
1552 3896 1603 3949 in
1638 3896 1870 3966 imagine
1902 3897 2105 3963 divina,

548 3991 652 4047 hoc
684 4000 767 4046 est
791 4004 1019 4058 corpore
1048 3989 1406 4041 instrumento
1437 4026 1452 4051 ,
1483 4002 1605 4041 cum
1638 3988 1875 4042 humano
1915 4005 2109 4059 genere

545 4081 1011 4138 conversationem
1044 4079 1230 4133 habuit
1256 4120 1271 4144 ,
1303 4078 1542 4133 docendo
1563 4120 1577 4143 ,
1608 4080 1849 4134 sanando
1873 4124 1887 4147 ,
1917 4082 2108 4135 divinae

545 4191 657 4239 suae
703 4173 982 4245 sapientiae
1021 4170 1280 4226 ineﬂ‘abili
1333 4171 1580 4225 doctrina
1626 4172 2003 4226 lnstituendo:
2044 4180 2102 4239 ᾖ(

543 4268 743 4337 quique
780 4266 974 4330 adhuc,
1006 4264 1071 4317 ad
1101 4275 1287 4319 nutum
1329 4265 1409 4319 sui
1442 4262 1619 4318 Patris
1648 4304 1662 4330 ,
1698 4269 1764 4319 de
1796 4266 2107 4321 misericor-

541 4358 628 4415 dia
662 4357 779 4427 ejus
808 4356 1155 4428 exsuperanti
1190 4372 1359 4425 usque
1389 4356 1453 4409 ad
1490 4365 1675 4424 portas
1701 4358 1888 4412 mortis
1914 4361 2101 4423 evasit,

2224 1891 2330 1943 τῶν
2382 1890 2749 1964 βραχυτάτων.
2792 1890 2882 1942 Διὸ
2908 1889 2990 1961 δὴ,
3030 1890 3139 1950 τοῖς
3166 1888 3348 1947 πᾶσιν,
3372 1884 3491 1937 ἐπεὶ
3523 1884 3787 1954 πάρεστιν

2225 1982 2464 2052 ἑκάστῳ,
2499 1981 2675 2052 νέμων
2702 1981 2768 2033 τὰ
2800 1974 3101 2050 πρόσφορα,
3130 1980 3194 2048 τῇ
3231 1994 3289 2028 τε
3320 1974 3597 2028 τῶν’ὅλων
3625 1974 3784 2044 059a.-

2226 2074 2351 2143 πείᾳ
2383 2074 2535 2143 δίκην
2569 2072 2752 2143 ἰατροῦ
2790 2070 2857 2123 τὰ
2897 2071 3129 2141 ἁρμόδια
3156 2068 3289 2139 πρὸς
3318 2065 3587 2138 σωτηρίαν
3613 2066 3783 2135 ἐπαρ-

2223 2164 2353 2217 κῶν.
2390 2163 2550 2217 Ὅθεν
2584 2164 2806 2221 εἰκότως
2838 2162 2956 2215 οὐδὲ
2999 2161 3089 2213 τοῦ
3118 2160 3234 2213 κατ’
3271 2158 3551 2229 ἄνθρωπον
3583 2156 3779 2226 ὑπερε-

2222 2260 2455 2330 φρόνησε
2509 2258 2644 2327 βίου,
2700 2257 2832 2309 ἀλλὰ
2892 2256 2985 2309 καὶ
3039 2255 3202 2307 πάλαι
3252 2254 3514 2323 πρότερον
3559 2252 3672 2312 τοῖς
3721 2248 3778 2315 ἐξ

2221 2351 2411 2413 αίῶνος
2441 2349 2705 2419 φιλοθέοις
2734 2348 2955 2417 ἀνδράσι
2987 2346 3082 2418 τὴν
3108 2344 3165 2411 ἐξ
3190 2344 3351 2398 αὐτοῦ
3382 2345 3640 2414 παρεῖχεν
3669 2344 3786 2394 ἐπι-

2220 2444 2459 2512 κουρίαν,
2495 2438 2595 2496 ὦδε
2634 2443 2729 2512 μὲν
2764 2440 3083 2511 ἀνθρωπείῳ
3118 2440 3349 2508 σχήματι
3374 2439 3484 2497 τοῖς
3517 2433 3778 2503 Ἐϐραίων

2220 2533 2586 2604 προπάτορσιν
2611 2533 3045 2602 ἐπιφαινόμενος,
3068 2524 3167 2582 ὦδε
3190 2529 3245 2581 δὲ
3281 2530 3388 2589 τοῖς
3408 2526 3610 2581 τούτων
3647 2519 3797 2577 άπο-’

2218 2625 2391 2691 γόνοις
2430 2624 2715 2694 ἀρμοδίους
2762 2623 3169 2692 διαταττόμενος
3220 2620 3433 2689 νόμους,
3483 2617 3580 2688 ήδη
3609 2615 3780 2671 δὲκαὶ

2216 2718 2327 2778 τοῖς
2357 2717 2664 2785 μετέπειτα,
2692 2716 2780 2767 διὰ
2808 2714 3115 2786 προφητῶν,
3148 2711 3442 2783 μελλούσης
3469 2707 3629 2761 αὐτοῦ
3658 2707 3777 2759 θεο-

2218 2808 2440 2876 φανείας
2464 2808 2661 2861 ἅπασιν
2687 2807 2979 2877 ἐκλάμψειν
3006 2804 3327 2877 ἀνθρώποις,
3342 2801 3571 2868 ἐξεδίδου
3598 2798 3780 2851 θεσπίο

2219 2918 2415 2969 σματα.
2469 2900 2555 2963 Ὠς
2599 2901 2654 2952 δὲ
2698 2902 2725 2952 ό
2772 2899 2882 2969 (48)
2938 2897 3137 2950 τούτων
3187 2895 3526 2966 προσήλαυνε
3568 2892 3776 2963 χρόνος,

2217 2994 2394 3063 ἔργοις
2450 2992 2681 3062 ἐπλήρου
2734 2990 2975 3043 παλαιῶν
3028 2987 3291 3059 χρησμῶν
3343 2984 3775 3055 ἀποτελέσματα,

2219 3068 2311 3136 καί
2338 3083 2401 3154 δὴ
2433 3083 2609 3155 παρῆν
2632 3082 2814 3135 λοιπὸν
2848 3078 3047 3149 ἀναμὶξ
3074 3079 3150 3149 τῷ
3182 3076 3359 3147 θνητῷ
3389 3076 3488 3147 βίῳ
3518 3074 3627 3145 (49)
3657 3090 3779 3127 συν-

2138 3149 2181 3206 c
2215 3149 2623 3245 αγελαξόμενος.
2674 3174 2843 3235 Αὐτός
2898 3190 2955 3224 τε
3012 3168 3080 3242 ἦν
3122 3172 3149 3222 ὁ
3187 3169 3279 3222 τοῦ
3306 3168 3440 3221 Θεοῦ
3485 3164 3777 3238 μονογενὴς

2214 3270 2358 3331 Υἱὸς,
2382 3270 2456 3330 ὡς
2480 3268 2537 3319 ἐν
2566 3266 2837 3336 ἀγάλματι
2867 3264 3015 3335 θείῳ,
3042 3264 3118 3333 τῷ
3144 3263 3234 3316 τοῦ
3266 3261 3513 3332 σώματος
3539 3259 3773 3330 ὀργάνῳ,

2210 3360 2287 3430 τῷ
2341 3360 2445 3413 τῶν
2495 3359 2790 3430 ἀνθρώπων
2836 3357 3143 3427 καθομιλῶν
3192 3357 3336 3424 γένει
3382 3352 3769 3415 διδασκαλίαις,

2212 3453 2523 3523 θεραπείαις
2548 3451 2729 3503 ἐνθέου
2766 3451 2956 3519 σοφίας
2980 3489 2994 3509 ,
3029 3450 3353 3519 ἀπορρήτοις
3384 3443 3761 3512 παιδεύμασιν.

2212 3544 2320 3615 (50)
2355 3544 2491 3613 Ἤδη
2536 3543 2590 3595 δὲ
2640 3542 2815 3594 αὐτῶν
2864 3542 3022 3611 μέχρι
3072 3540 3294 3592 θανάτου
3341 3534 3519 3588 πυλῶν
3566 3532 3761 3604 ἢλαυνε

2212 3634 2472 3707 πατρικοῦ
2518 3632 2779 3703 νεύματος
2823 3631 3235 3702 ὑπερϐαλλούσῃ
3264 3626 3651 3698 φιλανθρωπίᾳ,
3688 3624 3765 3687 ὡς

2210 3724 2274 3776 ἂν
2302 3723 2395 3775 καὶ
2434 3722 2558 3783 τοὺς
2590 3721 2715 3791 τῇδε
2763 3721 2862 3789 τῆς
2906 3721 3098 3773 ἐαυτοῦ
3134 3716 3482 3782 καταξιώσειε
3527 3716 3767 3787 χάριτος,

2210 3814 2300 3867 ἐπὶ
2350 3813 2445 3884 τὴν
2494 3813 2620 3883 παρ’
2660 3811 2805 3881 αὑτῷ
2850 3812 2991 3877 ζωὴν
3028 3810 3395 3882 παρελκύσας.
3444 3806 3600 3861 Οὕτω
3640 3806 3771 3870 Θαὶς

2205 3900 2271 3974 ἦν
2306 3904 2361 3955 ἐν
2391 3903 2605 3975 Χριστῷ
2648 3904 2847 3972 κόσμον
2884 3902 3263 3955 καταλλάσσων
3292 3899 3500 3970 ἐαυτῷ*
3543 3898 3637 3957 καὶ
3672 3897 3772 3967 τὴν

2207 3997 2466 4068 ἐνσαρκον
2508 3997 2793 4065 ὑπέμεινεν
2843 3996 3171 4063 οἰκονομίαν,
3214 3993 3394 4065 προὼν
3444 3992 3541 4064 μὲν
3580 3990 3767 4060 αὐτῆς,

2206 4087 2297 4140 κα).
2324 4087 2709 4159 προῦπάρχων,
2748 4087 2957 4156 θεότητι
2989 4086 3258 4154 πατρικῆς
3284 4085 3441 4153 δόξης
3474 4080 3772 4153 τετιμημέ-

2206 4197 2291 4242 νος
2311 4198 2323 4210 ·
2352 4180 2411 4231 οὐ
2438 4179 2543 4250 μὴν
2580 4199 2596 4228 ι
2616 4180 2903 4249 ἁρπαγμὸν
2933 4177 3227 4248 ἡγούμενος
3257 4177 3316 4229 τὸ
3346 4172 3481 4228 εἶναι
3515 4175 3602 4226 ίσα
3626 4171 3766 4243 Θεῷ,

2210 4290 2226 4319 ι
2257 4271 2443 4323 ἐαυτὸν
2480 4270 2523 4322 δ’
2553 4266 2645 4322 οὖν
2675 4269 2933 4331 κενώσας,
2974 4272 3066 4321 καὶ
3112 4270 3323 4338 μορφὴν
3351 4268 3534 4322 δούλου
3562 4266 3767 4330 λαϐὼν,

2209 4380 2227 4429 ι
2262 4360 2615 4413 ἐταπείνωσεν
2648 4361 2856 4423 ἐαυτὸν,
2889 4362 3124 4430 ὑπήκοος
3163 4360 3240 4429 τῷ
3278 4360 3449 4429 Ila-cpt
3480 4356 3770 4426 γενόμενος

540 4467 647 4523 quo
676 4460 730 4504 et
761 4449 913 4513 illos,
946 4448 1035 4518 qui
1086 4448 1159 4503 ibi
1210 4449 1613 4514 detinebantur,
1654 4451 1839 4519 gratiae
1889 4465 2101 4531 quoque

2214 4472 2227 4502 ι
2266 4452 2425 4523 μέχρι
2481 4452 2728 4515 θανάτου,
2772 4472 2788 4503 ι
2849 4454 2932 4515 ἶν’,
2992 4452 3178 4521 ὥσπερ
3220 4453 3247 4503 ὁ
3289 4450 3512 4512 θάνατος
3552 4449 3618 4501 δι’
3646 4448 3771 4511 ἐνὸς

540 4543 830 4614 participes
861 4557 970 4596 sua:
1008 4540 1208 4595 faceret
1234 4580 1248 4605 ,
1281 4542 1345 4593 ad
1371 4540 1535 4592 vitam
1570 4554 1672 4592 una
1696 4553 1873 4594 secum
1922 4548 2100 4599 extra-

538 4650 675 4694 ctos.
723 4638 801 4690 Ad
836 4636 995 4690 istum
1020 4633 1241 4687 modum
1274 4634 1414 4687 Deus
1446 4632 1497 4685 in
1542 4632 1756 4686 Christo
1779 4642 1916 4695 erat,
1944 4649 2097 4686 mun-

536 4731 661 4784 dum
692 4727 1051 4784 reconcilians
1097 4725 1239 4781 sibi:
1273 4726 1351 4779 sic
1387 4726 1438 4778 in
1472 4740 1634 4779 carne
1682 4725 1854 4778 obivit
1879 4740 2096 4780 (necno-

534 4825 699 4879 miam
732 4863 748 4889 ,
784 4830 1069 4889 antequam
1104 4820 1217 4888 ipse
1275 4818 1636 4880 subsistebat,
1679 4817 1961 4871 divinitate
2012 4832 2096 4886 pa-

533 4925 702 4971 terna:
729 4914 913 4985 gloria:
955 4912 1251 4967 honoratus
1280 4926 1293 4963 :
1329 4924 1434 4963 non
1470 4908 1708 4977 rapinam
1742 4910 1943 4963 ducens
1975 4922 2094 4963 esse

2205 4543 2615 4613 ἁμαρτήσαντος
2660 4542 2942 4613 ἀνθρώπου
2990 4543 3185 4604 παντὸς
3237 4542 3622 4611 κατεκυρίευσε
3672 4541 3769 4608 γέ·-

2203 4651 2345 4695 νους,
2382 4633 2523 4685 οὕτω
2551 4634 2640 4686 καὶ
2673 4635 2705 4705 ή
2740 4633 2951 4697 αἰώνιος
2980 4635 3091 4705 ζωὴ
3114 4635 3200 4687 διὰ
3230 4634 3330 4703 τῆς
3359 4633 3523 4687 αὑτοῦ
3544 4633 3768 4703 χάριτος

2202 4724 2308 4777 τῶν
2367 4726 2478 4798 (51)
2527 4730 2605 4790 εἰς
2660 4727 2819 4779 αὑτὸν
2879 4726 3284 4797 [πιστευόντων]
3348 4727 3443 4778 καί⁹
3494 4722 3559 4777 δι’
3600 4723 3764 4777 αὑτοῦ

2201 4816 2277 4887 τῷ
2323 4816 2438 4888 Θεῴ
2490 4819 2581 4871 καὶ
2613 4820 2785 4889 Πατρὶ
2823 4819 2984 4873 αὐτοῦ
3034 4819 3467 4891 γνωριζομένων,
3519 4816 3767 4887 βασιλεύ-

2202 4926 2362 4965 σειεν.

528 5011 792 5083 aequalem
838 5010 982 5074 Deo,
1012 5007 1358 5074 semetipsum
1393 5014 1572 5058 tamen
1618 5004 1940 5059 exinaniens
1967 5046 1982 5070 ,
2037 5013 2092 5059 et
2130 5004 2355 5060 formam
2425 5010 2563 5063 servi
2638 5022 2919 5065 assumens
2947 5051 2961 5077 ,
3008 5008 3310 5065 bumiliavit
3336 5020 3395 5062 se
3424 5005 3599 5061 factus
3628 5006 3761 5063 obe-

613 5203 672 5260 >1<
707 5193 804 5250 Ed.
837 5194 1033 5257 Paris.,
1060 5207 1181 5263 pag.
1207 5192 1293 5245 75.

598 5413 935 5485 (‘7‘)7Vulg9
959 5414 1281 5485 ἐγχειρήσας
1300 5423 1354 5467 et
1382 5414 1548 5466 πᾶσιν
1588 5413 1709 5465 ἐπεὶ
1746 5412 2004 5482 πάρεστιν
2048 5420 2100 5467 et

524 5475 569 5549 ᾧ
601 5484 655 5535 δὲ
689 5475 786 5553 μέν
819 5475 1143 5547 erasa—rora.

600 5551 711 5619 (48⁷)
752 5554 812 5605 '0
856 5556 1080 5607 τούτων
1126 5553 1518 5621 προσέλαυνε.
1577 5551 1810 5605 Τούτων,
1857 5551 2092 5617 Nempe,

526 5624 722 5694 quibus
762 5622 1082 5694 πολυμερῶς
1136 5626 1228 5677 καὶ
1278 5624 1651 5694 πολυτρόπως,
1714 5634 1893 5689 patres
1958 5622 2087 5694 olim

533 5693 794 5764 allocutus
821 5691 914 5764 est
938 5710 951 5745 :
986 5694 1102 5745 ideo
1115 5694 1408 5764 legendum
1434 5691 1758 5764 παρελαύνε,
1782 5691 2043 5764 pit-arteria
2069 5710 2083 5747 :

537 5762 767 5831 explicat
792 5763 956 5826 enim,
987 5762 1125 5828 quod
1159 5763 1375 5831 ponitur
1402 5780 1431 5817 a
1471 5760 1530 5823 BL
1579 5762 1741 5819 Paulo
1769 5763 1835 5819 ad
1863 5760 1994 5819 Heb.
2034 5778 2080 5830 ί,

1384 5192 1430 5223 ⁷ο
1459 5190 1644 5248 Matth.
1668 5208 1744 5259 χι,
1771 5192 1858 5245 27.
1934 5192 1977 5224 '“
2003 5190 2157 5248 Joan.
2190 5208 2270 5257 ιιι,
2296 5193 2383 5247 55.

2202 5411 2368 5487 ibi.
2399 5444 2463 5452 --
2500 5413 2613 5467 Mox
2642 5415 2799 5487 vulgo
2822 5415 2912 5468 καὶ
2943 5415 3247 5487 δέῗπαρείη.

2265 5483 2374 5557 l
2397 5484 2962 5557 ξυναγενζαζόμενος.
2990 5483 3148 5539 Forte
3176 5483 3636 5557 συναυλιζόμενος.
3669 5483 3745 5540 Μ.

2265 5553 2375 5628 (50)
2404 5554 2570 5628 \lulgo
2598 5554 2695 5628 ήδη
2721 5555 2782 5628 δή
2809 5565 2862 5607 et
2883 5554 2988 5624 Mp.
3019 5573 3111 5628 γρ.
3144 5558 3268 5628 ᾅδου
3314 5558 3439 5623 loco,
3465 5553 3704 5628 ’θανάτου
3729 5572 3747 5619 ;

2193 5624 2311 5677 dein
2358 5624 2611 5695 vulgofﬁ
2668 5625 2895 5695 θεότητι,
2922 5635 2976 5679 et
3026 5624 3117 5680 ἶσα
3155 5624 3222 5682 ἐι
3251 5629 3368 5691 ἐνὸς
3410 5625 3751 5697 ἁμαρτάνον-

2222 5712 2484 5830 οῗέὶίωὶς
2499 5766 2700 5824 αὐτόν.
2718 5765 2757 5820 Α
2769 5779 2951 5829 pparct
2975 5770 3157 5827 deesse
3179 5770 3265 5828 hic
3280 5769 3655 5849 πιστευόντων.
3672 5764 3748 5821 Μ.
