4086 6202
394 256 505 316 853

1389 260 1475 314 DE
1514 260 2039 319 ECCLESIAS'I‘ICA
2078 264 2461 321 TIIEOLOGIA
2498 265 2623 318 LIB.
2664 266 2701 317 I.

3516 271 3618 326 85$

350 430 365 448 ,
396 374 557 432 diens
582 372 729 428 Patri
754 386 923 443 usque
950 373 1015 426 ad
1075 382 1323 428 mortem.
1391 376 1464 430 Ita
1504 385 1558 430 ut
1591 379 2035 446 quemadmodum
2075 397 2221 436 mors
2254 397 2349 451 per
2376 396 2538 435 unum
2564 381 2834 436 hominem
2870 392 3198 452 peccantem,
3229 384 3280 437 in
3312 398 3477 453 genus
3502 391 3619 440 uni-

396 486 622 527 Vcrsum
658 470 933 525 dominata
979 469 1149 524 fuerat
1181 487 1194 522 :
1224 472 1302 527 sic
1339 480 1396 524 et
1437 473 1545 526 vita
1598 485 1815 536 aeterna.
1866 490 1963 542 per
2000 475 2168 541 ipsius
2230 476 2453 546 gratiam
2478 516 2492 539 ,
2530 474 2812 543 imperium
2878 477 2932 530 in
2971 491 3064 532 eos
3115 491 3301 533 omnes
3334 476 3618 546 obtineret,

397 566 494 635 qui
529 564 585 619 in
614 563 761 618 illum
808 562 1128 624 crederent,
1155 571 1207 615 et
1237 577 1331 629 per
1358 562 1543 630 illum,
1576 565 1683 621 Deo
1718 578 1772 621 et
1821 565 1965 619 Patri
2006 565 2192 634 ipsius,
2229 568 2429 636 cogniti
2462 565 2989 623 commendarentur.

1037 654 1194 705 ΚΕΦ.
1232 655 1327 707 1Δ¹.

400 747 530 804 Ὀτι
571 748 820 815 εὐλόγως
859 747 897 813 ὴ
939 747 1267 815 Ἐκκλησία
1309 745 1379 798 τὰ
1416 747 1565 800 αὐτὰ
1592 747 1974 815 φρονήσαντα

612 816 911 880 Σαϐελλίῳ
936 814 1291 882 Μάρκελλον
1325 814 1746 885 ἀπεδοκίμασε.

472 907 705 969 Εἰκότως
738 904 848 974 (52)
900 903 965 973 δὴ
1007 903 1179 957 ταῦτα
1214 904 1556 975 κηρύττουσα
1586 908 1619 976 ἡ
1659 906 1969 977 Ἐκκλησία,

399 999 590 1069 ὥσπερ
616 1015 664 1051 τι
695 996 948 1065 κίϐδηλον
975 994 1435 1065 παραχαράξαντα
1460 997 1717 1066 νόμισμα,
1748 997 1846 1065 τὴν
1877 996 1973 1066 ἆρ-

400 1106 555 1159 νησιν
580 1086 673 1140 τοῦ
708 1085 837 1138 Υἱοῦ
891 1085 985 1137 τοῦ
1038 1084 1210 1147 Θεοῦ,
1255 1085 1345 1138 τὸν
1392 1086 1669 1139 Σαϐέλλιον
1725 1086 1971 1140 ἀπεδοκί-

402 1197 562 1252 μασε,
602 1178 777 1231 καίτοι
828 1176 960 1229 Θεὸν
986 1175 1082 1228 ἕνα
1130 1175 1345 1239 εἰδέναι,
1383 1176 1493 1248 (55)
1526 1178 1619 1229 καὶ
1644 1176 1780 1247 πλὴν
1805 1177 1966 1230 αὑτοῦ

399 1268 474 1339 μὴ
499 1264 661 1331 εἶναι,
700 1265 1001 1337 Μαρκέλλῳ
1036 1264 1427 1334 παραπλησίως
1459 1263 1682 1332 λέγοντα
1705 1282 1717 1294 ο
1747 1265 1840 1317 καὶ
1874 1267 1969 1317 αὑ-

393 1360 487 1415 τοῦ
526 1359 585 1411 δὲ
631 1358 726 1411 τοῦ
759 1358 1008 1427 Σωτῆρος
1039 1356 1195 1427 ἡμῶν
1233 1357 1281 1407 oi
1325 1358 1745 1427 πρωτοκήρυκες
1784 1357 1969 1409 Ἐϐιω-

393 1451 579 1513 ναίους
612 1445 890 1518 ὠνόμαζον
926 1447 1184 1517 Ἐϐραῖκῇ
1228 1449 1376 1517 φωνῇ
1405 1487 1418 1511 ,
1449 1447 1561 1514 (54)
1593 1465 1838 1517 πτωχους
1867 1448 1966 1517 τὴν

392 1540 639 1594 διάνοιαν
672 1535 1090 1599 ἀποκαλοῦντες,
1119 1536 1245 1599 τοὺς
1282 1536 1377 1587 ἕνα
1406 1535 1501 1605 μὲν
1531 1535 1662 1589 Θεὸν
1714 1536 1967 1603 λέγοντας

395 1631 615 1695 εἰδέναι,
648 1631 741 1683 καὶ
779 1627 873 1680 τοῦ
899 1628 1149 1697 Σωτῆρος
1182 1627 1243 1679 τὸ
1278 1627 1436 1696 σῶμα
1478 1626 1551 1697 μὴ
1582 1626 1963 1697 ἀρνουμένους,

393 1723 493 1793 τὴν
523 1722 579 1774 δὲ
608 1720 700 1773 τοῦ
734 1719 858 1772 Υἱοῦ
888 1719 1111 1789 θεότητα
1148 1717 1222 1789 μὴ
1255 1719 1479 1782 εἰδότας.
1518 1719 1627 1771 Καὶ
1671 1718 1761 1770 τὸν
1794 1719 1966 1789 Σαμο-

399 1815 566 1881 σατέα
592 1813 655 1884 δὴ
682 1813 883 1881 καίπερ
925 1810 1131 1882 Ἰησοῦν
1167 1810 1258 1864 τὸν
1296 1811 1529 1879 Χριστὸν
1557 1808 1649 1862 τοῦ
1668 1809 1803 1862 Θεοῦ
1829 1806 1964 1873 εἶναι

396 1905 731 1968 διδάσκοντα,
762 1902 892 1956 Θεόν
915 1919 974 1954 τε
1006 1901 1101 1954 ἕνα
1127 1902 1217 1953 τὸν
1249 1902 1341 1953 ἐπὶ
1369 1902 1584 1955 πάντων
1610 1902 1808 1970 ὁμοίως
1836 1903 1964 1971 ego,

1987 669 2036 721 Δ

2668 657 2816 712 CAP.
2863 656 2999 711 XIV.
3094 656 3097 657 ⁷

2121 745 2272 809 Quod
2303 745 2563 824 Ecclesia,
2597 763 2686 824 nec
2711 751 2984 824 inn-nerito,
3016 750 3319 824 Marcellum
3352 754 3576 824 ejecerit,

2219 820 2449 869 eamdem
2486 834 2600 869 cum
2624 816 2852 871 Sabe/lio
2885 819 3135 886 foventem
3165 816 3477 889 Opinion'em.

2143 905 2271 961 Jure
2302 908 2505 975 optimo
2548 908 2812 974 Ecclesia,
2842 925 2959 977 qua:
3005 912 3280 965 veritatem
3305 914 3461 967 istam
3496 930 3617 985 pro-

2073 996 2278 1061 ﬁtetur,
2310 996 2597 1052 Sabellium
2624 1015 2653 1053 a
2686 1015 2743 1055 se
2774 1000 3025 1068 rejectum
3060 1002 3347 1072 ablegavit,
3380 1004 3468 1070 qui
3500 1012 3619 1058 tan-

2070 1102 2230 1158 quam
2271 1089 2628 1143 adulterinum
2684 1091 2948 1159 quoddam
2995 1092 3295 1158 numisma,
3351 1093 3470 1148 Filii
3526 1096 3617 1150 Dei

2070 1181 2838 1252 consignavitabnegationem
2870 1201 2885 1236 :
2940 1191 3212 1253 utcunque
3243 1200 3405 1239 unum
3453 1187 3613 1241 Deum

2070 1273 2158 1327 ille
2206 1273 2549 1328 conﬁteretur
2576 1314 2590 1338 ,
2624 1282 2713 1339 et,
2751 1275 3192 1342 quemadmodum
3228 1292 3369 1333 nunc
3390 1278 3614 1333 Marcel-

2070 1363 2171 1428 lus,
2237 1364 2413 1432 palam
2448 1365 2878 1433 proloqueretur,
2917 1380 2976 1420 se
3006 1367 3219 1421 nonnisi
3259 1383 3420 1421 unum
3451 1368 3615 1422 Deum

2068 1453 2396 1519 agniturum.
2434 1454 2541 1509 Sed
2572 1464 2627 1509 et
2658 1454 2959 1511 Servatoris
2994 1459 3160 1512 nostri
3192 1460 3348 1529 primi
3380 1459 3451 1514 illi
3482 1475 3616 1529 pra:-

2065 1560 2229 1599 coues
2258 1544 2561 1611 Ebionaeos,
2592 1547 2695 1600 hoc
2727 1556 2810 1600 est
2834 1549 3125 1613 mendicos,
3163 1549 3423 1606 Hebraice
3444 1551 3615 1606 nomi-

2068 1645 2268 1695 narunt
2293 1636 2430 1699 illos,
2452 1636 2681 1703 propter
2710 1636 3009 1693 intellectus
3054 1641 3327 1708 animique
3355 1641 3613 1695 mendici-

2067 1736 2251 1791 tatem,
2284 1726 2376 1796 qui
2411 1742 2470 1781 se
2503 1727 2667 1781 Deum
2700 1744 2863 1781 unum
2906 1738 3112 1782 tantum
3166 1731 3441 1799 aguituros
3467 1731 3612 1785 dice-

2065 1815 2212 1879 bant,
2237 1824 2290 1870 et
2320 1815 2445 1870 licet
2471 1831 2690 1870 carnem
2714 1816 2910 1871 Christi
2946 1833 3045 1871 non
3100 1819 3452 1888 abnegarent,
3487 1818 3606 1873 Filii

2067 1918 2240 1962 tamen
2266 1907 2357 1962 Dei
2398 1907 2732 1963 divinitatem
2771 1924 2874 1963 non
2911 1908 3231 1966 fatebantur.
3265 1910 3369 1974 Sed
3400 1920 3450 1965 et
3476 1910 3612 1965 Pau-

397 1996 655 2066 λογοῦντα
680 1994 980 2063 Μαρκέλλῳ
999 2034 1013 2058 ,
1044 1994 1149 2064 τῆς.
1182 1993 1501 2061 Ἐκκλησίας
1522 1992 1613 2044 τοῦ
1640 1990 1772 2044 Θεοῦ
1810 1992 1959 2045 ἁλλό-

2066 1995 2175 2049 lum
2211 1996 2276 2050 de
2302 1997 2603 2061 Samosata,
2636 1998 2867 2051 alienum
2925 1998 2992 2052 ab
3038 1999 3276 2054 Ecclesia
3302 2002 3609 2071 pronuntia-

398 2105 547 2161 τριον
575 2086 855 2156 ἀπέφηναν
914 2086 963 2137 οἱ
1000 2084 1433 2153 ἐκκλησιαστικοὶ
1470 2082 1729 2155 Πατέρες,
1772 2083 1851 2135 ὃτι
1890 2085 1963 2154 μὴ

402 2180 494 2233 καὶ
519 2179 641 2231 Υἱὸν
664 2177 821 2240 Θεοῦ,
851 2178 945 2229 καὶ
972 2176 1123 2240 Θεὸν,
1149 2175 1254 2246 πρὸ
1281 2175 1378 2245 τῆς
1410 2175 1674 2243 ὲνσάρκου
1700 2174 1964 2241 γενέσεως

395 2272 524 2324 ὄντα
553 2271 642 2323 τὸν
671 2268 904 2340 Χριστὸν
931 2266 1213 2338 ὡμολόγει.
1254 2265 1391 2317 Ἀλλ’
1416 2258 1567 2328 οὗτος
1599 2265 1695 2334 μὲν
1715 2305 1728 2327 ,
1776 2265 1851 2327 ὡς
1882 2267 1963 2327 εἰς

394 2362 484 2419 τὸν
518 2360 749 2432 Χριστὸν
784 2359 1022 2425 ἀσεϐῶν,
1058 2359 1156 2429 τῆς
1189 2358 1508 2427 Ἐκκλησίας
1545 2357 1705 2410 αὐτοῦ
1748 2354 1963 2426 μακρὰν

390 2452 677 2522 ἠλαύνετο·
715 2450 998 2513 Σαϐέλλιος
1023 2449 1089 2517 δ’,
1122 2449 1193 2512 ὼς
1224 2450 1303 2513 εἰς
1326 2449 1489 2505 αὐτὸν
1519 2446 1848 2518 πλημμελῶν
1872 2447 1963 2500 τὸν

395 2544 632 2615 Πατέρα,
662 2543 720 2597 ὃν
743 2543 870 2595 Υὶὸν
901 2541 1078 2609 λέγειν
1112 2540 1331 2610 ἐτόλμα,
1362 2540 1459 2608 τὴν
1499 2539 1623 2609 ἴσην,
1646 2542 1755 2601 τοῖς
1785 2537 1963 2600 ἀθέοις

394 2634 741 2704 αἰρεσιώταις
773 2633 962 2702 ὑπεῖχε
994 2631 1279 2702 τιμωρίαν.
1332 2630 1443 2701 (55)
1487 2631 1566 2683 Τὰ
1612 2629 1699 2683 ἴσα
1744 2629 1787 2681 δ’
1814 2628 1961 2699 αὐτῷ

396 2725 743 2794 ὑπειδόμενος
768 2722 1082 2793 Μάρκελλος
1130 2721 1340 2785 παθεῖν,
1399 2721 1716 2790 καινοτέραν
1773 2718 1959 2789 ἐξεῦρε

398 2820 464 2887 τῇ
500 2817 676 2889 πλάνῃ
704 2817 968 2886 μηχανὴν,
992 2814 1122 2867 Θεὸν
1150 2813 1356 2866 καὶτὸν
1390 2814 1445 2865 ὲν
1483 2812 1630 2881 αὐτῷ
1662 2812 1831 2879 Λόγον
1864 2812 1959 2864 ἕνα

404 2908 503 2978 μὲν
544 2903 680 2961 εἶναι
727 2907 1052 2981 ὁριζόμενος,
1088 2904 1180 2957 δύο
1217 2904 1260 2957 δ’
1296 2902 1442 2973 αὑτῴ
1474 2903 1684 2973 Πατρὸς
1713 2902 1806 2955 καὶ
1831 2900 1957 2955 Υιοῦ

399 3000 752 3070 χαριζόμενος
788 2998 1100 3069 ὲπηγορίας.
1148 2997 1221 3049 Οὐ
1261 2996 1370 3066 μὴν
1393 2996 1576 3048 ἔλαθεν
1597 3035 1610 3057 ,
1642 2994 1748 3045 οὐδ’
1772 2992 1961 3060 ἐξέφυ-

400 3106 517 3158 γεν,
551 3089 647 3158 ὀψέ
682 3106 807 3142 ποτε
836 3088 1102 3159 φωραθεὶς
1124 3090 1235 3150 τοῖς
1262 3086 1372 3155 (56)
1399 3086 1557 3148 αὐτὸς
1588 3082 1749 3138 αὑτοῦ
1777 3084 1959 3136 δικτύ-

396 3201 501 3246 οις.
541 3181 706 3251 Πλὴν,
728 3180 820 3233 καὶ
846 3180 969 3251 πρὶν
996 3178 1214 3241 ἁλῶναι,
1249 3176 1544 3246 συνειδήσει
1574 3174 1955 3244 πληττόμενος,

395 3277 478 3337 εἰς
502 3272 808 3342 ἀποσκευὴν
830 3271 927 3339 τῆς
957 3270 1225 3334 ὑπονοίας,
1255 3268 1587 3339 βλασφημεῖν
1616 3266 1839 3337 ὥρμητο
1866 3266 1958 3318 τὸν

358 3352 369 3367 ’
394 3364 702 3419 Σαϐέλλιον.

2067 2095 2187 2139 runt
2211 2084 2399 2141 Patres
2421 2086 2797 2151 ecclesiastici,
2825 2087 2949 2143 licet
2973 2088 3151 2154 Jesmn
3186 2090 3278 2144 Dei
3334 2090 3606 2146 Christum

2065 2177 2407 2245 profiteretur
2435 2192 2449 2231 :
2485 2177 2647 2231 Deum
2693 2194 2852 2233 unum
2880 2195 3038 2250 super
3062 2196 3274 2247 omnes,
3295 2182 3517 2250 perinde
3545 2197 3610 2235 ac

2064 2263 2370 2331 Marcellus,
2420 2277 2759 2337 agnosceret,
2798 2281 3081 2338 propterea
3114 2270 3253 2340 quod
3283 2287 3389 2326 non
3447 2272 3607 2327 simul

2064 2358 2313 2413 crederet
2344 2357 2614 2417 Christum
2642 2358 2811 2414 fuisse
2858 2360 3049 2416 Filium
3085 2363 3180 2418 Dei
3205 2374 3260 2419 et
3293 2365 3458 2418 Deum
3484 2372 3609 2418 ante

2064 2461 2212 2501 suam
2266 2449 3025 2518 incarnationem.rQuocirca,
3060 2453 3219 2508 veluti
3261 2455 3311 2508 in
3336 2455 3605 2511 Christum

2065 2537 2278 2607 impius,
2315 2538 2469 2608 longe
2522 2541 2621 2593 fuit
2669 2542 2736 2595 ab
2786 2543 3021 2599 Ecclesia
3051 2544 3245 2600 Christi
3280 2544 3603 2605 eliminatos.

2063 2628 2326 2686 Sabellius
2356 2630 2572 2701 insuper
2604 2638 2660 2696 >14
2692 2633 2851 2687 veluti
2882 2636 3075 2705 impius
3097 2635 3333 2705 inipsum
3365 2634 3602 2698 Patrem,

2062 2737 2220 2791 quem
2254 2721 2445 2775 Filium
2484 2723 2750 2791 appellare
2777 2740 2937 2781 ausus
2970 2725 3165 2791 fuerat,
3191 2727 3432 2780 eamdem
3466 2740 3606 2794 quo.

2060 2826 2165 2880 que
2192 2824 2403 2879 pinnam
2450 2827 2569 2865 cum
2603 2813 2861 2868 luereticis
2884 2814 3160 2883 sacrilegis
3187 2814 3405 2868 subivit.
3463 2811 3603 2870 Mar-

2061 2901 2228 2955 cellus
2280 2903 2483 2957 veritus
2522 2918 2587 2957 ne
2618 2903 2732 2972 pari
2760 2917 2879 2959 cum
2903 2904 2989 2958 illo
3022 2918 3176 2972 pinna
3234 2903 3599 2971 mulctaretur,

2061 2991 2249 3045 haeresi
2286 3007 2396 3047 suae
2443 2993 2745 3047 machinam
2785 2992 3200 3048 sulllaminanda:
3235 3008 3422 3047 novam
3453 2995 3605 3048 adia-

2060 3083 2244 3148 veuit;
2304 3083 2466 3137 Deum
2497 3093 2655 3153 atque
2680 3084 2911 3141 Verbum
2943 3084 2993 3138 in
3038 3084 3164 3149 Deo,
3199 3101 3358 3139 unum
3387 3086 3601 3155 quidem

2061 3173 2482 3238 determiuaudo,
2508 3175 2600 3228 sed
2627 3175 2797 3229 eidem
2828 3175 3091 3247 geminam
3126 3175 3599 3242 nomenclaturam,

2062 3265 2235 3321 Patris
2299 3277 2458 3334 atque
2505 3264 2623 3321 Filii
2676 3265 2994 3333 adoptando.
3071 3264 3177 3320 Sed
3215 3280 3386 3334 neque
3416 3265 3503 3319 illo
3528 3266 3601 3319 ita

1981 3352 2022 3409 C
2058 3357 2213 3413 latuit
2244 3374 2257 3409 :
2292 3372 2389 3411 nec
2422 3370 2541 3410 sero
2576 3357 2699 3410 licet
2731 3357 2996 3422 irretitus,
3038 3370 3132 3410 sua
3177 3356 3343 3426 ipsius
3371 3355 3501 3411 retia
3527 3354 3606 3411 ei-

396 3459 584 3529 iugere
612 3456 806 3527 potuit.
840 3457 907 3511 At
941 3456 1215 3511 enimvero
1238 3495 1252 3520 ,
1306 3454 1615 3523 priusquam
1683 3451 2193 3521 deprehenderetur,
2260 3450 2595 3505 conscientia
2663 3450 2969 3504 stimulante
3018 3451 3258 3519 propria,
3289 3459 3348 3504 ut
3386 3464 3600 3506 omnem

397 3571 429 3608 a
460 3572 517 3610 se
543 3554 905 3625 suspicionem
938 3553 1271 3613 amoliretur,
1291 3552 1358 3605 ad
1387 3549 1679 3604 Sabellium
1704 3548 1951 3618 prorupit
1989 3547 2422 3603 couviciandum.

1019 3647 1175 3699 ΚΕΦ.
1228 3646 1328 3697 1Ε’.

406 3740 655 3806 Ὀποιοις
670 3739 895 3809 ῥήμασι
908 3736 1249 3809 Μάρκελλος
1267 3736 1374 3789 τὸν
1389 3737 1711 3809 Σαϐέλλιον
1722 3734 1963 3809 ἔκοπτε,

503 3804 1011 3879 προάᾶτοῖοὐμενοῤ
1041 3806 1126 3877 μὴ
1160 3808 1231 3861 τὰ
1265 3808 1367 3858 ἴσα
1391 3805 1548 3871 αὐτῷ
1581 3804 1840 3874 φρονεῖν.

474 3899 656 3962 Ὅπως
682 3898 738 3953 δὲ
770 3897 859 3949 τὸν
892 3895 1058 3966 ἄνδρα
1090 3894 1329 3948 διέϐαλεν
1370 3894 1624 3964 ὀνομαστὶ
1657 3893 1953 3963 μνημονεῦ-

402 4007 497 4052 σας
532 3988 713 4051 αὑτοῦ,
748 3988 1067 4049 ἐπάκουσον,
1095 3986 1266 4039 ταῦτα
1291 3987 1417 4056 περὶ
1459 3984 1623 4038 αὐτοῦ
1658 3985 1957 4055 γράφοντος

402 4081 585 4143 αὑταῖς
609 4078 916 4142 συλλαϐαῖς
956 4097 973 4130 ‹
994 4077 1274 4139 Σαϐέλλιος
1305 4076 1411 4147 γὰρ
1444 4077 1536 4128 καὶ
1567 4075 1727 4137 αὐτὸς
1751 4074 1847 4143 τῆς
1872 4074 1955 4143 όρ-

408 4191 425 4221 ι
463 4169 559 4239 θῆς
602 4168 883 4239 όλισθήσας
940 4168 1193 4231 πίστεως,
1243 4165 1364 4218 οὔτε
1415 4165 1505 4218 τὸν
1550 4164 1679 4217 Θεὸν
1715 4160 1954 4233 ἀκριϐῶς

406 4282 425 4313 ί
462 4262 619 4330 ἔγνω,
649 4260 770 4314 οὔτε
798 4261 887 4313 τὸν
928 4259 1079 4327 ἆγιον
1111 4257 1274 4312 αὑτοῦ
1301 4257 1489 4324 Λόγον.
1532 4254 1588 4307 '0
1615 4253 1721 4323 γὰρ
1763 4253 1836 4323 μὴ
1864 4254 1954 4305 τὸν

406 4374 423 4405 ι
462 4352 629 4420 Λόγον
647 4352 806 4420 γνοὺς
828 4350 1059 4422 ἠγνόησε
1087 4351 1179 4403 καὶ
1203 4347 1294 4401 τὸν
1317 4348 1555 4416 Πατέρα.
1600 4344 1805 4411 Οὐδεὶς
1847 4346 1953 4415 γὰρ

2685 3638 2833 3693 CAP.
2866 3638 2980 3694 XV.

2062 3777 2262 3842 Quibus
2300 3776 2463 3831 verbis
2528 3772 2810 3827 Marcellus
2863 3771 3152 3828 Sabellium
3190 3769 3442 3839 concidit,
3477 3772 3605 3827 dum

2396 3846 2459 3898 ab
2488 3861 2547 3899 eo
2579 3861 2632 3899 se
2664 3844 2824 3899 videri
2853 3845 2956 3897 vult
2982 3844 3274 3896 dissentire.

2130 3979 2264 4034 Audi
2308 3995 2434 4036 vero
2476 3980 2670 4050 quibus
2707 3980 2796 4034 ille
2834 3979 3009 4035 verbis
3039 3977 3327 4033 Sabellium
3361 3986 3601 4042 accusat,

2060 4070 2113 4125 in
2147 4071 2345 4139 quibus
2395 4071 2542 4125 illum
2591 4071 2872 4140 compellat
2899 4072 2963 4124 de
2988 4072 3220 4124 nomine.
3260 4070 3395 4124 Sunt
3426 4079 3602 4123 autem

2059 4178 2179 4232 qua:
2203 4162 2392 4219 scribit
2428 4163 2542 4217 hzec
2587 4163 2880 4232 ipsissima.
2912 4160 2998 4235 [Β.
3044 4159 3332 4231 XXXVIII]
3364 4178 3384 4210 ‹
3415 4158 3604 4215 Sabel-

2066 4271 2082 4303 ι
2113 4252 2213 4307 lius
2248 4262 2425 4306 autem
2455 4253 2541 4306 ille
2574 4267 2695 4306 cum
2721 4267 2749 4305 a
2776 4264 2919 4306 recta
2960 4251 3062 4305 fide
3113 4250 3397 4311 deviasset,
3432 4262 3603 4316 neque

2065 4362 2083 4395 ‹
2122 4344 2284 4396 Deum
2324 4352 2513 4397 exacte
2570 4342 2929 4411 agnoscebat,
2983 4357 3154 4413 neque
3205 4339 3600 4396 sanctissimum

406 4466 422 4494 ς
461 4439 602 4505 οἵδε,
650 4445 801 4514 φησι,
849 4444 951 4495 τὸν
1006 4440 1233 4508 Πατέρα
1299 4440 1351 4491 εὶ
1389 4437 1473 4507 μὴ
1543 4440 1574 4491 ὀ
1636 4436 1787 4502 Υἱὸς,
1844 4436 1953 4506 (57)

2065 4454 2083 4487 ι
2122 4434 2238 4499 eius
2282 4433 2533 4489 Verbum.
2573 4433 2703 4487 Nam
2736 4434 2824 4503 qui
2856 4434 3095 4489 Verbum
3126 4431 3415 4493 nesciebat,
3462 4432 3506 4487 is
3552 4442 3605 4487 et

405 4557 421 4587 ι
454 4535 745 4597 τουτέστιν,
784 4536 812 4587 ό
840 4533 1007 4599 Λόγος
1034 4532 1098 4584 δι’
1131 4530 1293 4584 αὑτοῦ
1326 4530 1422 4601 τὴν
1460 4529 1551 4581 τοῦ
1588 4528 1797 4598 Πατρὸς
1824 4545 1956 4599 παρ-

402 4646 424 4677 (
459 4626 571 4695 έχει
607 4624 823 4693 γνῶσιν.
867 4622 1020 4676 Οῦτω
1082 4621 1187 4693 γὰρ
1224 4622 1315 4674 καὶ
1345 4620 1480 4692 πρὸς
1522 4619 1645 4682 τοὺς
1680 4618 1953 4689 οἰομένους

404 4732 431 4773 «γ
467 4712 759 4784 τηνικαῦτα
801 4712 907 4765 τῶν
949 4711 1213 4765 Ἰουδαίων
1261 4710 1455 4763 εἰδέναι
1506 4709 1595 4763 τὸν
1627 4709 1777 4775 Θεὸν,
1827 4709 1953 4763 ἀθε-

475 4832 533 4889 ›Ῑ4
569 4826 669 4885 Ed.
695 4826 892 4892 Paris.,
916 4842 1036 4897 pag.
1068 4826 1157 4879 76.
1216 4827 1259 4857 ⁷³
1294 4826 1479 4884 Matth.
1509 4842 1587 4891 ιι,
1615 4826 1707 4883 27.

494 4983 579 5053 52)
610 4982 779 5053 Vulgo
804 4984 859 5037 δέ
882 4994 933 5037 et
960 4982 1114 5049 Θεοῦ,
1143 4983 1447 5037 Σαϐέλλιον.

496 5050 585 5121 55)
646 5050 754 5107 Καὶ
811 5053 995 5118 πλήν.
1054 5056 1363 5106 Addendum
1416 5055 1522 5116 hic,
1567 5050 1650 5121 vel
1694 5050 1832 5121 ἑνός,
1874 5050 1955 5121 vel

400 5116 717 5195 αὐτοῦ’[ὴοο
745 5135 824 5177 est
856 5126 906 5176 in
925 5116 1313 5195 coddZ],_etiam
1342 5123 1555 5195 ειδέναι,
1578 5120 1672 5195 pro
1701 5116 1859 5195 εἶναι.
1883 5120 1952 5177 Μ.

473 5191 889 5265 (δόγατωχοὺς
926 5192 1039 5260 τὴν
1059 5191 1343 5265 διάνοιαν.
1367 5191 1657 5265 Transtulit
1692 5192 1760 5265 ab
1808 5191 1954 5265 lgna-

404 5260 501 5325 tio,
541 5264 605 5317 ad
644 5260 974 5329 Pliiladelpb.
1013 5264 1106 5316 καὶ
1150 5263 1336 5317 έστινό
1367 5263 1620 5331 τοιοῦτος,
1646 5261 1811 5331 πένης
1856 5260 1951 5331 τὴν

401 5336 635 5388 διάνοιαν
667 5334 742 5396 ὼς
770 5334 997 5402 ἐπίκλην
1036 5332 1248 5397 Ἐϐιών,
1278 5336 1343 5384 de
1386 5333 1469 5385 his
1499 5330 1714 5398 Origen.
1765 5330 1952 5402 contra

402 5407 631 5467 Celsum,
665 5405 753 5457 lib.
785 5419 842 5467 tt,
893 5400 965 5455 0i
1005 5403 1109 5456 ἀπὸ
1152 5402 1415 5465 Ἰουδαίων
1455 5403 1531 5464 εἰς
1589 5400 1822 5471 Χριστὸν
1867 5419 1953 5453 πι-

404 5475 711 5538 στεύοντες,
766 5474 825 5525 οὐ
886 5472 1295 5527 καταλελοίπασι
1353 5471 1442 5523 τὸν
1501 5470 1723 5539 πάτριον
1769 5470 1949 5540 νόμον.

405 5544 586 5596 [lto-3m
646 5544 751 5613 γὰρ
803 5543 917 5595 κατ’
968 5544 1161 5603 αὐτὸν,
1213 5540 1483 5609 ἐπώνυμοι
1528 5542 1623 5613 τῆς
1673 5539 1953 5613 καταζῆν

406 5613 627 5684 ἐκδοχὴν
659 5607 1061 5684 πτωχείας.λτοῦ
1088 5613 1249 5684 νόμου
1279 5607 1645 5684 γεγενημένοι.
1678 5607 1865 5684 Έϐιων
1894 5607 1953 5661 τε

406 5676 561 5755 γάρδ
582 5676 968 5754 ἆττωχδξπαρὰ
1008 5676 1275 5746 Ἰουδαίοις
1291 5676 1567 5736 ’καλεῖται’
1631 5680 1721 5733 καὶ
1768 5678 1953 5733 Ἐϐιω-

2067 4544 2084 4575 ι
2125 4526 2332 4579 I’atrem
2369 4524 2552 4593 utique
2580 4526 2876 4593 ignorabat.
2910 4521 3077 4576 Nemo
3096 4524 3249 4583 enim,
3282 4520 3470 4591 inquit,
3494 4519 3600 4574 I’a-

2064 4636 2081 4668 ι
2125 4628 2249 4669 trem
2278 4618 2411 4670 novit
2443 4617 2539 4670 nisi
2564 4614 2733 4670 Filius
2761 4616 2829 4682 ",
2853 4616 2955 4671 hoc
3008 4626 3091 4670 est
3141 4614 3372 4679 Verbum
3398 4629 3493 4683 per
3523 4628 3590 4667 se.

2070 4729 2087 4761 ι
2129 4707 2303 4765 Patris
2332 4708 2689 4778 cognitionem
2712 4708 2944 4763 exhibet.
2994 4705 3104 4761 Hoc
3151 4705 3292 4760 enim
3323 4705 3481 4760 modo
3508 4702 3589 4759 Ju-

1949 4970 1971 5005 ’“
2060 4983 2196 5051 ναῖοι
2250 4981 2686 5051 χρηματίζουσιν,
2716 4981 2764 5033 οἱ
2803 4967 2942 5051 ἀπὸ,
2964 4977 3241 5051 Ἰουδαίων
3272 4977 3361 5051 τὸν
3398 4976 3585 5051 Ἰησοῦι

2057 5050 2131 5113 ὼς
2175 5046 2403 5123 Χριστὸν
2426 5050 2869 5123 παραδεξάμενοι.
2897 5047 3047 5103 M.-—-
3076 5048 3196 5104 Mox
3225 5048 3381 5117 vulgo
3411 5046 3580 5117 ὲνσάρ

2059 5137 2177 5191 κου,
2187 5121 2346 5191 γεννή
2356 5137 2509 5184 σεως.

2128 5185 2237 5257 (55)
2265 5185 2434 5259 Vulgo
2465 5190 2531 5242 τὰ
2566 5190 2610 5249 δῗ
2638 5187 2726 5243 ἴσα
2751 5188 2896 5259 αὐτῷ
2918 5198 2972 5242 et
3002 5185 3306 5259 ἐξέφευγεν.

2129 5253 2396 5329 (56),Τοῖξι
2428 5260 2627 5325 αὐτοῖς
2649 5260 2832 5313 αὑτοῦ
2866 5253 3144 5329 δικτύοις.
3179 5253 3599 5329 _Deest_aliqui_d

2054 5325 2329 5386 sententia:
2354 5331 2653 5393 fulciendw,
2680 5330 2943 5383 irretitum
2972 5327 3081 5379 vult
3107 5326 3222 5381 suis
3269 5327 3493 5380 retibus.
3521 5325 3593 5381 Μ.

2053 5432 2120 5440 -
2137 5401 2301 5454 Codd.
2323 5404 2435 5463 τοῖς
2453 5398 2609 5462 αὐτὸς
2635 5398 2796 5452 αὑτοῦ
2820 5415 2833 5462 ;
2864 5396 2985 5451 dein
3015 5395 3170 5464 vulgo
3194 5395 3489 5451 διέϐαλλεν.

2125 5469 2232 5539 (57)
2246 5471 2561 5527 Τουτέστινὸ
2581 5469 2732 5537 λόγος
2755 5486 2768 5498 ·
2797 5470 2822 5520 ό
2836 5466 2943 5537 γὰρ
2961 5466 3115 5539 λόγος
3129 5466 3193 5539 δι’
3209 5466 3369 5539 αὑτοῦ
3397 5468 3438 5521 Β
3453 5476 3507 5521 et
3525 5481 3594 5539 Ρ.

2125 5481 2561 5539 (5Ί)Ἰόυτεστινο
2582 5481 2732 5537 Λόγος
2755 5486 2768 5498 ο
2797 5481 2943 5537 ογαρ
2962 5481 3113 5535 Λόγος
3129 5481 3192 5519 δι’
3209 5481 3369 5522 αυτου
3398 5481 3507 5521 ﬂet

2054 5541 2121 5594 78
2151 5543 2214 5593 A.
2250 5541 2379 5595 Dein
2412 5540 2566 5609 vulgo
2596 5538 2845 5609 παρέχοι,
2885 5553 3006 5592 mox
3034 5536 3205 5609 065s};
3238 5537 3519 5609 γινώσκει-
3574 5554 3594 5597 ;

2064 5556 2121 5594 ιδ
2151 5556 2214 5593 Α.
2250 5556 2379 5595 ueto
2412 5556 2566 5606 vulgo
2596 5556 2671 5591 πα
2712 5556 2845 5609 εχοι,
2885 5556 3006 5592 mox
3034 5556 3205 5600 ουοεις
3238 5556 3490 5605 γινωσκει
3526 5556 3594 5597 ης

2054 5625 2216 5682 porro
2236 5609 2389 5682 vulgo
2408 5607 2656 5679 ὴςφᾶλει.
2677 5556 2721 5665 fi
2746 5609 2947 5665 induxit
2977 5607 3234 5680 ἀκριϐῶς,
3267 5623 3385 5664 mox
3439 5607 3611 5677 vulgo.

2055 5678 2277 5748 ἔγραψε.
