4086 6202
502 231 604 286 855

1161 221 1428 291 EUSEBII
1467 216 1945 275 CASSARIENSIS
1979 215 2130 275 OPP.
2171 214 2353 271 PARS
2391 215 2476 270 IV.
2504 244 2570 254 ——
2607 211 3027 270 DOGMATICA.

3620 205 3725 264 858

504 366 523 398 ι
561 346 705 401 deos
732 342 1045 413 alloquitur,
1078 341 1167 411 qui
1197 350 1324 397 tunc
1345 339 1604 410 temporis
1632 353 1691 394 se
1719 337 1884 393 Deum
1916 337 2059 392 scire

2166 354 2184 388 t
2223 334 2445 396 τοῦντας
2470 332 2513 387 δ’
2537 330 2697 386 αὑτοῦ
2740 331 2831 385 τὸν
2860 330 3051 397 Λόγον,
3099 326 3165 380 δι’
3192 318 3253 381 οὗ
3282 323 3442 395 μόνου
3463 319 3731 391 γινώσκω-ι
3770 390 3779 399 θ

503 461 518 488 ι
563 436 984 499 arbitrabantur,
1036 432 1269 487 Verbum
1300 443 1478 486 autem
1516 430 1608 485 Dei
1662 430 2053 498 repudiabant;

504 548 519 575 ι
558 540 666 594 quo
696 533 873 580 tamen
900 524 987 578 ille
1024 523 1139 578 solo
1183 522 1508 577 intermedio
1544 516 1958 588 agnoscebatur,
1982 518 2061 572 ait

505 635 523 667 ι
566 618 730 671 enim:
764 614 930 668 Nemo
961 615 1098 667 novit
1129 611 1341 669 Patrem
1372 613 1470 665 nisi
1498 610 1692 678 Filius,
1713 620 1759 665 et
1781 611 1864 664 cui
1887 608 2059 664 Filius

508 727 526 758 ι
562 706 800 762 rerelabit
824 706 892 759 ⁷³.
917 705 1052 759 Nam
1083 720 1203 761 cum
1240 704 1346 758 alio
1373 704 1564 773 quovis
1609 703 1768 757 modo
1815 701 2061 771 impossi-

510 819 527 849 ι
570 798 674 852 bile
701 797 889 853 fuisset
942 777 1268 868 cognoscere
1299 796 1487 863 Deum,
1544 809 1640 865 per
1683 808 1837 848 suum
1893 793 2061 862 ipsius

507 913 524 942 ι
570 891 823 956 Verbum,
858 888 939 944 sui
963 891 1320 958 cognitionem
1355 888 1661 943 hominibus
1693 887 1833 941 Deus
1861 886 2058 955 imper-

506 1000 525 1034 ι
562 982 753 1050 tiebat,
786 992 845 1036 ut
872 996 1088 1036 errasse
1123 980 1270 1035 illum
1304 979 1609 1035 certissime
1655 987 1887 1039 constet,
1939 993 2060 1031 cum

513 1091 531 1124 ι
570 1088 742 1142 neque
765 1072 977 1127 Patrem
1012 1074 1281 1127 exaetiore
1316 1072 1491 1133 modo,
1529 1084 1703 1141 neque
1733 1070 1848 1137 ejus
1871 1068 2060 1123 Filium

516 1184 535 1217 ι
577 1166 916 1237 intelligeret.
957 1186 975 1219 ι
1012 1166 1135 1221 [hec
1172 1166 1283 1234 ipsa
1313 1165 1601 1219 Marcellus
1650 1163 1924 1218 mandavit
1981 1163 2063 1215 lit-

512 1260 662 1325 teris,
696 1260 821 1314 dum
860 1274 917 1313 se
952 1259 1061 1311 vult
1088 1272 1319 1328 purgare
1364 1272 1392 1310 a
1420 1257 1722 1327 suspicione
1755 1257 1897 1310 omni
1959 1254 2062 1309 Sa-

507 1354 823 1409 bellianismi
857 1371 869 1405 :
901 1352 991 1406 sed
1025 1352 1205 1420 lingua
1245 1360 1449 1403 tantum
1479 1362 1532 1405 et
1564 1364 1695 1403 voce
1723 1356 1898 1404 tenus.
1931 1347 2063 1402 Nam

504 1455 765 1514 quantum
799 1446 865 1499 ad
895 1445 1055 1499 animi
1082 1444 1402 1499 sententiam
1432 1444 1538 1505 sui,
1576 1452 1631 1495 et
1659 1457 1781 1495 cum
1833 1440 1925 1495 illo
1969 1441 2066 1494 ho-

508 1537 649 1590 mine
675 1536 1096 1605 conspirantem,
1128 1535 1316 1588 iisdem
1369 1534 1563 1603 quibus
1590 1533 1697 1613 ille,
1731 1532 1851 1588 telis
1900 1531 2066 1585 conﬁ-

507 1642 606 1681 sus
648 1641 767 1683 esse
799 1626 1252 1694 deprehenditur,
1287 1635 1344 1678 ut
1394 1624 1522 1679 mihi
1555 1625 1770 1693 quidem
1824 1623 1952 1676 illud
2003 1622 2057 1675 in

2164 447 2181 479 ι
2222 445 2309 481 ται
2346 427 2374 479 ὁ
2411 425 2559 487 Θεὸς,
2608 424 2789 493 ἔλεγεν
2812 437 2825 450 ·
2846 422 3057 486 Οὐδεὶς
3087 416 3452 488 ἐπιγινώσκει
3476 414 3583 468 τὸν
3609 418 3735 467 Πα-

2138 537 2181 572 ἰ
2221 519 2360 589 τέρα
2394 521 2446 573 ει
2468 518 2553 589 μὴ
2589 521 2620 571 d
2659 515 2820 580 Υὶὸς,
2843 514 2937 568 καὶ
2964 507 3100 579 ᾧᾶν
3119 515 3151 565 ό
3178 509 3303 575 Υἱὸς
3326 508 3732 575 ἀποκαλύψει.

2165 628 2184 662 ι
2223 609 2441 678 Ἐπειδὴ
2475 607 2584 678 γὰρ
2614 606 2873 660 ἀδύνατον
2905 600 2972 674 ἦν
2999 604 3198 675 ἑτέρως
3219 600 3417 670 γνῶναι
3456 600 3546 651 τὸν
3574 598 3732 661 Θεὸν,

2165 718 2183 752 ι
2223 698 2311 753 διὰ
2361 697 2455 752 τοῦ
2511 698 2640 750 ἰδίου
2694 696 2865 762 Λόγου
2910 694 3098 754 εἰδέναι
3155 692 3315 745 αὐτὸν
3354 692 3477 753 τοὺς
3517 688 3735 761 ἀνθρώ⁴

2165 810 2182 842 ι
2216 807 2349 853 πους
2387 789 2644 851 διδάσκει,
2679 786 2817 839 ὣστε
2841 783 3043 854 ἐσφάλη
3095 784 3191 853 μὲν
3226 783 3493 843 κάκεῖνος,
3537 780 3610 850 μὴ
3641 781 3736 832 τὸν

2166 903 2185 935 ι
2228 884 2444 955 Πατέρα
2496 886 2589 936 καὶ
2625 883 2714 935 τὸν
2759 879 2945 933 τούτου
2992 879 3160 945 Λόγον
3202 876 3442 946 ἀκριϐῶς
3489 874 3666 941 γνούς.
3709 892 3730 925 ι

2160 975 2343 1029 Ταῦτα
2366 975 2678 1047 Μάρκελλος
2709 974 2913 1043 ἔγραφε
2940 1011 2953 1033 ,
2983 970 3081 1039 τῆς
3118 967 3207 1021 τοῦ
3243 965 3579 1029 Σαϐελλίξειν
3608 966 3740 1017 ὑπο-

2162 1070 2307 1132 νοίας
2341 1068 2621 1139 καθαίρων
2646 1066 2857 1128 ἑαυτὸν,
2895 1063 3055 1134 μέχρι
3086 1060 3270 1130 φωνῆς
3304 1060 3397 1111 καὶ
3426 1058 3585 1125 λόγου
3608 1076 3620 1085 ⁸
3662 1058 3734 1126 τῇ

2162 1176 2225 1227 γε
2256 1160 2351 1229 μὲν
2381 1157 2601 1230 γνώμῃ,
2634 1158 2725 1210 καὶ
2771 1158 2834 1225 τῇ
2874 1154 3007 1224 πρὸς
3047 1152 3134 1203 τὸν
3174 1150 3341 1219 ἄνδρα
3390 1147 3735 1228 ὁμοφροσύχῃ

2164 1251 2441 1305 ἁλίσκεται
2480 1254 2590 1312 τοῖς
2624 1250 2804 1309 αὐτοῖς
2857 1245 3047 1313 ἐκείνῳ
3098 1242 3544 1313 περιπειρόμενος
3588 1239 3740 1309 βέλε-

2166 1360 2269 1397 σιν.
2311 1342 2397 1405 Ὠς
2430 1342 2613 1412 ἔμοιγε
2642 1342 2735 1394 καὶ
2762 1340 2827 1393 δι’
2856 1340 3019 1409 εὐχῆς
3058 1336 3298 1407 ὑπῆρξεν
3331 1333 3395 1387 ἂν
3426 1333 3485 1385 τὸ
3514 1332 3585 1402 μὴ
3611 1332 3737 1384 τότε

2167 1436 2348 1498 αὐτοῖς
2386 1435 2546 1493 αὑτὸν
2576 1434 2891 1505 περιπεσεῖν
2918 1450 2929 1467 ·
2983 1429 3097 1483 νυνὶ
3141 1429 3196 1481 δὲ
3226 1427 3415 1480 κάκιον
3458 1425 3489 1495 ἥ
3527 1427 3738 1488 ἐκεῖνος

2168 1525 2499 1597 πλημμελῶν
2526 1527 2790 1595 φαίνεται.
2808 1525 2866 1577 '0
2882 1524 2979 1594 μὲν
3005 1522 3112 1592 γὰρ
3128 1521 3264 1590 τάχα
3296 1536 3396 1571 που
3434 1516 3739 1586 σφαλλόμετ

2168 1635 2254 1681 νος
2274 1617 2453 1687 ἠγνόει
2479 1634 2492 1647 °
2534 1619 2562 1670 ὁ
2593 1617 2670 1680 δὲ,
2699 1614 2974 1686 ὁμολογῶν
2996 1612 3258 1682 ἐσφάλθαι
3284 1610 3395 1681 (58)
3426 1610 3512 1662 τὸν
3542 1608 3737 1678 ἄνδρα,
3778 1639 3792 1649 -

505 1719 646 1775 votis
680 1719 772 1783 sit,
813 1734 881 1774 ne
917 1720 971 1773 in
1010 1718 1165 1785 hujus
1198 1718 1525 1771 mentionem
1566 1714 1868 1769 istiusmodi
1930 1713 2062 1767 inci-

2166 1710 2394 1763 κᾶπειτα
2442 1709 2602 1761 αὑτὸν
2647 1708 2801 1760 ὠθῶν
2854 1708 2944 1759 ἐπὶ
2979 1706 3069 1759 τὸν
3121 1702 3371 1775 προφανῆ
3421 1702 3518 1772 τῆς
3566 1700 3740 1770 αὐτῆς

507 1813 673 1867 disset
705 1832 717 1867 :
754 1812 894 1866 ultra
945 1812 1095 1865 illum
1120 1812 1318 1881 quippe
1347 1810 1557 1863 videtur
1603 1822 1923 1877 progressus
1958 1807 2062 1860 im-

507 1902 723 1968 pietate.
759 1901 849 1955 llle
869 1901 1011 1956 enim
1035 1900 1301 1962 fortassis,
1330 1913 1425 1966 per
1450 1897 1810 1966 ignorantiam
1830 1896 2058 1949 erravit:

511 1998 569 2055 ᾖ
607 1992 696 2048 ille
719 2002 919 2062 autem,
950 1996 1185 2062 quicum
1225 1994 1546 2046 confiteatur
1611 1990 1761 2044 illum
1797 1990 2067 2043 hominem
2108 1990 2413 2053 aberrasse,
2481 1998 2532 2044 et
2569 1999 2745 2043 tamen
2809 1992 3155 2057 semetipsum
3193 1986 3245 2040 in
3293 1984 3431 2039 idem
3476 1982 3713 2052 protrusi

2166 1801 2479 1864 δυσσεϐείας
2548 1801 2809 1871 κρημνὸν,
2884 1799 3135 1868 οὐδεμιᾶς
3210 1796 3407 1863 γένοιτ’
3459 1793 3523 1847 ἂν
3588 1792 3741 1857 ἄξιος

2170 1894 2515 1965 συγγνώμης.
2550 1893 2707 1947 Ἀλλὰ
2733 1894 2840 1963 γὰρ
2871 1889 3286 1960 διασκεψώμεθα
3313 1888 3380 1958 τὰ
3417 1887 3743 2011 λελεγμέναὶ

2185 2004 2388 2011 .-__----
2485 1998 2529 2011 Δι
2569 1999 2741 2011 .-__.-_-
2810 1992 3154 2011 --_,...i.........
3193 1986 3242 2011 ζ..
3293 1984 3431 2011 LI...“
3476 1982 3710 2011 ..-ΑΙ-..οἶ

509 2086 791 2141 manifeste
848 2087 1199 2156 praecipitium
1253 2085 1579 2154 impietatis,
1640 2085 1799 2139 venia
1840 2098 2061 2153 prorsus
2098 2084 2242 2138 omni
2271 2084 2542 2153 indignum
2574 2098 2633 2139 se
2662 2085 2928 2155 praestitit.
2958 2082 3067 2138 Sed
3124 2082 3238 2153 ipsa
3272 2079 3389 2152 ejus
3448 2080 3591 2137 dicta
3650 2080 3737 2137 in-

510 2177 901 2245 trospiciamus.

1111 2268 1262 2325 CAP.
1294 2269 1449 2341 pm.

511 2359 782 2425 Quomodo
810 2377 836 2414 e
878 2362 987 2415 suis
1018 2362 1183 2429 ipsius
1213 2364 1376 2429 verbis
1402 2360 1801 2429 deprehenditur
1825 2360 2060 2413 eamdem

546 2432 712 2495 ipsam
744 2427 1046 2498 opinionem
1070 2447 1186 2484 cum
1218 2428 1448 2485 Sabellio
1489 2427 1679 2497 fovere,
1722 2430 2028 2485 Marcellus.

578 2520 846 2589 Imprimis
874 2522 1001 2576 illud
1029 2524 1238 2588 statuit,
1284 2537 1383 2577 nec
1413 2522 1701 2577 Sabellium
1735 2536 1835 2577 nec
1851 2520 2065 2576 Judaeos

509 2613 790 2679 agnovisse
827 2614 1011 2680 Deum,
1044 2628 1109 2667 eo
1134 2618 1275 2682 quod
1302 2614 1535 2669 Verbum
1567 2615 1902 2684 ignorabant.
1932 2613 2064 2669 Ver-

512 2704 635 2758 bum
671 2720 798 2760 vero
830 2704 1103 2775 quodnam
1151 2704 1509 2775 intelligebat,
1544 2706 1934 2773 dispiciendum
1966 2722 2066 2760 no-

508 2794 591 2850 bis
620 2806 721 2851 est.
775 2795 1049 2865 Siquidem
1111 2796 1304 2851 Filium
1342 2797 1433 2851 Dei
1482 2798 1834 2866 unigenitum,
1889 2798 2065 2851 subsi-

510 2898 739 2943 stentem
770 2889 949 2942 vivum
972 2902 1111 2952 esse,
1147 2888 1423 2943 enimvero
1458 2889 1597 2943 hunc
1626 2889 1695 2942 ita
1728 2903 1903 2958 neque
1930 2890 2069 2958 ipse-

2793 2266 2948 2319 ΚΕΦ.
2991 2266 3105 2332 ις’.

2170 2360 2363 2423 Ὀπως
2402 2358 2711 2410 ἁλίσκεται
2743 2357 2839 2410 διὰ
2869 2358 2986 2409 τῶν
3012 2357 3198 2411 αὐτοῦ
3233 2356 3464 2424 φωνῶν,
3487 2356 3559 2409 τὰ
3589 2357 3742 2411 αὐτὰ

2378 2427 2456 2492 τῷ
2484 2428 2779 2491 Σαϐελλίφ
2810 2426 3070 2491 δοξάζων
3100 2430 3132 2481 ό
3160 2428 3534 2495 Μάρκελλος.

2240 2520 2460 2591 Πρῶτον
2503 2520 2599 2590 μὲν
2642 2515 2733 2573 οὖν
2780 2521 2915 2591 μήτε
2960 2519 3049 2571 τὸν
3085 2518 3391 2582 Σαὸέλλιον,
3429 2520 3568 2591 μήτε
3604 2520 3739 2572 Ἰου-

2169 2615 2349 2676 δαίους
2378 2614 2678 2683 ὴγνωκὲναι
2693 2612 2780 2666 τὸν
2796 2613 2925 2665 Θεὸν
2942 2612 3063 2683 ἔφη,
3089 2611 3166 2682 τῷ
3190 2612 3263 2683 μὴ
3283 2612 3371 2665 τὸν
3383 2613 3553 2681 Λόγον
3567 2614 3743 2680 ἠγνω-

2172 2704 2323 2758 κέναι
2351 2704 2690 2774 αὑτούς.(59)
2707 2702 3015 2773 Σκέψασθαι
3044 2703 3099 2756 δὲ
3136 2704 3241 2775 χρὴ
3280 2704 3460 2756 ὁποῖον
3491 2703 3744 2756 ὑποτίθεο

2172 2814 2259 2850 ται
2292 2797 2490 2863 Λόγον’
2544 2795 2605 2847 Ei
2653 2794 2750 2865 μὲν
2784 2792 2890 2863 γὰρ
2922 2794 3013 2846 τὸν
3048 2793 3173 2846 Υἰὺν
3199 2794 3291 2847 τοῦ
3337 2794 3472 2846 Θεοῦ
3507 2794 3597 2847 τὸν
3641 2812 3740 2864 μο-

2175 2888 2385 2958 νογενῆ,
2419 2887 2507 2940 τὸν
2541 2885 2847 2954 ὑφεστῶτα,
2898 2887 2986 2941 καὶ
3032 2885 3208 2950 ζῶντα
3233 2925 3246 2947 ,
3294 2884 3407 2937 ἀλλ’
3444 2885 3550 2937 οὐδ’
3580 2884 3741 2949 αὐτὸς

511 2989 620 3032 met
652 2978 885 3046 agnovit.
908 2977 1148 3047 Cumque
1197 2979 1449 3033 Servatur
1488 2987 1671 3033 noster
1709 2980 2062 3052 diversimode

2172 2978 2359 3032 τοῦτον
2394 2978 2553 3047 ἔγνω.
2584 2977 2788 3031 Λύτίκα
2820 2978 2863 3031 δ’
2889 2972 3002 3041 οὖν,
3043 2977 3134 3030 τοῦ
3176 2978 3429 3047 Σωτῆρος
3454 2976 3609 3047 ἡμῶν
3632 2977 3743 3029 δια-

511 3067 835 3120 mentionem
872 3064 990 3125 Filii
1045 3067 1276 3123 fecerit:
1319 3076 1372 3121 et
1413 3068 1687 3123 multoties
1718 3068 2062 3138 Unigenitnm

2172 3070 2351 3139 φόρως
2384 3068 2849 3140 μνημονεύσαντος
2882 3067 2972 3121 τοῦ
3016 3067 3165 3131 Υἰοῦ,
3198 3068 3291 3121 καὶ
3338 3067 3597 3131 πολλάκις
3648 3084 3742 3137 μο-

513 3153 661 3206 illum
692 3153 1063 3222 appellaverit,
1094 3169 1195 3209 nec
1221 3154 1415 3208 alicubi
1449 3169 1509 3209 se
1535 3152 1771 3209 Verbum
1829 3155 2066 3208 nomina-

511 3242 669 3307 verit,
706 3242 798 3295 sed
838 3241 1036 3312 ubique
1060 3256 1154 3312 per
1172 3242 1457 3311 Evangelia
1491 3257 1549 3297 se
1574 3242 1664 3296 Dei
1699 3241 1890 3296 Filium
1915 3257 2069 3296 usur-

513 3332 723 3401 paverit
755 3352 767 3386 :
797 3332 865 3386 ob
894 3347 1118 3402 eamque
1149 3334 1322 3403 ipsam
1357 3332 1753 3388 confessionem
1767 3345 1791 3397 ‘,
1854 3333 2065 3387 Petrum

511 3424 724 3477 beatum
753 3423 1124 3490 praedicaverit
1167 3434 1387 3494 propter
1433 3424 1578 3478 illam
1621 3424 2013 3481 confessionem
2048 3440 2061 3476 :

514 3512 593 3566 Tu
630 3529 682 3567 es
705 3514 794 3567 ille
818 3512 1077 3578 Christus,
1110 3512 1283 3567 Filius
1315 3513 1409 3568 Dei
1438 3499 1544 3568 υἱυῖ
1566 3514 1611 3546 ⁷⁸
1639 3531 1657 3567 :
1695 3515 1845 3584 Cujus
1874 3515 2071 3569 revela-

512 3603 711 3656 tionem
764 3618 793 3655 a
844 3602 1003 3657 Patre
1036 3602 1335 3674 profectam
1367 3605 1414 3659 ei
1457 3606 1594 3659 dixit
1623 3607 1941 3669 innotuisse,
1979 3605 2064 3658 ubi

2171 3158 2361 3229 νογενῆ
2396 3158 2522 3213 Υἱὸν
2562 3158 2888 3223 ἀνειπόντος,
2924 3157 3019 3211 καὶ
3048 3156 3314 3227 μηδέποτε
3343 3158 3513 3223 Λόγον
3554 3156 3743 3209 ἑαυτὸν

2169 3251 2621 3314 ἁποκαλέσαντος,
2662 3249 2747 3303 διὰ
2775 3250 2987 3304 πάντων
3024 3249 3080 3302 δὲ
3108 3247 3215 3301 τῶν
3246 3247 3585 3316 Εὐαγγελίων
3614 3247 3741 3299 Υῖὸν
3758 3306 3780 3333 ³

2169 3344 2303 3397 Θεοῦ
2329 3340 2465 3397 εἶναι
2488 3343 2816 3407 διδάξαντος,
2852 3343 2935 3409 ἐφ’
2973 3334 3017 3408 ᾧ
3062 3340 3156 3394 καὶ
3194 3338 3481 3409 μακαρίζει
3510 3337 3599 3389 τὸν
3630 3338 3737 3390 Πέ-

2169 3454 2294 3507 τρον
2324 3436 2601 3507 εἰρηκότα,
2635 3435 2716 3487 Σὺ
2743 3430 2803 3487 εἷ
2829 3436 2861 3487 o'
2890 3433 3164 3500 Χριστὸς,
3201 3436 3233 3485 d
3266 3432 3394 3494 Υἱὸς
3443 3429 3546 3483 τοῦ
3580 3428 3731 3483 Θεοῦ

2169 3526 2275 3580 τοῦ
2304 3526 2543 3595 ζῶντος·
2575 3528 2667 3580 καὶ
2695 3526 2792 3596 τὴν
2824 3524 3023 3595 γνῶσιν
3057 3524 3206 3595 αὐτῷ
3237 3520 3621 3591 ἀποκαλύψεως
3636 3520 3730 3574 τοῦ

2170 3616 2381 3687 Πατρδς
2408 3616 2682 3683 γεγονέναι
2716 3617 2980 3685 μαρτυρεῖ
3004 3632 3203 3684 φησας.
3226 3611 3517 3678 Μακάριος
3547 3607 3619 3676 εἷ,
3641 3610 3737 3664 Σί-

512 3696 860 3763 testiﬁcatur,
900 3696 1094 3753 Beatus
1128 3714 1203 3763 es,
1231 3697 1413 3751 Simon
1430 3697 1686 3767 Barjona.
1732 3700 1851 3767 quia
1876 3716 1998 3752 caro
2021 3709 2062 3752 et

2166 3723 2294 3774 μων
2315 3703 2599 3772 Βαριωνᾶ,
2631 3707 2717 3759 ὅτι
2748 3706 2904 3775 σὰρξ
2936 3707 3033 3759 καὶ
3059 3700 3202 3774 αἷμα
3234 3706 3345 3758 οὐκ
3386 3701 3741 3770 ἀπεκάλυψέ

513 3790 727 3860 sanguis
758 3791 853 3843 hoc
896 3791 995 3844 tibi
1022 3806 1125 3843 non
1163 3791 1426 3857 reuelauit,
1468 3793 1557 3845 sed
1598 3790 1759 3844 Pater
1810 3808 1952 3843 meus
1980 3791 2062 3859 qui

2173 3810 2290 3857 σοι,
2321 3795 2457 3848 ἀλλ’
2502 3797 2535 3848 ὀ
2568 3794 2766 3863 Πατήρ
2786 3813 2907 3863 μου
2938 3797 2970 3848 ό
3018 3794 3325 3861 οὐράνιος·
3369 3795 3397 3846 ὁ
3436 3790 3742 3863 θαυμαστὸς

514 3881 665 3935 estin
688 3880 829 3935 caelis
883 3880 950 3935 ⁷⁸.
994 3880 1091 3935 Vir
1119 3880 1220 3935 iste
1254 3881 1601 3942 admirabilis,
1642 3882 1923 3935 obturatas
1974 3882 2062 3934 ha-

2171 3881 2321 3949 οὖτος
2351 3885 2538 3956 ὥσπερ
2570 3885 2896 3956 βεὸυσμένος
2925 3885 2992 3938 τὰ
3035 3879 3167 3948 ὦτα,
3208 3884 3380 3937 ταῦτα
3424 3884 3566 3937 κατὰ
3598 3884 3742 3948 λέξιν

514 3972 647 4027 bens
681 3985 861 4035 aures,
886 3972 998 4026 haec
1027 3971 1241 4026 disertis
1282 3970 1462 4026 verbis
1515 3971 1700 4025 scribit
1731 3988 1743 4023 :
1782 3990 1801 4022 ι
1838 3970 1900 4023 Et
1932 3973 2062 4035 hanc

2170 3976 2368 4044 γράφει
2391 3993 2403 4006 °
2441 3995 2460 4028 ι
2502 3977 2610 4028 Kal.
2653 3977 2740 4030 διὰ
2764 3977 2921 4033 τοῦτο
2943 3978 3040 4047 οὐχ
3072 3977 3200 4029 Υἱὸν
3239 3976 3373 4028 Θεοῦ
3404 3977 3595 4029 ἑαυτὸν
3625 3975 3740 4027 ὀνο-

514 4064 683 4134 ipsam
722 4062 791 4117 ob
819 4062 1079 4117 rationem
1106 4062 1288 4117 nullibi
1324 4078 1382 4117 se
1418 4061 1611 4116 Filium
1645 4062 1735 4116 Dei
1783 4064 2025 4117 nominat
2053 4102 2062 4126 ,

2176 4084 2194 4114 ι
2238 4066 2415 4136 μάζει,
2449 4066 2581 4121 ἀλλὰ
2603 4068 2874 4136 πανταχοῦ
2905 4068 3030 4119 Υἱὸν
3049 4066 3333 4138 ἀνθρώπου
3356 4067 3545 4120 ἑαυτὸν
3574 4066 3739 4133 λέγει.

516 4153 717 4221 ubique
744 4161 921 4208 autem
944 4152 1139 4209 Filium
1194 4154 1449 4220 hominis,
1500 4161 1557 4205 ut
1587 4168 1679 4222 per
1731 4154 1870 4209 hanc
1915 4169 2062 4208 suam

2177 4175 2194 4207 ι
2236 4158 2321 4209 ἵνα
2354 4158 2445 4211 διὰ
2486 4160 2584 4230 τῆς
2638 4159 2890 4230 τοιαύτης
2924 4158 3246 4229 ὁμολογίας,
3304 4157 3416 4228 (60)
3470 4158 3611 4210 θέσει
3648 4156 3740 4209 τὸν

515 4245 929 4311 confessionem,
961 4254 1146 4301 notum
1179 4244 1399 4307 faceret,
1436 4259 1556 4299 eum
1592 4245 1681 4315 qui
1733 4259 1915 4299 revera
1952 4255 2062 4300 erat

2178 4266 2195 4298 ι
2236 4249 2537 4320 ἄνθρωπον,
2568 4249 2653 4301 διὰ
2683 4251 2781 4320 τῆς
2802 4251 2935 4322 πρὸς
2951 4249 3109 4302 αὑτὸν
3142 4248 3584 4311 κοινωνίας.Υἱὸν
3602 4247 3741 4300 Θεοῦ

515 4336 687 4393 Filius
710 4337 960 4404 hominis,
985 4345 1202 4407 propter
1228 4336 1654 4393 communionem
1680 4336 1845 4402 illam,
1878 4336 2062 4390 Filium

2182 4358 2199 4390 ι
2240 4340 2490 4407 γενέσθαι
2532 4341 2944 4412 παρασκευάσῃ.
2983 4361 3001 4392 ι
3057 4340 3217 4410 Ὁρᾷς
3278 4342 3429 4402 ὅπως
3463 4340 3585 4391 Υἱὸν
3640 4340 3741 4409 μὲν

514 4429 608 4485 Dei
643 4430 1010 4499 constitutum.
1056 4448 1074 4481 ›
1099 4428 1256 4483 Vides
1284 4439 1478 4493 autem,
1513 4429 1651 4498 quod
1683 4444 1786 4482 non
1834 4429 1992 4493 audet
2024 4445 2062 4484 St

2179 4434 2339 4487 αὑτὸν
2370 4433 2463 4485 τοῦ
2487 4432 2622 4485 Θεοῦ
2653 4433 2931 4503 ὁμολογεῖν
2968 4434 3028 4486 οὐ
3053 4432 3245 4503 τολμᾷ,
3278 4433 3353 4497 ὡς
3376 4434 3441 4486 ἂν
3480 4432 3552 4502 μὴ
3582 4432 3743 4484 ἐκπέ-

520 4522 611 4575 Dei
669 4521 861 4576 Filium
908 4522 1188 4591 profiteri:
1239 4536 1306 4573 ne
1350 4536 1379 4574 a
1420 4522 1670 4587 dogmate
1737 4520 1827 4573 illo
1865 4520 2062 4574 excidat

2177 4540 2256 4578 σοι
2283 4521 2375 4575 τοῦ
2408 4522 2695 4574 Σαδελλίου
2717 4523 3001 4592 δόγματος·
3027 4522 3152 4574 Υἱὸν
3176 4521 3229 4573 δὲ
3252 4520 3540 4592 ἀνθρώπου
3567 4519 3741 4585 καλεῖ,

516 4614 843 4669 Sabelliano.
882 4614 1079 4668 Filium
1132 4628 1265 4668 vero
1304 4613 1556 4675 hominis,
1594 4621 1814 4681 propter
1855 4626 2062 4666 carnem

2170 4612 2236 4665 δι’
2266 4614 2331 4683 ἦν
2361 4612 2610 4683 ἀνείληφε
2648 4614 2841 4684 σάρκα.
2876 4614 2983 4667 Καὶ
3042 4611 3214 4679 Λόγον
3274 4612 3331 4665 δὲ
3381 4613 3446 4665 δι’
3476 4612 3596 4665 ὅλου
3648 4610 3743 4664 τοῦ

514 4703 661 4758 illam
722 4719 880 4773 quam
927 4704 1239 4773 assumpsit,
1290 4702 1554 4756 nominat.
1620 4700 1852 4754 Verbum
1892 4710 2062 4754 autem

2176 4704 2374 4756 οἰκείου
2412 4706 2839 4774 συγγράμματος
2872 4704 3125 4775 ὀνομάζει
3160 4704 3395 4774 συνεχῶς
3444 4706 3742 4774 ἐπισημαι-

514 4792 715 4863 ubique
748 4793 801 4847 in
835 4792 926 4849 illo
947 4809 1046 4848 suo
1069 4794 1268 4861 scripto
1302 4790 1587 4861 compellat
1616 4789 1974 4858 frequentius,
2016 4798 2062 4845 ut

2170 4792 2413 4862 νόμενος,
2446 4793 2521 4855 ὡς
2550 4794 2700 4847 οὐδὲν
2730 4794 2840 4863 (61)
2867 4793 3051 4865 ἕτερον
3087 4788 3153 4863 ἦν
3199 4793 3385 4860 Λόγος.
3430 4793 3540 4845 Καὶ
3579 4795 3635 4845 ὲν
3659 4787 3742 4857 οἷς

513 4882 776 4964 indicaret
798 4882 951 4947 illud,
981 4882 1083 4937 nisi
1102 4880 1353 4961 Verbum,
1378 4880 1509 4935 nihil
1539 4895 1758 4939 prorsus
1779 4880 2062 4935 exstitisse.

2169 4884 2213 4937 δ’
2239 4881 2331 4937 οὖν
2360 4884 2452 4937 τὸν
2482 4884 2761 4937 Σαὸἐλλιον
2796 4883 3608 4955 καταμέμφεται,παρατίθεται
3639 4884 3742 4955 μὲν

585 5006 644 5065 is
680 5000 775 5057 Ed.
802 4997 999 5065 Paris,
1031 5013 1156 5069 pag.
1188 4998 1275 5052 77.
1334 4997 1403 5055 ".
1446 4997 1635 5051 Matth.
1664 4995 1848 5060 xt,27.
1914 4999 1960 5027 "
1992 4994 2179 5049 Matth.
2211 5011 2321 5061 xvi,
2352 4995 2436 5049 16.
2515 5001 2559 5029 ⁷⁵
2591 5003 2723 5054 tota.
2756 5003 2841 5067 16,
2884 5008 2966 5063 17.

583 5161 694 5234 (58)
730 5160 912 5237 fulgo
953 5159 1233 5237 flimpa'tkiiat
1296 5166 1352 5215 et
1413 5157 1603 5211 ἑαυτὸν
1654 5152 1790 5212 ῶθεν
1845 5170 1899 5214 et
1928 5159 2062 5225 ἄξιος

2178 5161 2401 5237 obscura
2435 5180 2452 5231 ;
2491 5164 2849 5237 hoc_voleha_t,
2878 5164 2970 5217 τὸν
2997 5164 3299 5237 ἄνθρωπον,
3333 5176 3521 5231 nempe
3550 5165 3734 5237 φύσει,

515 5228 799 5302 Et
827 5228 909 5302 b‘is
944 5228 1298 5302 ἠγνωκέναιη
1359 5298 1378 5302 _
1494 5300 1501 5302 Α
1657 5297 1694 5302 __
1810 5298 1821 5302 Α
2011 5300 2019 5302 _

2176 5231 2321 5302 θέσει
2352 5228 2547 5287 factum
2589 5234 2679 5288 Dei
2732 5234 2942 5290 Filium.
2980 5228 3195 5301 propter
3237 5236 3378 5286 illam
3429 5228 3733 5297 κοινωνίανῤ

587 5297 1070 5375 (ἕω-Σκέψασθαι
1088 5301 1161 5375 δὲ
1190 5300 1323 5369 χρή.
1358 5298 1441 5375 lt_a_
1492 5300 1633 5375 lego.
1652 5297 1782 5375 Nam
1810 5298 2062 5375 hocvult,

2173 5300 2343 5375 M.A—-_
2370 5304 2497 5358 Dein
2528 5305 2691 5375 vung
2712 5305 2808 5375 μὲν
2831 5304 2963 5357 Θεοῦ
2982 5297 3151 5375 ἀὐτὸν
3172 5304 3322 5374 ὁμολ.

518 5368 783 5446 Sabellius
814 5368 1573 5446 memini‘tuléyopjﬂuidper
1620 5368 1774 5446 λόγον
1810 5370 2062 5446 intelligat

2241 5373 2353 5446 (61)
2382 5368 2730 5446 ’Έτεροίῆνῖ
2761 5378 2793 5429 ό
2813 5376 3019 5444 Λόγος.
3052 5374 3192 5441 Lege
3207 5368 3267 5446 ξεῖ
3300 5373 3373 5446 μὴ
3400 5375 3428 5427 ό
3456 5373 3643 5446 Λόγος,
3679 5374 3731 5426 id

520 5444 811 5496 videamus.
845 5442 982 5497 Num
1018 5442 1226 5496 ﬁlium?
1258 5439 1344 5494 Μ(
1368 5471 1437 5481 -
1458 5441 1577 5494 Mox
1623 5443 1778 5510 vulgo
1804 5439 2067 5509 μηδέποτε
2170 5439 2311 5498 enim
2331 5439 2470 5509 "vult,
2506 5439 2649 5499 nullo
2675 5439 2783 5500 alio
2819 5439 3034 5510 nomine
3069 5439 3411 5510 appellatuiit.
3435 5474 3508 5485 —
3536 5439 3729 5499 MJmo

516 5510 705 5586 εαυτρν
747 5511 902 5579 λόγον
924 5521 978 5586 et
1005 5512 1163 5586 μοῦρ
1191 5514 1504 5586 ξπουράνιος
1535 5518 1589 5586 et
1633 5502 1783 5571 οὗτος
1804 5502 1815 5507 ’
1834 5502 2062 5580 1531:5965-

2171 5502 2518 5583 lcgendum'si
2549 5518 2675 5585 quid
2734 5516 2883 5569 video
2924 5509 2991 5586 ἦν
3022 5514 3056 5581 ἢ
3103 5502 3264 5584 λόγος
3323 5514 3392 5571 cf.
3426 5530 3478 5586 p.
3513 5514 3610 5569 117
3640 5512 3723 5578 Ι);

516 5580 870 5659 δυσμενοςιοι
898 5580 1017 5659 υἱὸν
1043 5580 1339 5659 ἀνθρῴπου
1357 5584 1443 5636 ἵνα
1468 5582 1578 5659 διά.
1596 5650 1607 5659 .
1703 5650 1713 5659 _
1745 5650 1755 5659 _
1941 5658 1947 5659 γ

2169 5580 2328 5653 [to—rm
2362 5588 2519 5657 vulgo
2542 5580 2893 5659 τξαρατίθεται
2921 5580 3037 5648 τάς.

591 5653 702 5724 (60)
731 5651 899 5706 Θέσει
954 5653 1057 5705 τὸν
1107 5648 1432 5722 ἄνθρωπον.
1489 5648 1789 5720 Trajectitia
1832 5658 1974 5717 sum,
2008 5660 2062 5707 et
