4086 6202
399 193 512 250 857

1384 197 1477 255 DE
1511 200 2049 260 ECCLESIASTICA
2088 203 2495 263 THEOLOGIA
2531 204 2662 263 LIB.
2701 205 2745 264 l.

3537 204 3644 272 εδδ

398 309 500 372 τὰς
543 306 641 362 τοῦ
671 307 926 381 Σωτῆρος
951 308 1155 379 φωνὰς,
1195 311 1262 364 δι’
1304 303 1379 366 ὧν
1408 313 1512 386 ἔφη
1539 331 1553 346 ο
1591 317 1801 383 Οὐδείς
1830 315 1966 388 ἔτνει

2087 317 2141 371 lu
2177 317 2270 373 illo
2296 326 2475 372 autem
2501 333 2659 388 passu
2691 332 2798 388 quo
2831 318 3126 376 Sabellium
3181 330 3423 389 accusat,
3478 322 3642 380 verba

398 399 512 454 τὸν
531 399 768 468 Πατέρα
789 403 842 454 εἰ
868 400 952 471 μὴ
984 404 1017 455 ό
1056 401 1209 470 Υἱὸς,
1239 403 1336 456 καὶ
1363 398 1411 471 ᾧ
1435 405 1511 460 ἂν
1543 410 1575 461 ό
1601 407 1732 475 Υἱὸς
1753 409 1977 462 ἀποκα-

398 492 611 559 λύψει.
646 491 856 562 Ὠσπερ
897 491 954 544 δὲ
1003 493 1471 565 ἐπανορθούμενος
1501 498 1690 565 αὐτὰς,
1732 501 1852 554 ἀντὶ⁹
1883 499 1978 554 τοῦ

408 581 553 636 Υίοῦ
593 583 789 651 Λόγον⁴
827 578 982 643 αὖθις
1026 583 1306 654 ὀνομάζει,
1344 580 1445 639 ὧδε
1479 589 1669 657 λέγων·
1709 608 1727 639 r
1770 589 1979 656 Οὐδεὶς

404 691 426 726 α
464 673 576 743 γὰρ
596 669 741 739 οἵδε,
769 674 921 744 φησι,
951 663 1057 728 τὸν
1084 678 1314 747 Πατέρα
1335 682 1386 733 εἰ
1419 679 1505 748 μὴ
1544 684 1576 734 d
1614 682 1763 747 Υἱὸς,
1796 681 1980 738 τουτέ-

404 783 427 816 c
465 783 581 819 στιν
624 769 652 819 ὁ
698 769 908 837 Λόγος,
949 787 966 817 ι
995 769 1090 821 καὶ
1125 770 1408 842 ἐπιφέρει·
1443 790 1460 822 t
1496 772 1552 825 '0
1577 773 1684 843 γὰρ
1713 774 1883 842 Λόγος
1911 774 1977 827 δι’

410 875 428 908 ι
477 856 666 910 ἐαυτοῦ
693 855 1014 930 τὴνΠατρὸς
1033 858 1258 930 παρέχει
1289 860 1510 928 γνῶσιν,
1538 879 1555 911 ι
1581 862 1673 914 καὶ
1694 861 1978 932 προστίθη-

405 966 510 1002 σιν·
540 968 558 1000 ι
598 947 878 1003 Ἀδύνατον
908 945 976 1020 ἦν
1008 950 1206 1020 ἑτέρως
1232 950 1538 1020 γνῶναιτὸν
1553 952 1753 1025 Θεὸν,ῆ
1777 953 1863 1007 διὰ
1881 953 1975 1007 τοῦ

410 1059 428 1091 ι
443 1039 566 1092 ἰδίου
579 1039 777 1109 Λόγου.
793 1059 810 1090 ι
823 1042 930 1094 Καὶ
948 1038 1099 1104 αὖθις
1116 1035 1326 1110 Λόγον,
1349 1042 1468 1094 ἀντὶ
1483 1043 1574 1096 τοῦ
1600 1044 1755 1108 Υιοῦ,
1773 1044 1970 1115 τίθησισ

404 1133 497 1185 καὶ
532 1131 621 1183 τὸν
647 1131 802 1199 ἆγιον
841 1132 1004 1185 αὑτοῦ
1041 1133 1211 1202 Λόγον
1245 1132 1526 1188 ἀποκαλεῖ.
1584 1135 1692 1188 Καὶ
1731 1137 1788 1187 ἐν
1833 1135 1974 1190 οὕτω

399 1222 758 1294 βραχυτάτοις
793 1225 998 1295 ῥήμασι
1031 1222 1288 1288 πολλάκις
1341 1227 1436 1294 μὲν
1469 1227 1837 1296 ἐμνημόνευσε
1873 1228 1973 1281 Λό-

395 1332 516 1384 γου,
553 1315 686 1368 Υἱοῦ
706 1316 762 1368 δὲ
787 1316 893 1368 οὐδ’
912 1316 1075 1381 ἆπαξ.
1106 1317 1260 1370 Ἀλλὰ
1278 1320 1372 1370 καὶ
1400 1319 1568 1388 αὐτὴν
1592 1319 1683 1371 τοῦ
1723 1320 1971 1391 Σωτῆρος

399 1407 690 1476 μεταποιεῖ
718 1406 816 1477 τὴν
839 1406 1015 1476 ῥῆσιν,
1041 1408 1161 1460 ἀντὶ
1192 1406 1307 1472 τοῦ,
1327 1409 1354 1458 ό
1375 1408 1500 1472 Υἱὸς
1520 1408 1759 1476 ἐπάγων,
1787 1410 1971 1463 τουτέ-

398 1511 518 1548 στιν
559 1498 592 1548 o'
623 1497 814 1566 Λόγος
836 1538 849 1560 ,
895 1496 1013 1566 οὐχὶ
1049 1495 1248 1566 μᾶλλον
1279 1497 1377 1567 τῆς
1409 1497 1503 1550 τοῦ
1540 1498 1666 1550 Υἱοῦ
1699 1500 1968 1568 σημασίας

399 1587 746 1660 ἁρμοζούσης
777 1591 840 1659 τῇ
863 1588 955 1642 τοῦ
987 1589 1199 1660 Πατρὸς
1233 1590 1520 1661 ἐηγορίᾳ.
1553 1589 1713 1642 Ὅθεν
1745 1590 1966 1653 εἰκότως

2083 407 2389 463 Servatoris
2443 410 2928 476 commemoravit,
2972 412 3168 480 quibus
3201 411 3316 466 ait:
3354 411 3520 466 Nemo
3550 430 3644 468 no-

2078 499 2150 552 vit
2178 495 2391 552 Patrem
2417 498 2517 551 nisi
2550 495 2747 563 Filius,
2771 511 2817 553 et
2836 501 2920 553 cui
2947 500 3122 556 Filius
3146 504 3300 556 uoluit
3328 504 3554 557 revelare
3573 505 3641 559 ⁷⁸.

2080 589 2210 655 Ome
2255 589 2382 644 dum
2435 589 2647 654 recitat,
2692 599 2943 660 tanquam
3013 604 3383 659 correcturus,
3431 601 3489 659 ᾖ(
3546 611 3643 666 pro

2082 679 2225 734 Filio
2279 679 2509 736 Verbum
2554 695 2678 735 eum
2738 682 3053 736 nominavit.
3110 684 3200 739 Sic
3250 686 3390 740 enim
3447 685 3638 740 fatur:

2085 789 2104 822 σ
2150 770 2319 826 Nemo
2343 772 2480 825 novit
2533 771 2748 826 Patrem
2775 774 2874 826 nisi
2906 771 3103 840 Filius,
3135 775 3237 830 hoc
3265 785 3349 831 est
3391 775 3639 845 Verbum,

2082 881 2102 913 ι
2135 863 2335 932 quibus
2371 862 2520 917 addit
2557 883 2570 918 :
2613 862 2846 918 Verbum
2883 865 3079 918 etenim
3108 880 3203 934 per
3237 881 3296 921 se
3337 865 3512 922 Patris
3543 883 3640 922 ex-

2084 973 2102 1006 c
2135 953 2282 1011 hibet
2311 953 2673 1025 cognitionem
2701 970 2716 1010 :
2745 955 2940 1024 quibus
2973 954 3258 1025 adjungil:
3303 956 3638 1027 lmpossibile

2083 1069 2098 1100 ι
2133 1046 2396 1116 siquidem
2425 1045 2811 1114 erat'alioquin
2840 1046 3002 1101 Deum
3029 1061 3374 1118 cognoscere,
3415 1049 3514 1102 nisi
3540 1063 3637 1118 per

2080 1159 2097 1190 ι
2133 1140 2403 1208 proprium
2435 1138 2602 1210 ipsius
2642 1137 2897 1194 Verbum.
2936 1159 2954 1194 ι
2993 1140 3186 1196 Iterum
3212 1151 3388 1196 autem
3421 1159 3516 1211 pro
3548 1143 3638 1198 Fi-

2073 1230 2144 1284 lio
2206 1233 2485 1286 substituit
2553 1230 2816 1288 Verbum:
2850 1241 2904 1286 et
2941 1243 3186 1287 sanctum
3243 1232 3357 1302 ejus
3405 1233 3634 1289 Verbum

2073 1323 2333 1376 nominat.
2372 1322 2526 1389 Same
2557 1339 2780 1379 numero
2816 1333 2994 1377 autem
3032 1341 3128 1394 per
3171 1339 3330 1381 voces
3358 1337 3463 1380 tam
3499 1341 3633 1395 pau-

2071 1415 2320 1469 cissimas
2353 1414 2538 1482 Verbi,
2572 1415 2757 1470 nullibi
2794 1424 2973 1470 autem
3021 1416 3166 1480 Filii,
3206 1418 3531 1473 mentionem
3563 1417 3636 1472 fa-

2068 1506 2164 1559 cit.
2195 1503 2333 1570 Quin
2361 1516 2414 1562 et
2445 1506 2617 1576 ipsam
2671 1505 2977 1562 Servatoris
3029 1509 3319 1564 dictionem
3370 1508 3635 1565 transfor-

2076 1605 2185 1648 mat
2221 1612 2235 1648 :
2272 1596 2359 1650 ubi
2399 1609 2495 1665 pro
2530 1597 2690 1664 Filio,
2723 1598 3009 1661 subinfert.
3071 1601 3174 1657 hoc
3222 1612 3306 1657 est
3356 1602 3630 1662 Verbum:

394 1683 424 1734 ὁ
449 1680 549 1750 μὲν
570 1680 757 1753 Σωτὴρ
787 1679 1076 1750 προσφυῶς
1107 1682 1382 1751 ἐφήρμοσε
1409 1683 1474 1751 τῇ
1501 1680 1591 1733 τοῦ
1624 1681 1832 1750 Πατρὸς
1868 1680 1966 1752 τὴν

2070 1686 2230 1755 idque
2255 1703 2378 1761 cum
2410 1687 2532 1744 Filii
2571 1691 2880 1762 appellatio,
2922 1693 3089 1747 multo
3142 1692 3310 1762 magis
3333 1693 3633 1762 pateruita-

395 1772 493 1826 τοῦ
522 1770 652 1824 Υἰοῦ
688 1769 946 1839 συζυγίαν
964 1789 977 1801 ·
995 1772 1023 1824 ὁ
1064 1771 1119 1823 δὲ
1151 1770 1242 1824 τὸν
1271 1770 1398 1822 Υἱὸν
1425 1772 1594 1823 εἰπεῖν
1624 1771 1966 1842 παραιτησά-

405 1880 563 1934 μενος
585 1863 695 1917 ἄνω
716 1862 865 1916 κάτω
891 1863 981 1916 τὸν
1012 1861 1180 1930 Λόγον
1208 1859 1319 1930 (6:!)
1351 1861 1535 1932 θρυλεϊ
1565 1862 1658 1914 καὶ
1679 1861 1965 1916 Σαϐελλίου

405 1956 505 2026 μὲν
552 1955 863 2025 κατηγορεῖ,
914 1953 1006 2006 τὸν
1054 1953 1180 2005 Υἱὸν
1235 1952 1566 2024 ἀρνουμένου
1587 1970 1601 1984 ’
1659 1954 1850 2007 ταύτὸν
1909 1954 1965 2007 δὲ

401 2045 652 2120 πράττων
697 2048 909 2117 ἐκείνῳ,
945 2045 1356 2117 σχηματίζεται,
1399 2048 1465 2117 τῇ
1496 2047 1615 2100 κατ’
1646 2045 1806 2100 αὐτοῦ
1849 2046 1964 2099 δια-

400 2139 526 2211 ϐολῇ
546 2141 645 2213 τὴν
663 2144 761 2211 τῆς
789 2139 1104 2205 κακοδοξίας
1128 2139 1383 2193 ὑπόνοιαν
1409 2139 1674 2193 ἐκκλίνειν
1700 2140 1960 2210 οἰόμενος.

396 2232 460 2285 Εἰ
489 2231 588 2302 μὲν
615 2227 707 2285 οὖν
731 2230 810 2302 τῷ
831 2231 1098 2303 Σαϐελλίῳ
1130 2231 1403 2302 μέμφεται
1431 2231 1522 2285 τὸν
1553 2231 1680 2286 Υἱὸν
1707 2230 1800 2286 τοῦ
1829 2232 1962 2288 Θεοῦ

395 2323 733 2395 ἀρνουμένῳ,
783 2324 957 2395 ἐαυτῷ
980 2325 1241 2396 πρότερον
1263 2324 1400 2396 χρῆν
1437 2323 1748 2395 μέμψασθαι
1770 2342 1784 2356 ο
1827 2326 1875 2378 εἰ
1906 2325 1962 2378 δὲ

394 2415 476 2469 ὅτι
513 2416 574 2470 ὃν
606 2416 766 2482 αὐτὸς
807 2417 1032 2488 ὡρίζετο
1066 2418 1256 2486 Λόγον,
1293 2417 1575 2481 Σαϐἐλλιος
1617 2417 1832 2486 ἠγνόειο
1863 2419 1963 2472 οὐκ

391 2507 568 2579 ὀρθῶς
590 2506 746 2562 τοῦτό
770 2525 832 2577 γε
859 2509 1066 2580 ᾐτιᾶτο.
1101 2507 1238 2562 Οὔτε
1264 2508 1372 2580 γὰρ
1395 2508 1701 2573 Σαϐἐλλιον,
1723 2507 1834 2563 οὔτ’
1862 2510 1962 2563 αὐ·-

391 2601 518 2665 τοὺς
559 2601 862 2665 Ἰουδαίους,
896 2602 1021 2663 τοὺς
1047 2601 1138 2654 τὸν
1163 2600 1396 2671 Χριστὸν
1421 2599 1514 2654 τοῦ
1533 2599 1666 2652 Θεοῦ
1698 2599 1962 2671 ἀρνουμέ-

395 2709 538 2756 νους,
571 2692 628 2746 ὃν
654 2709 784 2762 φησι
810 2691 1128 2763 Μάρκελλος
1150 2693 1206 2745 ἐν
1235 2691 1312 2763 τῷ
1339 2690 1456 2762 Θεῷ
1488 2687 1626 2744 εἶναι
1654 2692 1824 2760 Λόγον
1842 2733 1856 2756 ,
1891 2689 1959 2742 δι’

395 2778 458 2836 οὗ
480 2783 667 2837 Μωσεί
692 2783 785 2836 καὶ
815 2785 929 2848 τοῖς
963 2784 1267 2855 προφήταις
1290 2782 1713 2855 κεχρημάτικεν,
1763 2781 1960 2851 ἁγνοῆν

399 2891 510 2937 σαι,
545 2872 728 2927 τοῦτον
770 2873 824 2927 δὲ
853 2873 1095 2946 ἀκριϐῶς
1128 2875 1346 2940 εἰδέναι,
1377 2874 1472 2928 καὶ
1505 2875 1534 2927 ό
1560 2875 1665 2936 πᾶς
1693 2872 1834 2925 εἴποι
1869 2871 1954 2938 ἂν,

2070 1779 2136 1832 tis
2159 1779 2421 1836 vocabulo
2447 1783 2769 1839 conveniret
2809 1799 2968 1854 quam
3001 1783 3159 1839 Verbi
3192 1801 3206 1838 :
3248 1800 3369 1846 cum
3411 1795 3466 1840 et
3518 1786 3633 1854 ipse

2068 1866 2326 1924 Servator
2351 1870 2506 1941 juxta
2555 1875 2985 1944 congruentiam,
3041 1874 3233 1929 Filimn
3287 1890 3410 1930 cum
3473 1873 3633 1930 Patre

2067 1961 2433 2030 copulaverat.
2497 1963 2576 2019 lta
2620 1978 2834 2036 semper
2892 1966 3162 2036 refugiens
3213 1967 3632 2037 appellationem

2067 2052 2207 2115 Filii,
2239 2054 2494 2124 Verbum,
2524 2070 2717 2112 vocem
2751 2072 2950 2128 susque
2977 2058 3149 2128 deque
3184 2067 3380 2113 versat.
3415 2057 3635 2124 .Sabeb

2066 2143 2194 2198 lium
2225 2153 2371 2200 certe
2411 2144 2631 2200 damnat
2669 2145 3026 2218 abnegantem
3071 2147 3290 2215 Filium,
3340 2157 3395 2204 et
3454 2158 3630 2202 tamen

2061 2249 2123 2290 se
2149 2233 2482 2290 conl‘ormem
2507 2235 2681 2290 eidem
2706 2247 2923 2306 praistat
2949 2255 2962 2292 :
2992 2237 3146 2306 quasi
3182 2247 3363 2307 posset
3409 2248 3464 2293 et
3521 2237 3632 2294 vel-

2065 2328 2159 2397 let,
2210 2329 2280 2384 ab
2326 2329 2470 2386 illius
2503 2329 2884 2395 accusatione,
2941 2331 3305 2400 suspicionem
3362 2332 3633 2388 haereseos

2062 2421 2298 2476 amoliri.
2328 2421 2460 2478 Cum
2487 2422 2531 2478 si
2559 2423 2719 2477 vellet
2744 2422 3034 2478 Sabellium
3065 2425 3133 2478 ob
3169 2423 3219 2478 id
3250 2423 3422 2492 ipsum
3449 2424 3631 2479 redar-

2061 2529 2244 2585 guere,
2273 2517 2419 2583 quod
2446 2512 2642 2568 Filium
2670 2513 2759 2567 ille
2798 2515 2890 2569 Dei
2923 2515 3239 2583 abnegaret,
3276 2517 3628 2585 semetipsum

2060 2613 2186 2659 ante
2205 2619 2327 2658 eum
2360 2604 2592 2659 debebat
2624 2618 2902 2660 accusare.
2932 2606 3084 2672 Quod
3111 2606 3158 2660 si
3184 2605 3453 2661 Sabellius
3477 2607 3630 2675 igno-

2060 2695 2238 2758 rabat,
2260 2709 2419 2764 quem
2450 2706 2609 2750 vocat
2651 2696 2765 2766 ipse
2803 2697 3064 2763 Verbum,
3107 2713 3213 2753 non
3249 2708 3368 2752 erat
3393 2698 3495 2753 hoc
3527 2713 3626 2752 no-

2059 2787 2202 2842 mine
2227 2788 2575 2844 incusandus.
2605 2789 2740 2843 Nam
2785 2803 2883 2846 nec
2904 2799 3052 2846 certe
3073 2789 3365 2858 Sabellius,
3413 2807 3480 2846 ne
3506 2790 3629 2861 qui-

2060 2876 2178 2932 dem
2229 2876 2400 2934 Judaei
2452 2880 2544 2948 qui
2602 2880 2876 2937 Christum
2915 2881 3060 2937 illum
3107 2882 3200 2937 Dei
3263 2883 3625 2948 abnuebant,

396 2966 458 3019 οὐ
488 2965 643 3036 μόνον
676 2966 936 3021 Ἰουδαίων
965 2967 1099 3021 ἀλλὰ
1128 2968 1221 3021 καὶ
1261 2967 1544 3039 Ἑλλήνων.
1599 2966 1827 3034 Λογικὸν
1850 2963 1958 3036 γὰρ

2065 2982 2219 3038 quem
2248 2968 2534 3058 Marcellus
2563 2971 2816 3038 aliirmat,
2855 2973 2907 3028 in
2943 2974 3053 3028 Deo
3087 2972 3324 3028 Verbum
3349 2988 3489 3037 esse,
3531 2987 3630 3043 per

394 3057 480 3120 τίς
505 3057 603 3110 οὐκ
623 3055 687 3109 ἂν
705 3057 1081 3131 ὁμολογήσειεν
1107 3054 1246 3112 εἶναι
1273 3059 1364 3112 τὸν
1387 3057 1538 3123 Θεὸν,
1557 3057 1632 3120 ὼς
1659 3057 1751 3110 καὶ
1775 3055 1956 3126 σοφὸν,

394 3149 490 3210 καὶ
514 3149 715 3218 ἀγαθὸν
746 3150 839 3204 καὶ
867 3151 1088 3206 δυνατόν
1111 3169 1126 3216 ;
1161 3151 1447 3214 Σαϐἐλλιος
1472 3151 1528 3203 δὲ
1551 3150 1709 3203 τοῦτο
1741 3149 1837 3220 μὲν
1861 3149 1962 3202 οὐκ

391 3240 460 3304 ἄν
507 3242 764 3314 ἀρνηθείη
805 3243 1036 3308 εἰδέναι;
1079 3243 1160 3296 ὅτι
1193 3242 1248 3296 δὲ
1280 3243 1354 3314 μὴ
1400 3243 1492 3300 καὶ
1524 3241 1652 3294 Υἰὸν
1692 3240 1785 3294 τοῦ
1823 3238 1960 3295 Θεοῦ

390 3331 568 3398 ζῶντα
604 3333 696 3386 καὶ
725 3333 1029 3403 ὑφεστῶτα,
1056 3332 1189 3388 ὅντα
1209 3349 1268 3387 τε
1289 3333 1382 3385 καὶ
1411 3331 1643 3404 προόντα
1675 3331 1772 3401 τῆς
1826 3349 1960 3404 σαρ-

389 3426 484 3490 κὸς
539 3427 808 3498 ὁμολογεῖ.
848 3426 1064 3497 Ταύτης
1100 3427 1260 3480 ἕνεκα
1308 3424 1406 3494 τῆς
1443 3424 1580 3495 πρὸς
1643 3422 1960 3495 Μάρκελλον

391 3515 727 3586 συμφωνίας,
763 3515 963 3586 ὁμοίως
1002 3514 1154 3586 αὐτῷ
1189 3515 1289 3586 τῆς
1321 3514 1413 3569 τοῦ
1451 3514 1587 3568 Θεοῦ
1641 3514 1998 3585 Ἐκκλησίαςι

387 3608 582 3678 ἠλάθηε
617 3607 738 3671 Πῶς
760 3607 909 3662 δὲτὰ
943 3607 1033 3666 ίσα
1062 3608 1378 3680 Μάρκελλος
1401 3608 1476 3680 τῷ
1499 3607 1772 3681 Σαϐελλίῳ
1803 3607 1964 3679 ἐφρό-

386 3717 488 3762 νει,
522 3699 677 3769 δῆλος
728 3698 794 3753 ἂν
843 3699 930 3772 εἴη
978 3699 1038 3764 ἐξ
1071 3693 1145 3752 ὧν
1191 3699 1250 3754 ἓν
1286 3701 1382 3760 καὶ
1434 3701 1628 3754 ταύτὸν
1686 3696 1826 3759 εἶναι
1873 3699 1963 3754 τὸν

386 3791 518 3842 Θεὸν
570 3792 665 3845 καὶ
722 3792 812 3844 τὸν
866 3792 1030 3845 αὑτοῦ
1062 3792 1230 3862 Λόγον
1279 3792 1629 3859 διεστείλατο,
1695 3793 1824 3846 ποτὲ
1865 3792 1964 3862 μὲν

386 3884 568 3946 αὐτοῖς
599 3885 836 3954 ῥήμασιν
865 3881 1052 3940 εἰπών.

2062 3073 2222 3129 quem
2245 3057 2445 3114 Mosem
2503 3069 2557 3117 et
2597 3062 2889 3133 prophetas
2939 3062 3334 3130 alloquebatur.
3372 3061 3484 3118 lmo
3521 3077 3627 3118 non

2060 3147 2161 3204 soli
2185 3163 2242 3203 se
2261 3147 2428 3205 Judaei
2459 3151 2562 3207 hoc
2613 3152 2794 3208 dicent
2853 3154 3095 3224 apprime
3149 3153 3486 3224 intelligere,
3531 3151 3630 3209 sed

2061 3238 2162 3307 ipsi
2196 3240 2362 3295 etiam
2395 3243 2615 3312 pagani.
2645 3242 2781 3298 Nam
2805 3243 2928 3313 quis
2953 3259 3054 3298 non
3091 3243 3258 3299 Deum
3307 3252 3487 3301 mente
3508 3257 3630 3302 esse

2061 3331 2345 3400 praeditum
2371 3332 2650 3401 fatebitur,
2683 3343 2744 3390 ut
2796 3336 3121 3406 sapientem,
3179 3345 3240 3390 ut
3297 3337 3494 3392 bonum
3521 3375 3539 3402 ,
3567 3351 3630 3390 at

2062 3423 2376 3490 potentem?
2411 3422 2679 3479 Sabellius
2708 3423 2856 3480 nullo
2877 3434 3024 3480 certe
3067 3435 3225 3481 ηιθαο
3276 3433 3539 3482 lateretur
3565 3441 3630 3486 so

2059 3514 2160 3568 hoc
2192 3513 2464 3583 ignorare.
2494 3515 2634 3582 Quin
2683 3515 2878 3573 Filium
2905 3515 2996 3572 Dei
3023 3516 3202 3570 vivum
3237 3529 3291 3570 et
3327 3517 3630 3572 subsisten-

2059 3615 2186 3675 tem,
2219 3607 2308 3678 qui
2333 3617 2576 3671 etesset,
2603 3618 2656 3663 et
2688 3619 2812 3664 ante
2841 3622 3060 3663 carnem
3096 3617 3428 3676 assumptam
3458 3617 3624 3673 esset,

2059 3709 2400 3769 agnosceret.
2440 3699 2507 3754 Et
2540 3709 2717 3755 tamen
2755 3699 2826 3754 ob
2848 3699 2989 3753 hanc
3018 3698 3186 3768 ipsam
3209 3712 3333 3752 cum
3364 3697 3468 3752 hoc
3493 3695 3629 3751 Mar-

2060 3790 2197 3845 cello
2225 3793 2766 3859 contesserationem,
2791 3792 3000 3865 ejectus
3028 3790 3116 3845 ille
3153 3789 3254 3844 l‘uit
3285 3787 3356 3843 ab
3385 3787 3628 3848 Ecclesia

2062 3883 2175 3939 Dei.
2203 3882 2323 3950 Quo
2378 3897 2537 3956 pacto
2595 3898 2778 3940 autem
2837 3884 3118 3939 Marcellus
3153 3884 3383 3949 dicatur,
3436 3881 3624 3937 eadem

388 3987 508 4027 cum
537 3972 771 4030 Sabellio
801 3977 1072 4046 opinatus,
1140 3978 1484 4034 manifestum
1552 3977 1683 4040 ﬁet,
1738 3985 2022 4045 propterea
2061 3975 2200 4045 quod
2237 3991 2402 4032 unum
2453 3988 2614 4048 atque
2670 3978 2813 4034 idem
2855 3979 3172 4050 proﬁteatur
3218 3975 3408 4040 Deum,
3463 3982 3630 4044 atque

388 4065 555 4135 ipsius
582 4064 678 4122 Dei
709 4065 962 4133 Verbum,
999 4069 1151 4123 hisce
1188 4070 1481 4139 aliquando
1511 4070 1692 4125 verbis
1718 4081 1872 4123 usus.

1014 4163 1174 4218 ΚΕΦ.
1214 4163 1315 4219 ιΖ’.

389 4249 589 4318 Ὅπως
621 4250 854 4320 ἠρνεῖτο
884 4251 1437 4334 γυμνῇῠτῆξιεξαλῇ
1469 4255 1584 4324 τὴν
1615 4257 1956 4312 ὑπόστασιν
1995 4242 2026 4273 ⁸

1012 4327 1120 4379 τοῦ
1167 4327 1321 4381 Υίοῦ.

463 4435 482 4469 ι
515 4417 578 4469 El
617 4416 716 4488 μὲν
740 4416 848 4488 γὰρ
877 4418 910 4489 ἡ
939 4416 1035 4472 τοῦ
1071 4417 1182 4487 (65)
1228 4418 1538 4490 πνεύματος
1581 4417 1823 4490 ἐξέτασις
1869 4419 1956 4490 γί-

393 4525 413 4558 t
457 4523 634 4574 γνοιτο
693 4494 850 4579 μόνη,
885 4507 943 4561 ἓν
992 4509 1086 4562 καὶ
1122 4509 1317 4564 ταύτὸν
1363 4511 1592 4574 εἰκότως
1625 4509 1692 4564 ἂν
1730 4510 1759 4562 ὁ
1787 4509 1958 4578 Λόγος

399 4619 418 4650 ι
459 4595 595 4653 εἶναι
621 4599 700 4670 τῷ
727 4599 846 4671 Θεῷ
873 4601 1133 4670 φαίνοιτο·
1158 4621 1177 4654 ι
1205 4601 1316 4668 (64)
1346 4601 1477 4654 ποτέ
1503 4601 1561 4656 δὲ
1597 4602 1956 4673 παραϐάλλων

379 4691 461 4762 τῷ
491 4693 814 4764 ἀνθρωπείῳ
854 4693 996 4763 λόγῳ
1038 4692 1129 4746 τὸν
1169 4691 1264 4746 τοῦ
1311 4692 1470 4756 Θεοῦ,
1510 4692 1604 4747 καὶ
1665 4693 1948 4763 ἐπιλέγων,

387 4803 405 4836 ι
442 4783 500 4837 ἓν
549 4783 641 4837 καὶ
672 4784 867 4837 ταύτὸν
901 4779 1040 4837 εἶναι
1074 4782 1153 4854 τῷ
1206 4782 1531 4854 ἀνθρωπείῳ
1574 4783 1664 4837 τὸν
1718 4784 1774 4836 ὲν
1805 4781 1952 4854 αὐτῷ

387 4892 407 4927 t
443 4874 636 4943 Λόγον,
685 4875 862 4928 οὐδενὶ
894 4872 1256 4946 χωριζόμενον
1286 4875 1460 4946 ἑτέρῳ
1491 4875 1524 4946 ἢ
1579 4874 1716 4947 μόνῃ
1750 4875 1817 4945 τῇ
1850 4873 1948 4945 τῆς

459 5012 520 5070 νζ(
551 5005 652 5062 Ed.
691 5006 890 5074 Paris.,
918 5023 1039 5079 pag.
1073 5008 1163 5074 78,
1190 5009 1278 5065 ‘79.
1353 5007 1401 5042 "
1435 5008 1625 5065 Matth.
1651 5025 1730 5076 st,
1751 5009 1839 5065 27.

463 5219 574 5292 (6%)
609 5219 778 5298 Valeo
810 5219 1034 5298 099m:
1077 5222 1342 5298 ςι,,ἐκρῆν
1395 5222 1568 5295 μέμψο
1625 5233 1683 5282 et
1716 5225 1954 5298 ὁρίζεται

390 5290 564 5364 λόγον
579 5302 634 5346 et
662 5290 976 5364 Μάρκελλος
996 5290 1284 5364 Σαᾷελλίῷ.

463 5361 574 5431 (65)
626 5361 969 5432 Πνεῦματος
997 5361 1293 5429 ἐξέτασις.
1352 5361 1501 5431 Vult,
1529 5363 1739 5433 opinor,
1770 5374 1827 5422 ut
1869 5381 1956 5423 se-

388 5433 624 5486 cundum
656 5433 932 5497 deitatem,
969 5434 1058 5485 vel
1080 5433 1313 5488 divinam
1347 5436 1618 5489 rationem
1647 5436 1956 5492 considere-

392 5515 514 5574 mus
540 5501 861 5574 λόγοι-ηοω
882 5500 1128 5574 πνεῦμα,
1161 5503 1258 5570 ipsi
1281 5501 1495 5574 ponitur
1514 5518 1612 5574 pro
1642 5503 1752 5560 Deo
1783 5523 1797 5560 :
1828 5507 1956 5572 quia

391 5570 652 5627 Servatur
679 5571 837 5630 dixit.
873 5570 1011 5636 Deus
1033 5570 1258 5634 spiritus
1283 5570 1364 5627 est
1390 5570 1570 5640 (locis.
1603 5588 1677 5640 Iv,
1706 5574 1821 5640 ει).
1846 5570 1917 5629 Μ.

463 5641 576 5711 (64)
607 5640 756 5696 ﬂore
786 5640 853 5695 δὲ
891 5634 1306 5712 παραϐάλλων.
1359 5634 1674 5711 Marcellus,
1719 5634 1956 5704 Verbum

2585 4163 2643 4221 >14
2683 4156 2835 4213 CAP.
2875 4156 3038 4215 XVII.

2168 4247 2320 4314 Quod
2343 4248 2770 4318 manifestissime
2795 4259 3032 4320 pernegat
3061 4249 3369 4320 hypostasin
3395 4247 3550 4303 Filii.

2130 4359 2152 4392 ι
2193 4341 2280 4413 [Β.
2307 4340 2443 4396 LXII
2467 4341 2588 4398 coll.
2615 4357 2670 4412 p.
2725 4341 2875 4414 107.]
2904 4343 3177 4412 Siquidem
3199 4342 3366 4398 solius
3403 4341 3625 4409 spiritus

2064 4452 2084 4486 ι
2127 4433 2431 4502 disquisitio
2494 4433 2608 4499 ﬁat,
2659 4433 2901 4499 omnino,
2963 4449 3065 4490 nec
3124 4433 3339 4502 injuria,
3383 4431 3622 4487 Verbum

2060 4544 2079 4576 ι
2121 4540 2284 4578 unum
2310 4535 2470 4595 atque
2501 4527 2640 4581 idem
2671 4542 2794 4582 cum
2828 4526 2936 4582 Deo
2967 4524 3232 4580 videbitur
3253 4538 3391 4580 esse.
3412 4542 3432 4576 ›
3457 4523 3623 4579 Com-

2054 4630 2262 4686 ponens
2309 4626 2485 4672 autem
2530 4616 2816 4688 aliquando
2858 4616 3092 4671 Verbum
3125 4615 3215 4670 Dei
3239 4629 3359 4668 cum
3385 4614 3624 4668 humano

2058 4703 2254 4768 verbo,
2312 4702 2558 4774 adjuugit
2601 4723 2614 4758 :
2653 4723 2671 4757 ι
2727 4703 2899 4760 Unum
2939 4715 3101 4773 atque
3136 4720 3230 4776 per
3251 4702 3433 4759 omnia
3475 4701 3622 4756 idem

2062 4810 2080 4844 ι
2121 4810 2243 4849 cum
2292 4796 2510 4850 homine
2539 4811 2660 4851 esse
2712 4797 2840 4851 illud
2885 4799 3025 4867 quod
3062 4799 3114 4850 in
3142 4798 3255 4866 ipso
3286 4797 3443 4855 inest,
3487 4793 3620 4848 Ver-

2061 4903 2080 4937 ι
2120 4886 2247 4942 hum
2294 4887 2463 4943 nihilo
2492 4889 2706 4960 quidem
2748 4890 2817 4946 ab
2859 4888 2966 4944 alio
3007 4887 3467 4950 discriminatum,
3514 4883 3620 4947 nisi

2054 5227 2168 5290 Dei.
2193 5241 2315 5283 cum
2349 5225 2585 5281 hominis
2614 5225 2778 5280 verbo
2806 5225 3192 5292 componebat,
3219 5233 3269 5279 et
3313 5223 3613 5278 ἐνδιάθετον

2050 5307 2107 5370 et
2132 5297 2480 5370 προφορικόν,
2511 5296 2786 5370 legendum
2811 5295 2890 5366 τῷ
2913 5296 2970 5349 ὲν
2989 5293 3279 5370 ἀνθρωπῳ,
3305 5309 3408 5370 n_o_n
3431 5293 3615 5370 τιῇἁν-

2053 5363 2324 5438 θρωπείῳζ
2355 5373 2501 5438 patet
2520 5363 2588 5420 ei
2611 5364 2770 5438 paulo
2792 5363 2926 5438 post
2934 5363 3306 5438 sequentibus.
3323 5363 3610 5438 _M.-:Dein

2051 5430 2373 5521 vulgar:ti
2393 5436 2444 5489 θ.
2481 5453 2545 5521 μζ
2578 5430 2729 5521 οὐδὲν
2780 5436 2866 5520 ἐτ.
2898 5430 2986 5504 ἦν.
3012 5430 3198 5521 Ἰξοιοιό
3222 5433 3612 5521 _vulgo‘!'rpa.~

2052 5503 2234 5576 ψενέι
2254 5503 2460 5578 τούτοις
2482 5503 2647 5578 αὐτὸν
2677 5503 2864 5570 εἰπὼν,
2889 5503 2983 5578 πρ.
3020 5515 3074 5562 et
3104 5503 3362 5578 χωρῆσαι
3383 5513 3438 5562 et
3487 5503 3609 5563 Ein-

2057 5574 2277 5637 σκάπτει
2299 5587 2351 5634 et
2379 5577 2438 5632 οὐ
2469 5576 2576 5658 γὰρ
2609 5574 2673 5629 ἄν
2701 5586 2755 5632 et
2778 5574 2996 5650 παρείη.
