4086 6202
513 228 619 289 859

1208 226 1476 282 EUSEBll
1514 228 1978 289 CESARIENSIS
2016 233 2163 290 OPP.
2206 234 2380 293 PARS
2415 237 2504 294 iV.
2543 270 2612 284 —
2648 239 3065 299 DOGMATICA.

3630 252 3731 310 860

520 366 543 402 ι
580 345 756 417 operis
786 347 1151 402 tantummodo
1187 349 1443 421 emcacia.
1492 368 1512 405 ι
1543 350 1805 419 Quocirca
1849 356 1938 409 ubi
1998 355 2060 408 ita

2180 374 2199 405 ι
2236 357 2485 428 πράξεως
2523 360 2787 432 ἐνεργείᾳ.
2817 380 2835 414 ι
2860 363 3081 434 Διόπερ,
3114 364 3243 417 ποτὲ
3284 364 3380 435 μὲν
3405 366 3735 437 ἀπεφαίνετο

513 438 715 503 statuit,
768 438 1078 506 priusquam
1136 442 1364 495 mundus
1422 445 1859 517 produceretur,
1940 448 2069 505 nihil

513 528 734 581 omnino
785 537 978 594 praeter
1048 527 1215 581 Deum
1282 531 1569 596 exstitisse,
1625 543 1680 587 et
1743 534 1866 589 alibi
1921 537 2071 590 hisce

510 615 641 682 ipsis
679 616 858 670 verbis
906 617 1117 670 utitur:
1168 637 1185 669 ι
1225 617 1360 673 Cum
1410 622 1644 675 nondum
1694 623 1794 677 iste
1842 625 2070 679 mundus

514 725 535 758 ι
578 707 865 775 productus
910 706 1099 773 fuerat,
1155 719 1349 778 prmter
1389 711 1553 764 Deum
1592 712 1807 782 quidem
1872 716 2067 781 solum,

517 816 535 849 ι
578 798 709 851 nihil
763 807 881 853 erat
933 798 1110 865 aliud;
1144 819 1162 852 ι
1206 812 1257 853 et
1304 801 1390 855 ubi
1441 802 1679 858 divinum
1744 806 1873 860 illud
1936 806 2071 862 Ver-

510 890 675 954 bum,
746 898 927 944 nostro
984 891 1271 945 indicativo
1335 908 1428 960 per
1490 895 1671 950 omnia
1751 898 2070 952 assimilavit

510 983 691 1046 verbo,
743 983 795 1036 in
835 984 1027 1053 quibus
1064 984 1161 1037 ista
1198 985 1389 1038 scribit
1444 985 1536 1057 [Β.
1593 986 1682 1041 LV
1717 990 1837 1045 coll.
1897 1006 1947 1058 p.
2000 990 2068 1045 59

510 1074 571 1127 ῐ).
608 1074 706 1127 lli
737 1075 794 1127 D.
825 1073 1027 1146 £513.]
1074 1090 1133 1127 ει
1175 1074 1631 1141 Quemadmodum
1685 1096 1770 1135 res
1806 1083 2067 1137 universa:

515 1183 533 1215 ι
576 1180 693 1233 qua:
721 1166 993 1233 producta:
1018 1165 1246 1231 fuerunt,
1273 1184 1302 1220 a
1331 1166 1490 1223 Patre
1517 1171 1949 1239 producebantur
1971 1189 2067 1241 per

518 1275 536 1309 ι
581 1254 834 1321 Verbum,
891 1257 958 1310 ad
987 1258 1234 1312 eumdem
1260 1258 1471 1314 modum
1501 1271 1555 1316 et
1576 1278 1694 1331 quae
1727 1280 1755 1316 a
1803 1264 1961 1318 Patre
1982 1266 2065 1319 di-

514 1368 531 1398 t
569 1348 847 1408 cebantur,
879 1364 974 1418 per
991 1350 1225 1405 Verbum
1261 1353 1487 1408 indicem
1510 1355 1860 1412 edebantur.)
1887 1358 2065 1428 Atque

508 1440 604 1502 ita,
634 1454 753 1492 cunt
786 1439 885 1493 hoc
912 1448 1066 1508 pacto
1109 1442 1457 1496 intlicativum
1484 1443 1706 1498 verbum
1742 1448 2060 1515 compellas-

505 1537 589 1582 set
632 1529 827 1598 ipsum.
864 1545 1114 1584 sermone
1161 1535 1535 1602 progrediente
1584 1543 1761 1589 tamen
1812 1538 2059 1592 eumdem

505 1619 679 1686 ipsum
725 1634 752 1670 a
785 1618 943 1673 Patre
974 1622 1383 1690 inseparabilem
1408 1627 1743 1692 pronuntiat,
1772 1627 1911 1694 quod
1939 1643 2060 1695 spe-

2174 447 2277 528 πρὸ
2299 448 2397 518 τῆς
2422 449 2518 509 τοῦ
2547 451 2752 521 κόσμου
2798 454 3105 517 συστάσεως
3150 456 3314 526 μηδὲν
3361 457 3547 528 ἕτερον
3594 456 3736 515 εἶναι

2174 540 2311 611 πλὴν
2352 540 2520 605 Θεοῦ,
2581 543 2675 597 καὶ
2725 544 2886 598 πάλιν
2932 546 3113 610 αὐτοῖς
3152 549 3387 618 ῥήμασιν
3423 550 3625 619 ἔλεγεν,
3654 554 3736 608 ὅτι

2176 650 2194 685 ι
2242 632 2407 702 μήπω
2439 633 2531 686 τοῦ
2564 635 2765 705 κόσμου
2791 637 3089 704 γεγονότος,
3112 638 3263 691 οὐδὲν
3303 639 3488 711 ἕτερον
3510 636 3576 713 ἦν
3598 642 3733 713 πλὴν

2175 741 2193 771 ι
2240 722 2372 775 Θεοῦ
2423 725 2617 795 μόνου·
2661 745 2679 776 ι
2733 727 2862 779 ποτὲ
2902 726 2959 780 δὲ
2994 727 3071 798 τῷ
3110 730 3361 801 ἡμετέρῳ
3412 735 3732 805 σημαντικίίι

2171 815 2311 885 λόγῳ
2347 816 2436 869 τὸν
2469 816 2563 869 τοῦ
2589 816 2722 870 Θεοῦ
2754 818 3107 889 παρέϐαλλεν,
3138 822 3196 874 ὲν
3221 817 3301 885 οἷς
3330 815 3431 876 ὦδε
3454 824 3693 896 ἔγραφεν
3722 844 3734 855 ·

2175 925 2193 957 ι
2218 907 2429 978 ’Ὠσπερ
2456 907 2525 960 τὰ
2545 910 2803 976 γεγονότα
2832 910 3007 964 πάντα
3036 911 3138 965 ὑπὸ
3170 912 3263 966 τοῦ
3300 915 3513 985 [ἰατρὸς
3532 915 3621 970 διὰ
3640 919 3736 971 τοῦ

2174 1015 2191 1046 ι
2240 997 2411 1064 Λόγου
2450 997 2691 1065 γέγονεν,
2746 999 2889 1052 οὕτω
2924 1001 3017 1053 καὶ
3068 1000 3136 1053 τὰ
3184 1001 3449 1072 λεγόμενα
3488 1004 3591 1056 ὑπὸ
3641 1005 3735 1058 τοῦ

2172 1106 2190 1134 ι
2232 1087 2445 1159 Πατρὸς
2474 1088 2561 1144 διὰ
2590 1087 2684 1141 τοῦ
2715 1089 2888 1158 Λόγου
2912 1091 3252 1162 σημαίνεται.
3296 1110 3314 1143 ι
3356 1093 3467 1147 Καὶ
3492 1094 3556 1165 δὴ
3578 1095 3737 1163 λόγον

2168 1177 2494 1247 σημαντικὸν
2518 1181 2574 1232 ὲν
2616 1180 2823 1243 τούτοις
2854 1181 3014 1234 αὐτὸν
3054 1182 3309 1245 ἀνειπὼν,
3349 1184 3549 1254 προῖὼν
3584 1186 3732 1255 ἑξῆς,

2167 1267 2465 1340 ἀχώριστον
2509 1270 2671 1323 αὑτὸν
2703 1273 2769 1341 τῇ
2814 1272 3126 1337 ὑποστάσει,
3153 1272 3211 1327 ἓν
3242 1275 3335 1327 καὶ
3364 1275 3557 1328 ταύτὸν
3590 1273 3735 1328 εἶναι

2162 1359 2239 1429 τῷ
2288 1360 2462 1431 Πατρὶ
2508 1360 2863 1431 παρίστησιν,
2909 1354 3011 1413 ὧδέ
3054 1379 3129 1432 πη
3181 1362 3382 1430 λέγων·
3424 1381 3443 1414 ι
3484 1362 3736 1417 Τοῦτοδὲ

2169 1469 2188 1501 ι
2234 1451 2411 1521 ῥᾴδιον
2434 1448 2582 1521 οἶμαι
2598 1455 2710 1515 τοῖς
2734 1452 3073 1523 εύφρονοῦσι,
3107 1454 3200 1505 καὶ
3228 1454 3335 1507 ἀπὸ
3361 1454 3557 1526 μικροῦ
3585 1472 3735 1519 τινος

2135 1573 2145 1595 ι
2169 1560 2185 1592 ι
2231 1542 2323 1595 καὶ
2337 1542 2588 1595 ταπεινοῦ
2605 1542 2723 1595 καθ’
2742 1544 2888 1612 ἡμᾶς
2902 1542 3339 1614 παραδείγματος
3360 1544 3582 1613 γνῶναι.
3597 1545 3732 1598 Οὐδὲ

2170 1651 2185 1681 ι
2229 1630 2336 1703 γάρ
2370 1633 2460 1685 τὸν
2491 1632 2582 1685 τοῦ
2605 1632 2889 1705 ἀνθρώπου
2910 1633 3067 1702 λόγον
3081 1635 3306 1705 δυνάμει
3328 1636 3420 1689 καὶ
3441 1637 3731 1692 ὑποστάσει

504 1714 616 1761 etat
657 1708 723 1761 ad
778 1709 1093 1779 hyposlasin
1152 1729 1339 1780 suam,
1400 1691 1672 1783 unumque
1723 1732 1847 1771 cum
1904 1717 2060 1772 Patre

2172 1742 2189 1773 ι
2231 1724 2460 1794 χωρίσαι
2481 1726 2588 1777 τινὶ
2618 1725 2857 1779 δυνατόν.
2890 1726 2986 1779 Ἐν
3028 1727 3135 1796 γάρ
3166 1728 3277 1779 ἐστι
3312 1726 3403 1780 καὶ
3432 1728 3624 1782 ταύτὸν
3654 1729 3731 1801 τῷ

504 1806 665 1867 atque
711 1799 849 1853 idem
903 1802 1079 1865 docet,
1130 1804 1276 1857 hisce
1323 1805 1549 1860 verbis:
1592 1826 1610 1859 ι
1653 1808 1831 1877 Atque
1892 1809 2058 1875 istud,

507 1906 525 1937 ι
568 1888 778 1956 opinor,
832 1892 922 1961 qui
954 1904 1100 1947 recte
1146 1896 1329 1949 volunt
1370 1911 1582 1965 sapere,
1630 1914 1734 1951 non
1770 1899 2059 1954 admodum

506 1995 525 2026 ι
565 1979 851 2035 diﬂiettlter
879 1984 1152 2038 eollecturi
1186 1995 1309 2039 sunt
1340 1987 1406 2039 ab
1434 1988 1557 2040 exili
1589 1989 1823 2057 quodam
1876 2002 1929 2043 et
1956 1992 2059 2044 hn-

506 2087 524 2117 ι
570 2069 676 2121 mili
727 2070 868 2123 inter
898 2072 1141 2127 homines
1164 2075 1425 2143 exemplo.
1454 2076 1586 2128 Nam
1620 2094 1716 2131 nec
1740 2079 2057 2145 humanum,

506 2179 523 2207 ι
575 2159 640 2213 ab
671 2160 885 2214 homine
918 2165 1157 2229 verbum,
1186 2175 1451 2232 potestate
1489 2169 1666 2237 quivis
1698 2180 1752 2223 et
1782 2172 2058 2242 hypostasi

505 2270 522 2299 ι
565 2252 917 2317 separaverit.
956 2253 1045 2306 Est
1078 2255 1222 2308 enim
1252 2256 1498 2323 verbum,
1528 2274 1690 2313 unum
1725 2269 1884 2331 atque
1919 2263 2057 2318 idem

503 2357 521 2387 ι
557 2354 676 2392 cum
706 2341 918 2394 homine
950 2357 964 2394 :
997 2358 1099 2397 non
1125 2343 1279 2398 aliter
1305 2346 1523 2401 omnino
1554 2351 1874 2418 separabile,
1894 2368 2055 2420 qualn

505 2447 525 2478 ι
562 2428 726 2483 solius
767 2432 1097 2499 operationis
1143 2432 1354 2486 effectu.
1390 2455 1407 2487 ι
1434 2436 1548 2502 Qua
1602 2439 1951 2495 similitudine
2001 2452 2057 2495 et

501 2520 625 2573 alibi
656 2536 782 2575 usus
809 2531 910 2585 est,
945 2523 1029 2577 ubi
1063 2525 1138 2578 ait
1169 2525 1257 2596 [Β.
1296 2526 1425 2599 LVI]
1455 2546 1468 2580 :
1508 2546 1525 2580 t
1557 2529 1898 2599 Qumcunque
1933 2544 2057 2587 sunt

504 2629 523 2660 ι
567 2624 685 2679 qua:
709 2609 865 2666 Pater
889 2611 1033 2681 loqui
1065 2614 1504 2684 deprehenditur,
1550 2619 1638 2673 illa
1670 2622 1850 2674 omnia
1879 2623 2055 2692 prolo-

502 2718 521 2751 ι
564 2702 745 2770 quitur
776 2717 871 2769 per
902 2701 1131 2757 Verbum
1183 2721 1359 2760 suum.
1404 2711 1581 2777 Atque
1632 2710 1734 2765 hoc
1791 2712 1843 2765 in
1903 2715 2058 2770 nobis

506 2808 525 2842 ι
570 2794 698 2859 ipsis
724 2804 945 2862 apparet
974 2809 1094 2847 esse
1128 2795 1219 2857 ita,
1249 2798 1512 2866 siquidem
1537 2802 1717 2870 parvis
1748 2802 1905 2857 liceat
1938 2821 2053 2858 ma-

503 2901 522 2933 ι
564 2899 667 2952 gna
695 2900 1033 2954 componere.
1085 2886 1217 2941 Nam
1249 2904 1580 2962 qttaaeunque
1630 2909 1726 2948 nos
1770 2894 1921 2963 juxta
1958 2914 2056 2951 no-

502 3007 510 3018 .
565 2986 735 3027 suum
766 2989 952 3041 posse,
997 2977 1174 3030 dicere
1207 2978 1285 3030 vel
1326 2978 1505 3035 facere
1543 2986 1924 3053 cupiverimns,
1962 3004 2056 3051 per

502 3081 525 3115 ς
566 3075 803 3117 nostrum
853 3081 951 3119 nos
1001 3067 1223 3121 verbum
1270 3070 1361 3124 illa
1390 3071 1581 3127 effecta
1609 3076 1819 3132 damus.
1876 3097 1894 3130 ι
1930 3079 2055 3134 llaec
2086 3039 2129 3098 Ο

497 3169 596 3209 nos
639 3165 849 3223 oportet
895 3158 1205 3215 existimare
1254 3177 1359 3216 non
1390 3165 1566 3220 ntinus
1604 3166 1914 3223 Marcellum
1975 3172 2055 3225 di-

498 3251 710 3319 centem
750 3246 956 3310 audire,
995 3264 1156 3317 quam
1193 3249 1507 3311 Sabellium.
1549 3256 1658 3311 Nisi
1708 3258 1845 3314 forte
1873 3261 2053 3315 riden-

496 3335 622 3387 tlnm
665 3336 880 3392 volebat
910 3338 1201 3394 Sabelliunt
1248 3342 1530 3402 Marcellus
1570 3349 1888 3419 propinare;
1930 3354 2053 3423 quia

499 3442 605 3481 non
657 3429 908 3497 audebat,
973 3433 1112 3501 quod
1162 3450 1325 3490 ausus
1352 3447 1435 3492 est
1490 3440 1621 3508 ipse,
1657 3441 1887 3497 Verbum
1930 3446 2057 3500 illud

498 3517 593 3572 Dei
632 3519 1013 3588 indicativum,
1058 3529 1203 3595 quod
1243 3529 1514 3584 existimat
1570 3543 1809 3600 tantum,
1860 3535 2054 3591 Filium

496 3611 591 3666 Dei
634 3613 930 3670 nominare.
974 3616 1132 3672 Certe
1184 3636 1290 3674 non
1340 3636 1406 3676 eo
1433 3624 1674 3693 prorupit
1719 3625 1764 3679 is
1811 3627 2052 3693 insania»,

498 3712 557 3755 ut
591 3717 919 3772 sermonem,
973 3723 1068 3776 per
1118 3711 1297 3763 omnia
1335 3712 1572 3767 humano
1622 3716 1951 3771 simillimum
1993 3725 2051 3782 ὦ

499 3793 609 3848 Deo
634 3794 871 3848 omnium
921 3811 1175 3864 supremo
1209 3799 1432 3854 auderet
1462 3802 1755 3858 ascribere.
1807 3804 1913 3857 Sed
1956 3822 2057 3861 nec

403 3901 415 3914 ·
495 3898 561 3938 eo
586 3885 829 3939 stultitiae
858 3886 1092 3949 devenit,
1123 3898 1179 3941 ut
1217 3889 1438 3943 verbum
1473 3891 1688 3961 aliquod
1741 3909 1843 3948 non
1877 3898 2058 3951 subsi-

495 3992 665 4050 stens,
712 3982 907 4038 Filium
962 3985 1053 4038 Dei
1086 3986 1408 4040 nominaret.
1464 3985 1725 4053 Quocirca
1761 3992 1851 4059 qui
1892 4007 2054 4046 unttnt

462 4074 627 4127 dixit
670 4074 835 4128 Deum
882 4074 1167 4142 Sabellius,
1221 4075 1412 4131 Filium
1436 4092 1562 4130 vero
1595 4079 1899 4149 abnegavit,
1929 4098 2057 4135 con-

492 4176 818 4236 sequenter,
876 4169 1165 4222 secundum
1218 4185 1367 4224 suam
1422 4172 1837 4238 suppositionem
1908 4189 2059 4226 eutn-
2096 4244 2115 4265 ο

490 4257 609 4311 dem
665 4257 949 4312 aiiirmavit
973 4258 1209 4323 Patrem,
1244 4275 1402 4329 quem
1442 4270 1497 4315 et
1536 4260 1749 4315 Filium.
1782 4262 2059 4319 Marcellus

2173 1835 2189 1867 ι
2231 1816 2498 1888 ἀνθρώπῳ
2523 1818 2550 1868 ὁ
2577 1817 2750 1885 λόγος,
2792 1818 2885 1871 καὶ
2909 1818 3084 1872 οὐδενὶ
3127 1819 3491 1892 χωριζόμενος
3536 1821 3728 1892 ἑτέρῳ,

2172 1927 2189 1959 ι
2235 1909 2268 1977 ἢ
2299 1908 2439 1979 μόνῃ
2473 1912 2539 1979 τῇ
2568 1908 2668 1977 τῆς
2698 1909 2950 1979 πράξεως
2981 1910 3252 1982 ἐνεργείᾳ.
3286 1929 3304 1961 ι
3346 1912 3454 1965 Καὶ
3482 1908 3637 1975 αὖθις
3665 1916 3729 1983 τῇ

2164 2000 2298 2070 αὐτῇ
2338 2000 2598 2071 κέχρηται
2630 2001 2793 2052 εἰκόνι
2827 2002 2883 2052 ἐν
2922 1996 3003 2064 οἷς
3033 2018 3196 2071 φησι’
3236 2021 3253 2053 t
3294 2002 3476 2056 Πάντα
3500 2003 3607 2074 γὰρ
3630 2004 3731 2058 ὅσα

2172 2110 2189 2141 ι
2232 2090 2296 2143 ἂν
2327 2092 2355 2143 ό
2391 2091 2579 2161 Πατὴρ
2607 2090 2762 2163 λέγῃ,
2787 2092 2958 2145 ταῦτα
3006 2093 3280 2163 πανταχοῦ
3314 2093 3403 2146 διὰ
3428 2094 3521 2147 τοῦ
3556 2095 3728 2163 Λόγου

2171 2202 2187 2233 ‹
2228 2182 2398 2251 λέγων
2430 2184 2692 2252 φαίνεται.
2713 2184 2882 2238 Τοῦτο
2912 2186 2968 2238 δὲ
2996 2185 3153 2257 δῆλόν
3185 2188 3305 2239 ἐστι
3328 2188 3423 2241 καὶ
3452 2189 3545 2257 ἀφ’
3570 2189 3725 2259 ἡμῶν

2169 2292 2187 2324 ι
2234 2274 2432 2338 αὐτῶν,
2469 2276 2568 2327 ὅσα
2599 2274 2769 2347 μικρά
2804 2276 3059 2346 μεγάλοις
3085 2277 3175 2330 καὶ
3206 2277 3370 2341 θείοις
3407 2279 3725 2339 ἀπεικάσαι.

2168 2387 2185 2417 ι
2233 2368 2342 2419 Καὶ
2388 2368 2552 2436 ἡμεῖς
2581 2366 2708 2436 γὰρ,
2746 2367 2922 2420 πάντα
2953 2368 3054 2421 ὅσα
3082 2367 3146 2421 ἂν
3188 2367 3465 2439 θέλωμεν,
3496 2369 3636 2423 κατά
3667 2368 3727 2422 τὸ

2168 2478 2185 2509 t
2224 2457 2441 2511 δυνατὸν
2470 2455 2645 2523 λέγειν
2670 2473 2731 2509 τε
2763 2458 2856 2511 καὶ
2879 2460 3070 2521 ποιεῖν,
3089 2457 3166 2527 τῷ
3190 2458 3443 2529 ἡμετέρῳ
3469 2459 3731 2530 ποιοῦμεν,

2168 2569 2185 2599 ‹
2225 2549 2385 2619 λόγῳ.
2432 2568 2449 2600 ι
2483 2547 2667 2601 Ταῦτα
2699 2549 2759 2600 οὐ
2802 2548 3001 2619 μᾶλλον
3034 2549 3353 2620 Μαρκέλλου
3381 2550 3724 2621 ῆΣαὸελλίου

2161 2640 2401 2709 λέγοντος
2441 2639 2661 2692 ἀκούειν
2700 2640 2961 2710 προσήκει
2982 2639 3239 2709 νομίζειν,
3264 2642 3313 2694 εἰ
3349 2641 3422 2713 μὴ
3447 2642 3553 2713 ἄρα
3584 2642 3727 2698 τοῖσδ’

2161 2730 2494 2784 ὲπισκὼπτοι
2524 2729 2792 2800 Σαὸελλίῳ
2823 2730 3261 2803 Μάρκελλος,δτι
3291 2731 3364 2803 μὴ
3392 2733 3619 2798 ἀναιδῶς
3635 2732 3726 2788 τὸν

2161 2827 2218 2877 ὲν
2246 2822 2323 2892 τῷ
2350 2821 2467 2893 Θεῷ
2496 2823 2827 2892 σημαντικὸν
2854 2824 3043 2890 Λόγον,
3086 2822 3162 2887 ὡς
3194 2824 3356 2888 αὐτὸς
3378 2824 3566 2890 οἴεται,
3599 2825 3727 2879 Υἰὸν

2160 2913 2358 2984 ἐτόλμα
2378 2912 2676 2983 ὀνομάζειν.
2710 2914 2782 2966 Οὐ
2808 2913 2914 2983 γὰρ
2943 2910 3008 2967 αὖ
3042 2914 3275 2986 τοσαύτη
3303 2915 3451 2986 αὐτῷ
3466 2914 3726 2987 λογισμοῦ

2161 3007 2339 3077 παρῆν
2361 3007 2533 3069 ἄνοια,
2555 3005 2628 3069 ὡς
2656 3005 2824 3074 Λόγον
2854 3006 3051 3075 ὁμοίως
3068 3005 3394 3077 ἀνθρώποις,
3419 3008 3513 3060 καὶ
3540 3006 3618 3077 τῷ
3637 3007 3729 3060 ἐπὶ

2159 3097 2373 3152 πάντων
2407 3098 2602 3151 διδόναι
2633 3096 2769 3167 Θεῷ.
2815 3098 2936 3150 Οὐδ’
2965 3097 3135 3161 οὕτως
3168 3096 3375 3166 ἠλίθιος
3403 3093 3492 3170 ἦν,
3521 3099 3597 3161 ὡς
3638 3097 3727 3151 τὸν

2161 3189 2233 3260 μὴ
2257 3188 2536 3257 ὑφεστῶτα
2560 3190 2743 3258 λόγον,
2774 3188 2899 3241 Υἰὸν
2916 3188 3048 3241 Θεοῦ
3070 3188 3273 3242 καλεῖν.
3298 3190 3512 3260 Διόπερ,
3538 3187 3729 3241 ΣαΕέλ-

2156 3280 2265 3343 λιος
2320 3280 2414 3333 ἕνα
2471 3280 2599 3333 Θεὸν
2653 3279 2843 3342 εἰπὼν,
2898 3279 2989 3331 τὸν
3048 3279 3106 3331 δὲ
3154 3279 3283 3331 Υἰὸν
3328 3279 3717 3350 ἀρνησάμενος,

2157 3372 2437 3442 ἑπομένως
2474 3375 2540 3441 τῇ
2586 3370 2732 3441 αὑτῴ
2763 3370 2977 3444 δοθείσῃ
3013 3369 3285 3434 ὑποθέσει,
3313 3371 3400 3423 τὸν
3428 3368 3583 3422 αὐτὸν
3608 3368 3719 3420 Πα-

2156 3461 2288 3529 τέρα
2310 3455 2445 3511 εῖναι
2467 3463 2557 3512 καὶ
2574 3458 2698 3511 Υίόν
2721 3458 2942 3527 ἔφασκε.
2962 3458 3277 3530 Μάρκελλος
3296 3458 3349 3511 δὲ
3367 3456 3494 3529 (65),
3518 3456 3715 3527 ὁμοίως

2158 3549 2349 3619 ἐκείνῳ
2373 3548 2430 3601 ἒν
2456 3550 2548 3601 καὶ
2571 3548 2764 3601 ταύτὸν
2796 3544 2932 3600 εἶναι
2969 3548 3059 3600 τὸν
3082 3547 3233 3613 Θεὸν,
3267 3546 3465 3601 καὶτὸν
3491 3548 3546 3599 ὲν
3569 3546 3718 3615 αὐτῷ

2157 3635 2327 3703 Λόγον
2360 3633 2552 3697 διδοὺς,
2590 3635 2764 3704 μάτην
2792 3634 3054 3703 ἐσφάλθαι
3082 3636 3170 3687 τὸν
3195 3633 3494 3697 Σαϐἐλλιον,
3527 3635 3645 3706 οὐχ).
3664 3634 3721 3687 δὲ

2160 3726 2251 3779 καὶ
2277 3724 2464 3778 ἑαυτὸν
2492 3724 2758 3795 ὁμολογεῖ.
2805 3726 2873 3778 Ἣ
2925 3726 3034 3796 γάρ
3072 3726 3319 3779 κάκεῖνον
3368 3725 3723 3797 ἀποδέχεσθαι

2158 3814 2375 3887 χρῆν,ἢ
2408 3817 2501 3867 καὶ
2540 3812 2701 3869 αὐτὸν
2740 3815 3086 3885 μέμφεσθαι·
3123 3817 3155 3885 ἢ
3197 3817 3548 3888 μεμφόμενον
3584 3818 3725 3870 έκεῖ-

2160 3925 2270 3973 νον,
2308 3907 2405 3978 τὴν
2444 3907 2633 3977 ὁμοίαν
2666 3906 2815 3976 αὐτῷ
2856 3906 3172 3971 κακοδοξίαν
3212 3908 3594 3978 ἐκτρέπεσθαι,
3630 3909 3728 3961 καὶ

2162 3996 2236 4067 μὴ
2264 3995 2696 4067 ἀνδριαντοποιοῦ
2736 3996 2888 4064 δίκην
2927 3994 3272 4049 ὑποτίθεσθαι
3314 3996 3406 4050 τὸν
3452 3996 3605 4061 Θεὸν,
3656 4000 3723 4068 τῇ

2159 4087 2350 4139 ἑαυτοῦ
2392 4088 2683 4157 ὲνθυμήσει
2712 4087 2803 4139 καὶ
2828 4086 2902 4155 τῷ
2930 4086 3042 4156 ἰδίῳ
3064 4085 3308 4158 λογισμῷ
3350 4087 3728 4165 προσδιαλεγό-

2164 4197 2341 4251 μενον,
2376 4180 2534 4232 αὐτόν
2561 4197 2619 4232 τε
2650 4179 2823 4249 ἑαυτῷ
2859 4178 3359 4251 παρακελευόμενον
3381 4181 3576 4250 λέγειν,
3605 4180 3723 4249 (66)

2164 4272 2297 4339 Ἀγε
2340 4270 2673 4338 ποιήσωμεν,
2717 4268 2815 4335 ἄγε
2863 4268 3153 4339 πλάσωμεν
3200 4269 3513 4340 ἀνδριάντα.
3568 4268 3725 4324 Οὕτω

491 4364 618 4404 vero
648 4352 739 4420 qui
778 4352 998 4415 perinde
1052 4362 1214 4421 atque
1262 4354 1348 4408 ille
1383 4355 1544 4407 Deum
1591 4370 1753 4408 unum
1807 4356 2053 4426 idemque

2164 4361 2267 4430 γὰρ
2289 4361 2381 4413 καὶ
2401 4358 2490 4411 τὸν
2500 4358 2629 4410 Θεὸν
2646 4358 2919 4429 εἰρηκέναι
2934 4360 3014 4423 τὸ,
3032 4360 3381 4430 Ποιήσωμεν
3395 4362 3724 4431 ἅνθρωπον,

489 4444 760 4497 statuebat
788 4459 909 4499 cum
944 4442 1121 4499 Verbo
1147 4461 1264 4507 suo,
1295 4446 1474 4513 inepte
1503 4459 1725 4502 accusat
1751 4448 2046 4504 Sabellium

487 4536 711 4602 erroris,
740 4552 960 4605 prorsus
988 4539 1086 4591 nisi
1122 4554 1180 4592 se
1205 4548 1257 4592 et
1285 4554 1496 4593 errasse
1522 4540 1772 4595 fateatur.
1806 4541 1937 4595 Nam
1971 4542 2052 4595 vel

490 4643 612 4682 cum
658 4629 891 4683 Sabellio
922 4630 1240 4698 conspirare
1292 4631 1542 4697 debebat,
1584 4633 1668 4685 vel
1698 4635 2047 4701 semetipsum

489 4722 841 4789 redarguere.
882 4732 974 4776 aut
1014 4723 1057 4775 si
1112 4723 1435 4791 redarguere
1477 4722 1772 4776 Sabelliutn
1813 4722 2048 4787 volebat,

488 4814 731 4868 eamdem
779 4830 995 4884 pravam
1031 4832 1179 4870 suam
1227 4816 1473 4869 hmresim
1517 4813 1767 4881 abjurare
1798 4830 1920 4870 eum
1961 4817 2052 4870 de—

488 4907 603 4961 cuit
641 4922 654 4958 :
698 4922 797 4961 nec
846 4908 1137 4963 admodum
1192 4907 1421 4977 alicujus
1466 4917 1660 4961 statua:
1712 4906 2048 4972 conﬂatoris,

490 5000 655 5054 Deum
696 5015 998 5070 supponere
1036 5001 1447 5071 colloquentem.
1481 5015 1602 5052 cttttt
1634 5015 1727 5054 sua
1753 4998 2046 5053 ratiocina-

494 5094 659 5155 tione,
705 5102 761 5147 et
808 5093 969 5147 animi
1027 5093 1108 5147 sui
1165 5092 1565 5161 intelligentia:
1611 5092 1895 5160 ipsumque
1949 5087 2051 5141 sibi

493 5182 593 5253 ipsi
620 5185 969 5255 imperantem
999 5186 1337 5241 introducere
1366 5188 1431 5240 ad
1467 5185 1608 5240 hunc
1649 5183 1866 5239 modum
1900 5198 1913 5233 :
1948 5179 2051 5233 Fa-

579 5330 639 5389 ›Ῑ‹
674 5326 769 5381 Ed.
792 5326 987 5395 Paris.,
1014 5344 1137 5399 pag.
1174 5327 1263 5384 80.

565 5486 675 5628 ἕϐδ)
706 5487 873 5556 Vulgo
898 5491 1094 5560 ὁμοίως
1124 5490 1271 5561 αὐτῷ
1296 5501 1347 5546 et
1368 5491 1519 5544 ἀποδ.
1550 5492 1736 5562 ἐχρῆν.

586 5558 673 5628 66)
709 5560 837 5628 Ἄγε
874 5561 1238 5628 ποιήσωμεν.
1278 5561 1581 5628 Legentl'utn
1617 5563 1736 5628 -ποιή

586 5558 691 5632 66)
709 5560 837 5632 Ἄγε
874 5558 1254 5630 ποιήσωμεν(
1278 5558 1591 5632 Legend'unt
1604 5558 1928 5632 ’ποιήσωμεν
1945 5600 1960 5623 ,
1998 5570 2054 5613 ut

495 5628 627 5685 altas
656 5628 922 5696 habetur,
969 5628 1148 5687 statim
1185 5649 1279 5702 pro
1319 5628 1619 5701 μηδέποτε,
1667 5628 1887 5688 restitue
1927 5633 2053 5685 ποτὲ

2159 4454 2282 4523 ἔφη,
2313 4452 2443 4522 μηδὲ
2456 4451 2583 4503 ποτὲ
2614 4451 2711 4521 μὲν
2731 4451 3045 4515 ἐνδιάθετον,
3071 4453 3144 4516 ὼς
3168 4454 3253 4506 ἐπ’
3266 4452 3535 4525 ἀνθρώπῳ
3549 4454 3726 4523 λόγον,

2162 4544 2289 4596 ποτε
2329 4542 2385 4595 δὲ
2410 4540 2761 4611 σημαντικὸν,
2780 4541 2853 4605 ὼς
2870 4542 2959 4593 τὸν
2995 4545 3050 4595 έν
3074 4545 3201 4612 ἡμῖν
3229 4545 3559 4617 προφορικδν
3583 4586 3597 4607 ,
3633 4544 3730 4598 καὶ

2160 4640 2216 4689 ἐν
2254 4636 2330 4705 τῷ
2346 4634 2464 4704 Θεῷ
2494 4633 2854 4687 ὑποτίθεσθαι.
2889 4633 3073 4687 Ταῦτα
3098 4637 3205 4707 γὰρ
3236 4636 3520 4689 Σαϐελλίου
3547 4638 3731 4709 ἢἸου-

2159 4725 2323 4779 δαίων
2354 4724 2497 4787 τινὸς
2530 4723 2639 4775 τῶν
2664 4723 2753 4776 τὸν
2786 4724 2913 4777 Υἰὸν
2945 4725 3038 4777 τοῦ
3079 4724 3212 4777 Θεοῦ
3250 4725 3731 4797 ἀπαρακαλύπτως

2158 4817 2499 4888 ἀρνουμένων
2515 4814 2735 4869 ἀνεκτὸν
2758 4810 2825 4886 ἦν
2860 4815 3104 4885 μᾶλλονῆ
3127 4814 3450 4886 Χριστιανοῦ
3484 4815 3732 4884 λέγοντος

2158 4906 2395 4962 ἀκούειν.
2436 4908 2492 4960 '0
2515 4907 2580 4973 δ’,
2601 4907 2787 4978 ὥσπερ
2807 4907 3341 4978 ὲγκαλλωπιζόμενος
3368 4909 3435 4977 τῇ
3465 4907 3730 4977 Ἰουδαῖκῇ

2156 4999 2487 5070 διδασκαλίᾳ,
2513 5001 2576 5069 τῇ
2602 4998 2897 5069 Ἐκκλησία
2924 4998 3158 5069 Χριστοῦ
3190 4999 3317 5069 περὶ
3356 4999 3448 5050 τοῦ
3491 4998 3565 5069 μὴ
3592 4993 3733 5052 εἶναι

2156 5091 2246 5143 τὸν
2281 5092 2405 5144 Υἰὸν
2445 5090 2538 5143 τοῦ
2580 5089 2735 5154 Θεοῦ,
2783 5088 2842 5142 τὸ
2889 5090 3145 5154 δυσσεϐὲς
3203 5091 3350 5143 τουτὶ
3412 5088 3506 5140 καὶ
3570 5087 3731 5141 ἄθεον

2161 5182 2367 5251 εἰσάγει
2398 5182 2601 5253 δόγμα,
2628 5180 2735 5252 πρὸ
2769 5180 2863 5233 τοῦ
2906 5181 2997 5234 τὸν
3032 5182 3233 5252 κόσμον
3274 5178 3527 5249 γενέσθαι
3565 5177 3731 5249 μηδὲν

2208 5488 2285 5542 έν.
2326 5486 2394 5540 M.
2416 5485 2600 5539 —an
2640 5501 2671 5540 0
2703 5447 2859 5554 su‘pra
2895 5485 3241 5557 πλάσσωμεν.
3265 5483 3384 5540 Mox
3408 5483 3565 5551 vulgo
3598 5480 3729 5559 θτξαστὲΔ

2208 5578 2224 5609 1
2250 5576 2379 5609 anu.
2432 5568 2485 5609 et
2518 5503 2669 5609 suos"
2699 5557 2793 5609 τοῦ
2823 5573 2909 5609 vo.
2944 5566 2995 5609 et
3026 5555 3118 5609 τοῦ
3152 5555 3467 5609 ποιηθέντος
3501 5552 3642 5609 αύτῳ
3670 5560 3728 5604 ει

2193 5561 2387 5631 ὴσημ.Δ
2432 5568 2485 5609 et
2518 5555 2669 5631 ἐκκλ.
2699 5557 2793 5610 τοῦ
2823 5573 2909 5627 χρ.
2944 5566 2995 5613 et
3026 5555 3131 5609 τοῦ
3152 5555 3467 5626 ποιηθέντος
3501 5555 3642 5620 αὑτῴ
3670 5560 3728 5613 et

2163 5627 2668 5696 παραδεδειγμένον.
