4086 6202
428 245 533 303 861

1392 246 1478 302 DE
1523 244 2059 303 ECCLESIASTICA
2100 241 2495 300 THEOLOGIA
2534 240 2661 298 LIB.
2702 240 2743 300 ι.

3582 249 3686 304 862
3700 266 3713 277 ·

428 366 619 437 ἕτερον
653 362 793 421 εἶναι
830 366 964 438 πλὴν
996 367 1132 421 Θεοῦ
1168 368 1351 439 μόνου,
1381 368 1446 420 δι’
1477 368 1598 422 ὅλου
1625 366 1719 420 τοῦ
1756 367 1998 438 πονηθέν-

2116 366 2322 421 ciamus
2353 362 2601 431 agedum,
2646 363 2873 431 agedum
2910 362 3192 433 tingamus,
3251 378 3351 432 age
3383 366 3686 423 conﬂemns

430 476 525 521 τος
542 459 692 529 αὐτῷ
718 460 1143 531 συγγράμματος
1164 461 1605 525 κατασκευάζων,
1630 460 1695 513 ἵν’
1711 459 2006 531 ἀποκλείσῃ

429 550 508 621 τῷ
552 553 666 623 Υξῷ
710 552 806 623 τὴν
858 552 1108 624 πάροδον.
1155 554 1315 607 Ἀλλά
1345 554 1440 607 καλ⁵
1472 552 1790 623 σεμνύνεται
1824 552 2004 621 αὐχῶν

432 644 530 695 ἕνα
586 644 715 697 Θεὸν
761 644 973 696 εἰδέναι·
1026 646 1102 709 ὼς
1158 644 1278 714 οὐχὶ
1329 646 1422 698 καὶ
1450 644 1606 715 ἡμῶν
1632 644 1789 697 τοῦτο
1819 644 2003 711 λεγόν-

431 753 562 798 των,
594 736 683 789 τὸν
711 736 837 789 Υἱὸν
882 736 974 790 τοῦ
1005 737 1139 790 Θεοῦ
1175 736 1388 806 ἀληθῶς
1427 736 1555 788 Υίὸν
1601 732 1739 789 εἷναι
1769 735 2003 806 παραδε-

434 828 487 880 δε
499 827 749 898 ιγμένων,
787 831 916 901 παρ’
934 829 1096 881 αὐτοῦ
1112 845 1260 899 τεὲμε
1270 828 1589 899 μαθηκότων
1608 828 1702 881 ἕνα
1719 827 2002 898 γνωρίζειν

433 919 585 985 Θεὸν,
619 922 777 975 αὐτόν
808 939 868 974 τε
891 917 1028 975 εἴναι
1051 922 1182 975 Θεὸν
1216 922 1350 993 όμοῦ
1373 924 1467 976 καὶ
1489 921 1709 994 Πατέρα
1729 918 1840 990 (67)
1870 918 1999 971 Υίοῦ

431 1012 526 1064 τοῦ
558 1011 899 1082 μονογενοῦς,
927 1014 1120 1069 ἑαυτοῦ
1135 1015 1503 1086 δηλαδηξὸντος
1517 1012 1729 1084 ἀληθῶς
1744 1011 1873 1065 Υἱοῦ
1897 1010 2001 1082 πρὸ

431 1103 647 1157 πάντων
675 1103 886 1158 αἰώνων
921 1104 980 1169 ἐξ
1016 1106 1179 1159 αὐτοῦ
1204 1106 1593 1175 γεγενημένου,
1620 1104 1713 1156 καὶ
1741 1103 1801 1155 οὐ
1843 1102 1999 1173 μόνον

426 1194 599 1262 Λόγου
644 1196 980 1267 κεκλημένου
1032 1197 1138 1268 πρὸ
1169 1197 1266 1267 τῆς
1307 1195 1618 1266 ἀναλήψεως
1649 1194 1747 1264 τῆς
1778 1194 1998 1264 σαρκὸς,

426 1287 561 1357 ὅπερ
589 1287 617 1339 ὁ
648 1289 894 1356 γενναῖος
935 1288 1248 1359 διορίζεται,
1299 1286 1432 1339 ἀλλά
1472 1286 1565 1338 καὶ
1610 1285 1781 1356 μυρία
1812 1284 1995 1353 ἕτερα,

422 1380 451 1431 ό
469 1378 528 1432 δὲ
561 1378 669 1432 κᾶν
700 1379 890 1450 τούτῳ,
920 1381 1018 1450 τῆς
1040 1379 1191 1442 θείας
1210 1380 1434 1451 Γραφῆς
1462 1370 1873 1449 καταψεύδεται,
1893 1378 2000 1449 πρὸ

421 1473 525 1543 τῆς
583 1473 847 1545 ὲνσάρκου
906 1474 1207 1545 παρουσίας
1260 1474 1423 1551 μηδὲν
1461 1473 1647 1546 ἕτερον
1702 1472 1996 1544 κεκλῆσθαι

424 1566 587 1620 αὐτὸν
610 1565 1093 1637 ἀπισχυριζόμενος
1121 1566 1152 1633 ἢ
1176 1566 1363 1633 Λόγον.

2114 466 2369 511 statuam.
2401 455 2475 507 Ita
2508 456 2652 509 enim
2683 455 2937 523 supponit
2977 457 3138 508 Deum
3184 455 3472 526 aliquand’o
3500 462 3676 529 prolo-

2112 556 2314 607 culum,
2350 543 2635 597 Faciamus
2666 546 2924 597 hominem
2953 547 3017 600 ⁷⁷.
3045 546 3316 616 Nusquam
3342 558 3492 603 certe
3526 558 3679 603 vocat

2111 639 2343 692 Verbum
2382 639 2524 690 intus
2554 638 2923 701 constitutum,
2953 643 3220 707 quomodo
3254 639 3402 708 loqui
3439 654 3554 694 mos
3587 649 3678 693 est

2110 732 2160 784 in
2198 730 2476 783 humanis:
2504 742 2559 782 at
2595 732 2862 784 interdum
2905 741 3057 784 vocat
3092 734 3463 796 indicativum,
3505 732 3677 787 simil-

2106 825 2291 879 limum
2326 834 2510 877 nostro
2541 826 2701 878 verbo
2726 825 3016 895 prolatitio.
3050 825 3202 879 Esset
3227 825 3328 879 hoc
3359 826 3412 879 in
3440 824 3678 879 Sabellio

2107 918 2323 985 quidem
2401 917 2719 971 tolerabile:
2752 919 2833 971 vel
2880 919 2929 971 in
2964 918 3269 971 Judmorum
3338 918 3519 986 aliquo
3580 916 3676 986 qui

2104 1011 2221 1065 sine
2252 1010 2698 1077 tergiversatione
2728 1010 2902 1079 aliqua
2941 1010 3131 1064 Filium
3157 1009 3251 1068 Dei
3281 1017 3675 1079 pernegaturus

2103 1112 2245 1155 esset
2282 1124 2296 1157 :
2334 1112 2387 1155 at
2421 1103 2541 1175 quis
2580 1103 2693 1156 haec
2721 1103 2987 1155 dicentem
3016 1101 3383 1157 Christianum
3410 1102 3580 1156 ferat?
3605 1101 3675 1155 At

2106 1195 2195 1248 ille
2242 1195 2400 1249 veluti
2439 1196 2527 1263 qui
2584 1196 2907 1265 gloriaretur
2956 1196 3021 1249 de
3068 1194 3381 1259 Judaismo,
3446 1194 3672 1264 impium

2105 1288 2296 1357 dogma
2336 1298 2496 1354 atque
2536 1290 2757 1342 atbeum
2800 1287 3093 1341 introducit
3144 1287 3195 1340 in
3236 1284 3552 1349 Ecclesiam,
3586 1284 3675 1338 Fi-

2106 1380 2233 1433 lium
2262 1380 2353 1434 Dei
2378 1382 2687 1449 neutiquam
2721 1381 3014 1443 exstitisse,
3062 1390 3188 1433 ante
3232 1377 3414 1431 mundi
3470 1377 3671 1447 produ-

2105 1471 2334 1525 ctionem
2366 1491 2379 1524 :
2413 1488 2532 1525 eum
2562 1472 2677 1525 solo
2708 1473 2813 1525 Deo
2845 1483 3077 1539 excepto.
3103 1471 3234 1534 nihil
3258 1471 3415 1539 plane
3439 1478 3673 1524 exstaret

2105 1563 2222 1616 ibi:
2268 1565 2476 1632 hocque
2526 1564 2699 1634 ipsum
2749 1562 3123 1626 constabiliré,
3163 1579 3259 1634 per
3305 1562 3496 1631 scripti
3528 1562 3673 1616 illius

427 1660 510 1713 sui
541 1674 852 1729 processum
882 1669 1110 1713 conatur
1145 1658 1456 1714 universum
1491 1676 1506 1714 :
1546 1659 1596 1713 in
1628 1674 1748 1713 eum
1802 1659 1986 1721 linem,
2023 1666 2081 1712 ut
2113 1658 2249 1713 Filio
2315 1674 2531 1712 omnem
2597 1661 2799 1713 aditum
2835 1660 2901 1712 ad
2947 1659 3356 1713 subsistentiam
3408 1656 3672 1711 interclu-

426 1757 539 1812 dat.
578 1755 683 1811 Sed
716 1765 770 1812 et
797 1756 1018 1826 insuper
1048 1758 1398 1811 vehementer
1432 1757 1708 1825 gloriatur.
1744 1771 1802 1811 se
1833 1772 1994 1809 unum
2039 1758 2409 1809 tantummodo
2456 1757 2617 1809 Deum
2689 1771 3017 1826 agnoscere:
3081 1757 3236 1825 quasi
3272 1757 3373 1810 hoc
3419 1772 3515 1809 nos
3564 1770 3671 1808 non

429 1850 808 1904 conﬁteremur
838 1866 959 1905 cum
985 1852 1097 1916 illo,
1128 1852 1217 1920 qui
1250 1861 1427 1906 tamen
1461 1852 1550 1905 Dei
1582 1867 1767 1906 revera
1798 1850 1993 1906 Filium
2034 1866 2155 1905 esse
2207 1852 2538 1919 accepimus,
2587 1862 2637 1905 el
2699 1852 2766 1904 ab
2805 1853 3032 1918 ipsemet
3073 1853 3236 1904 etiam
3302 1850 3439 1905 Filio
3504 1866 3670 1904 unum

430 1946 595 2000 Deum
626 1960 921 2015 agnoscere
957 1946 1133 2001 edocti
1173 1946 1395 2009 fuimus,
1428 1947 1709 2016 ipsumque
1744 1947 1909 2001 Deum
1930 1961 2050 2003 esse
2089 1947 2249 2002 simul
2270 1959 2431 2016 atque
2454 1946 2662 2001 Patrem
2693 1946 2811 2000 Filii
2840 1948 3126 2016 unigeniti,
3156 1948 3238 2001 sui
3264 1946 3669 2015 nempeipsius,

429 2039 519 2107 qui
551 2054 647 2094 nos
684 2041 763 2095 sic
788 2041 989 2105 docuit,
1034 2041 1123 2111 qui
1174 2057 1297 2096 vere
1336 2041 1500 2097 Filius
1541 2042 1837 2097 exsistebat
1863 2054 1990 2096 ante
2036 2043 2215 2107 omnia
2258 2043 2476 2107 szccula,
2520 2044 2586 2096 dc
2622 2042 2712 2096 illo
2764 2042 2925 2096 Patre
2982 2043 3214 2111 genitus,
3241 2056 3399 2111 quem
3438 2056 3540 2095 non
3578 2056 3667 2093 so-

429 2134 533 2187 lum
579 2135 810 2190 Verbum
883 2139 1206 2205 compellare
1254 2136 1493 2192 solemus
1524 2179 1538 2202 ,
1591 2138 1753 2192 etiam
1786 2146 1917 2191 ante
1957 2149 2264 2207 susceptam
2290 2153 2529 2201 carnem,
2567 2138 2641 2190 uti
2674 2137 2820 2189 illum
2866 2133 3267 2190 circumscribit
3332 2135 3505 2189 bonus
3568 2134 3673 2189 iste

424 2233 527 2297 vir,
562 2232 655 2287 sed
688 2233 866 2287 multis
895 2232 1013 2287 aliis
1047 2233 1359 2287 nominibus
1387 2272 1401 2295 ,
1456 2233 1547 2301 qui
1614 2232 1716 2287 hoc
1775 2233 1889 2302 ipso
1939 2232 2202 2293 mendacii
2266 2233 2509 2303 coarguit
2537 2231 2898 2300 Seripturam,
2942 2229 3068 2283 dum
3122 2228 3494 2282 vehementius
3527 2240 3673 2280 asse-

421 2336 573 2380 verat
627 2325 775 2380 illum
823 2326 969 2382 nullo
999 2326 1105 2380 alio
1153 2325 1371 2379 nomine
1427 2325 1700 2381 exstitisse
1730 2334 1939 2393 notum,
1972 2333 2099 2378 ante
2131 2339 2283 2379 suam
2318 2324 2772 2383 incarnationem.

1058 2421 1212 2473 ΚΕΦ.
1256 2423 1360 2473 IH'.

2632 2425 2690 2481 »Β
2720 2416 2872 2472 CAP.
2926 2415 3105 2470 XVIII.

421 2511 618 2578 Ὅπως
664 2511 778 2579 πρὸ
829 2510 939 2580 τῆς
987 2512 1493 2580 ἐνανϐρωπήσεως
1562 2510 1742 2565 οὐδὲν
1791 2510 1997 2577 ἕτερον

488 2582 757 2650 ἔφασκεν
793 2579 944 2636 εἶναι
974 2583 1080 2636 τὸν
1128 2582 1261 2635 Υὶὸν
1286 2583 1323 2650 ἣ
1353 2583 1567 2650 Λόγον,
1612 2580 1772 2647 αὐτῷ
1805 2584 1998 2650 μόνον

490 2652 695 2720 ὅμοιον
721 2652 800 2719 τῷ
826 2653 961 2721 παρ’
986 2652 1335 2721 ἀνθρώποις.

503 2742 833 2795 Ἐπάκουσον
879 2741 1031 2811 γοῦν,
1075 2741 1148 2805 ὡς
1186 2732 1617 2804 διαϐεϐαιοῦται,
1666 2739 1846 2799 αὐτοῖς
1899 2736 1997 2807 ῥή-

427 2851 558 2905 μασι
609 2833 791 2887 τοῦτον
830 2835 1055 2906 γράφων
1097 2834 1187 2886 τὸν
1227 2834 1458 2905 τρόπον·
1516 2851 1534 2884 ‹
1582 2832 1741 2883 Ὥστε
1791 2844 1996 2883 παντα-

430 2949 449 2981 ‹
497 2928 650 2999 χόθεν
684 2928 792 2999 (68)
830 2930 943 2981 ἐστὶ
984 2928 1163 2998 δῆλον,
1198 2928 1360 2999 μηδὲν
1395 2927 1580 2998 ἕτερον
1620 2927 1685 2996 τῇ
1734 2924 1995 2993 ἀῐδιότητι

432 3039 449 3070 ι
494 3017 588 3071 τοῦ
612 3018 781 3087 Λόγου
812 3017 1097 3089 ἁρμόττειν
1123 3017 1311 3087 ὄνομα,
1350 3016 1382 3086 ἣ
1412 3014 1579 3081 τοῦθ’,
1612 3015 1747 3084 ὅπερ
1770 3015 1797 3066 ό
1828 3010 1997 3079 ἀγιώ-

428 3132 449 3165 ο
494 3129 653 3174 τατος
685 3110 777 3165 τοῦ
810 3110 939 3163 Θεοῦ
984 3108 1230 3180 μαθητὴς
1270 3108 1363 3160 καὶ
1395 3106 1689 3167 ἀπόστολος
1724 3103 1993 3175 Ἰωάννης,

426 3224 446 3256 ε
494 3207 551 3256 ἐν
601 3205 739 3274 ἀρχῇ
790 3202 883 3255 τοῦ
936 3200 1268 3269 Εὐαγγελίου
1319 3200 1559 3272 εἴρηκεν.
1618 3196 1833 3267 Ἐπειδὴ
1889 3195 1994 3266 γὰρ

426 3316 445 3346 ‹
497 3295 633 3365 μετά
679 3294 776 3365 τὴν
821 3294 921 3365 τῆς
977 3294 1175 3365 σαρκὸς
1215 3292 1477 3362 ἀνάληψιν
1525 3289 1759 3361 Χριστός
1803 3305 1862 3341 τε
1905 3288 1998 3340 καὶ

423 3406 441 3438 ι
502 3386 706 3457 Ἰησοῦς
734 3385 1078 3458 κηρύττεται,
1109 3383 1220 3454 ζωή
1255 3400 1313 3435 τε
1347 3383 1440 3435 καὶ
1479 3381 1627 3446 ὁδὸς,
1683 3381 1778 3433 καὶ
1817 3379 1998 3450 ἡμέρα

426 3495 444 3527 ι
493 3479 584 3530 καὶ
617 3478 946 3541 ἀνάστασις,
991 3475 1086 3529 καὶ
1136 3473 1274 3544 θύρα
1338 3474 1432 3526 καὶ
1479 3472 1677 3544 ἄρτος,
1725 3471 1820 3523 καὶ
1866 3470 1996 3525 εἴτι

426 3587 443 3619 ι
490 3568 675 3640 ’ἕτερον
732 3569 837 3622 ὑπὸ
898 3567 1007 3620 τῶν
1055 3566 1212 3619 θείων
1260 3564 1574 3635 ὀνομάζοιτο
1628 3562 1878 3637 Γραφῶν,
1934 3562 1995 3615 οὐ

426 3682 444 3713 ι
496 3662 644 3733 παρά
698 3662 854 3715 τοῦτο
897 3661 1108 3730 ἀγνοεῖν
1163 3661 1309 3730 ἡμᾶς
1356 3660 1621 3727 προσήκει
1678 3656 1738 3709 τὸ
1785 3655 1999 3726 πρῶτον

2101 2512 2256 2579 Quod
2286 2512 2501 2579 a/ﬁrmet
2550 2508 2597 2560 F
2602 2509 2747 2579 ilium
2765 2518 2897 2579 (ante
2926 2512 3251 2579 assumptum
3291 2520 3505 2579 carnem,
3540 2504 3673 2579 nillil

2168 2572 2384 2649 prorsus
2419 2579 2566 2631 aliud
2598 2577 2856 2630 exstitisse
2877 2591 3034 2642 quam
3087 2572 3329 2634 Verbum,
3364 2575 3659 2627 consimilli-

2171 2667 2313 2715 mum
2337 2650 2566 2702 humano
2598 2649 2771 2700 verbo.

2170 2743 2304 2797 Audi
2326 2752 2508 2795 autem
2527 2739 2795 2809 quomodo
2812 2739 2913 2791 hoc
2933 2737 3105 2808 ipsum
3125 2736 3337 2797 doceat,
3360 2730 3484 2788 dum
3505 2734 3674 2789 diser-

2098 2833 2168 2888 tis
2192 2833 2407 2902 quidem
2436 2830 2705 2885 verbisita
2740 2829 2929 2884 scribit
2958 2827 3049 2901 [Β.
3073 2825 3341 2899 XXXVII]
3366 2844 3410 2880 :c
3434 2826 3578 2879 Adeo
3613 2833 3671 2879 ut

2103 2943 2123 2975 c
2167 2924 2321 2994 plane
2343 2924 2487 2977 omni
2509 2923 2667 2977 modo
2699 2922 3043 2977 manifestum
3071 2922 3251 2987 fuerit,
3271 2920 3475 2977 nullum
3506 2920 3669 2974 alium

2103 3033 2122 3064 ι
2166 3026 2357 3068 nomen
2384 3012 2668 3067 aeternitati
2692 3010 2849 3065 Verbi
2867 3013 3250 3067 convenienter
3272 3011 3667 3073 ascribendum,

2104 3127 2121 3159 ι
2164 3122 2321 3176 quam
2348 3106 2449 3161 hoc
2475 3105 2671 3175 ipsum,
2696 3105 2837 3174 quod
2868 3120 2897 3156 a
2929 3104 3270 3159 sanctissimo
3306 3103 3398 3157 Dei
3425 3101 3672 3171 apostolo

2104 3218 2123 3249 ι
2165 3210 2218 3253 et
2247 3199 2513 3267 discipulo
2557 3197 2788 3262 Joanne,
2841 3197 2890 3250 iu
2933 3197 3203 3266 principio
3232 3195 3450 3266 ponitur
3488 3193 3669 3247 Evanc

2106 3311 2123 3343 ‹
2164 3291 2307 3360 gelii.
2373 3290 2651 3361 Siquidem
2705 3291 2771 3354 is,
2831 3300 2952 3358 post
3006 3299 3335 3357 assumptam
3402 3300 3667 3349 carnem,

2106 3401 2124 3433 ι
2162 3384 2407 3437 Christus
2446 3391 2500 3436 et
2524 3380 3282 3450 Jesusprzedicatur,vitaque
3306 3388 3361 3432 et
3392 3379 3497 3441 via,
3530 3378 3664 3443 dies,

2106 3494 2123 3525 ‹
2170 3474 2515 3537 resurrectio,
2554 3474 2774 3537 ostium,
2807 3472 2981 3541 panis,
3018 3480 3070 3526 et
3104 3486 3222 3540 quae
3244 3479 3440 3525 castora
3471 3470 3543 3524 illi
3572 3484 3670 3526 no-

2106 3587 2123 3617 ι
2172 3567 2310 3621 mina
2370 3566 2423 3619 in
2483 3565 2780 3634 Scripturis
2847 3562 3213 3617 sacrosanctis
3274 3562 3662 3624 ascribuntur,

2108 3680 2125 3711 ι
2173 3670 2349 3714 tamen
2390 3675 2495 3714 non
2527 3660 2783 3712 debemus
2826 3659 3096 3726 ignorare,
3131 3655 3272 3724 quod
3317 3652 3566 3723 princeps
3592 3652 3667 3707 illi

430 3776 446 3808 ι
494 3758 684 3827 ὄνομα,
718 3756 798 3808 ὅτι
838 3753 1009 3822 Λόγος
1051 3751 1159 3823 (69)
1204 3746 1295 3822 ἧν.
1340 3750 1436 3803 Διὰ
1465 3749 1623 3802 τοῦτο
1668 3747 1796 3818 γὰρ,
1832 3745 1926 3800 καὶ
1974 3747 1998 3799 ό

2110 3770 2127 3802 ι
2173 3765 2363 3805 nomen
2414 3748 2649 3803 Verbum
2702 3746 2897 3803 fuerat.
2930 3744 3010 3801 0b
3061 3746 3199 3825 hanc
3230 3744 3401 3813 ipsam
3450 3756 3668 3795 causam

426 3868 445 3900 ι
489 3850 789 3919 ἀγιώτατος
830 3846 1218 3916 εὐαγγελιστὴς
1246 3844 1340 3898 καὶ
1378 3842 1620 3914 μαθητὴς
1643 3840 1734 3894 τοῦ
1764 3838 1991 3910 Κυρίου,

426 3962 445 3995 ι
493 3942 691 4013 σφόδρα
727 3939 1041 4012 ἐγρηγορὼς
1071 3938 1148 4009 τῷ
1182 3936 1470 4007 πνεύματι,
1500 3934 1597 4004 τῆς
1631 3932 1833 3986 ἄνωθεν
1871 3948 1997 4001 μνη-

425 4056 444 4087 (
494 4034 729 4106 μονεύων
763 4034 969 4105 ἀρχῆς,
1012 4032 1104 4084 καὶ
1160 4028 1382 4100 μηδενὸς
1421 4025 1532 4098 (70)
1576 4023 1862 4094 νεωτέρου,
1901 4023 1997 4075 Ἑν

426 4146 445 4178 ι
492 4125 647 4197 ἀρχῇ
686 4122 764 4195 ἦν
790 4128 821 4179 ό
861 4125 1066 4193 Λόγος,
1112 4121 1235 4191 ἔφη,
1280 4119 1377 4172 καὶ
1417 4121 1450 4171 ό
1488 4118 1676 4184 Λόγος
1725 4110 1804 4183 ἦν
1847 4110 1996 4181 πρὸς

426 4238 445 4270 ι
491 4209 606 4272 τὸν
633 4216 800 4280 Θεὸν,
828 4216 925 4269 καὶ
966 4213 1108 4279 Θεὸς
1144 4208 1223 4283 ἦν
1259 4215 1290 4264 ό
1318 4212 1527 4279 Λόγος,
1563 4209 1652 4263 ἵνα
1678 4206 1826 4277 δείξῃ
1860 4204 1913 4256 sl’
1940 4222 1993 4257 τι

428 4330 446 4357 σ
493 4310 673 4375 καινὸν
700 4311 793 4363 καὶ
831 4307 1090 4378 νεώτερον
1117 4305 1307 4374 ὄνομα,
1338 4302 1478 4355 τοῦτ’
1518 4299 1624 4353 ἀπὸ
1658 4298 1756 4369 τῆς
1804 4296 1995 4366 καινῆς

427 4424 446 4457 t
494 4404 638 4475 αὐτῷ
685 4404 779 4457 καὶ
818 4402 943 4464 νέας
972 4398 1177 4473 ὑπῆρξε
1212 4395 1353 4450 κατὰ
1398 4394 1574 4464 σάρκα
1616 4390 1943 4459 οἰκονομίας.
1971 4406 1989 4438 ι

423 4498 532 4551 Καὶ
564 4495 689 4566 ὲξῆς
737 4494 1005 4561 ἐπιλέγει·
1050 4510 1066 4541 ι
1097 4489 1323 4551 Οὐκοῦν,
1370 4485 1475 4557 πρὸ
1521 4484 1619 4556 μὲν
1662 4479 1755 4534 τοῦ
1806 4478 1997 4531 κατελ-

429 4611 447 4643 ι
494 4590 604 4644 θεῖν
656 4588 748 4642 καὶ
799 4586 885 4639 διά
930 4586 1028 4655 τῆς
1068 4581 1339 4653 Παρθένου
1382 4577 1670 4647 τεχθῆναι,
1719 4574 1889 4641 Λόγος
1927 4566 1994 4641 ἦν

415 4705 432 4733 ι
497 4685 673 4756 μόνον.
714 4682 887 4743 Ἐπεὶ,
917 4678 969 4729 τί
1000 4676 1111 4747 (71)
1146 4676 1330 4744 ἕτερον
1361 4668 1450 4742 ἦν,
1485 4671 1589 4740 πρὸ
1621 4668 1714 4721 τοῦ
1761 4667 1859 4737 τὴν
1900 4666 1993 4717 ἀν-

417 4798 434 4827 ι
494 4776 771 4847 θρωπίνην
796 4771 1082 4826 ἀναλαϐεῖν
1110 4769 1287 4839 σάρκα
1317 4765 1379 4817 τὸ
1415 4760 1670 4815 κατελθὸν
1702 4761 1787 4812 ἐπ’
1829 4756 1992 4827 ὲσχά·

416 4893 434 4922 ι
493 4888 601 4927 των
628 4868 735 4921 τῶν
776 4863 1034 4937 ήμερῶν;
1076 4861 1149 4923 ὡς
1190 4858 1283 4911 καὶ
1318 4854 1477 4917 αὐτὸς
1522 4853 1746 4923 ἔγραφε.
1794 4849 1903 4901 Καὶ
1934 4848 1995 4899 τὸ

417 4984 434 5013 ι
490 4960 747 5033 γεννηθὲν
774 4961 840 5012 ὲκ
888 4957 985 5027 τῆς
1031 4952 1188 5022 ἁγίας
1222 4949 1517 5021 Παρθένου,
1559 4946 1709 4999 οὐδὲν
1740 4943 1923 5013 ἕτερον
1958 4940 1990 5011 ἢ

418 5079 435 5107 ‹
499 5056 729 5123 Λόγος.»
782 5050 893 5105 Καὶ
938 5047 1098 5101 πάλιν
1150 5042 1430 5113 ἐπιφέρει·
1487 5059 1504 5091 ι
1540 5037 1808 5108 Πρότερον
1863 5034 1991 5105 γὰρ,

419 5163 435 5195 ι
495 5143 682 5215 ὥσπερ
728 5139 983 5201 πολλάκις
1017 5136 1172 5206 ἔφην,
1199 5133 1349 5189 οὐδὲν
1377 5132 1560 5201 ἕτερον
1591 5125 1725 5200 ἦνῆ
1755 5125 1943 5194 Λόγος.
1969 5144 1987 5175 ι

507 5290 564 5349 >14
601 5285 700 5342 Ed.
726 5283 1065 5350 Paris.,pag.
1089 5278 1175 5333 8|.
1228 5277 1271 5308 ⁷⁷
1306 5274 1439 5329 Gen.
1478 5290 1520 5339 ι,
1551 5268 1641 5323 26.
1716 5266 1761 5298 ⁷⁸
1788 5264 1945 5320 Joau.
1970 5280 2010 5331 ι,
2044 5265 2094 5319 1.

501 5450 613 5521 (67)
658 5446 931 5521 Kalj'loir
953 5440 1338 5521 μοιςοζενοῇς.
1390 5437 1561 5521 Patet.
1600 5432 1996 5521 legendum-(en

432 5506 743 5578 columem
772 5506 987 5586 Πατέρξι
1020 5506 1151 5586 nos
1185 5511 1276 5586 τοῦ
1304 5527 1421 5579 μον.
1456 5516 1504 5561 et
1530 5506 1698 5586 delevi
1742 5518 1864 5586 mox
1888 5506 1997 5554 τῶν

435 5574 565 5648 ante
581 5574 819 5656 αἰώνων)
852 5574 1068 5656 Πατέρα
1096 5583 1226 5656 λ’ίοῦ
1282 5574 1619 5656 μονογενοῦςτ
1665 5574 1855 5656 Statim
1887 5586 2000 5656 _t_'e-

432 5637 760 5725 Eé'r'tiié,'35'£
774 5637 1078 5725 ἔδιξῐὲὸύέῳ
1107 5653 1210 5723 [sic
1239 5637 1294 5709 ei
1319 5637 1498 5717 codd,
1534 5637 1692 5716 vulgo
1713 5637 1858 5702 ὦδεῖ.
1887 5641 1957 5697 Μ.

506 5732 615 5805 (68)
646 5730 813 5802 Vulgo
844 5729 959 5783 ἐστὶ
983 5726 1160 5797 δῆλον.

2103 3859 2120 3895 ι
2164 3839 2535 3893 sanctissimus
2577 3836 2904 3906 evangelista
2961 3845 3014 3889 et
3077 3832 3369 3903 discipulus
3418 3829 3665 3895 Domini,

2107 3949 2125 3982 σ
2170 3930 2320 3984 valde
2347 3931 2563 4000 quidem
2591 3930 2676 3983 ille
2702 3930 2891 3998 spiritu
2924 3927 3180 3997 vigilans,
3212 3927 3300 3979 ubi
3326 3924 3491 3987 illius,
3520 3920 3665 3991 quod

2106 4044 2123 4077 ι
2162 4024 2368 4079 eratab
2397 4024 2541 4079 omni
2576 4034 2722 4077 retro
2755 4023 3059 4076 aeternitate
3096 4020 3347 4090 principii
3391 4014 3662 4078 meminit,

2105 4135 2122 4168 ι
2171 4130 2266 4168 nec
2296 4114 2520 4173 inferius
2547 4115 2902 4178 descendens,
2944 4112 3010 4167 In
3044 4112 3319 4182 principio,
3356 4109 3513 4172 dixit,
3551 4115 3664 4160 erat

2103 4226 2121 4258 ι
2171 4204 2434 4261 Verbum:
2465 4216 2512 4258 et
2565 4204 2785 4258 Verbum
2848 4215 2958 4259 erat
2999 4204 3137 4272 apud
3176 4202 3343 4255 Deum
3370 4217 3388 4251 :
3427 4209 3473 4253 ct
3525 4198 3663 4251 Deus

2104 4319 2118 4349 ι
2156 4308 2265 4352 erat
2314 4296 2448 4351 illud
2500 4296 2726 4350 Verbum
2743 4297 2809 4359 ⁷⁸,
2867 4306 2921 4349 ut
2953 4296 3031 4349 sic
3070 4293 3406 4356 ostenderet,
3442 4292 3485 4345 si
3516 4291 3661 4358 quod

2104 4410 2120 4441 ε
2162 4390 2305 4442 aliud
2333 4390 2398 4443 de
2422 4403 2559 4442 novo
2582 4399 2635 4441 et
2658 4389 2916 4443 novitium
2948 4386 3021 4440 illi
3057 4385 3415 4454 adaptabatur
3442 4397 3661 4447 nomen,

2104 4500 2121 4531 ι
2166 4482 2289 4534 illud
2316 4481 2364 4535 ei
2399 4479 2713 4543 accessisse,
2748 4496 2776 4532 a
2810 4494 2943 4531 nova
2977 4476 3063 4529 illa
3094 4491 3188 4529 sua
3222 4472 3515 4530 secundum
3541 4487 3665 4526 car-

2103 4592 2121 4623 ι
2165 4589 2283 4626 nem
2309 4572 2730 4641 dispensatione.
2781 4589 2800 4622 ι
2835 4567 3042 4636 Quibus
3069 4566 3317 4633 adjunxit
3345 4566 3396 4618 in
3431 4578 3665 4632 sequen-

2098 4666 2275 4719 tibus:
2315 4685 2332 4717 ι
2371 4666 2637 4732 Quocirca
2666 4664 2976 4735 priusquam
3002 4660 3105 4712 huc
3134 4658 3199 4712 ad
3240 4674 3336 4712 nos
3366 4657 3660 4711 descende-

2105 4777 2122 4811 ι
2167 4766 2266 4822 ret,
2302 4769 2354 4813 et
2399 4760 2463 4811 de
2514 4757 2730 4827 Virgine
2770 4761 3101 4815 nasceretur,
3132 4749 3359 4805 Verbum
3395 4764 3493 4803 nec
3528 4764 3664 4817 pra:-

2102 4870 2119 4903 ι
2163 4864 2304 4905 terea
2336 4851 2622 4921 quidquam
2648 4850 2766 4904 fuit.
2794 4848 2925 4903 Nam
2953 4846 3077 4917 quid
3116 4853 3231 4898 erat
3254 4842 3427 4907 aliud,
3455 4854 3663 4909 qttteso,

2102 4963 2118 4994 ι
2165 4944 2470 5011 priusquam
2511 4943 2794 4994 humanam
2844 4949 3139 4994 assumeret
3174 4950 3413 4996 carnem,
3442 4934 3491 4986 id
3522 4930 3666 5000 quod

2102 5056 2119 5085 ι
2164 5035 2435 5091 descendit
2466 5035 2516 5086 in
2543 5034 2846 5087 novissimis
2879 5031 3101 5086 diebus?
3128 5028 3266 5099 quod
3302 5037 3354 5079 et
3389 5026 3560 5087 ipsum
3598 5023 3665 5077 ab

2105 5146 2122 5178 ς
2162 5143 2227 5182 eo
2261 5128 2517 5196 scriptum
2542 5124 2856 5182 allirmatur.
2886 5124 3188 5186 Enimvero,
3219 5116 3356 5188 quod
3381 5118 3448 5170 de
3478 5124 3664 5167 sancta

2170 5436 2281 5505 (69)
2307 5434 2476 5499 Vulgo
2507 5434 2600 5485 ὢν.

2172 5490 2282 5574 imi
2310 5490 2439 5559 Post
2463 5508 2513 5556 ιι.
2550 5519 2597 5554 v.
2629 5501 2694 5553 It.
2720 5499 2975 5568 ὀνόματος
2993 5495 3233 5568 ἐμνήσθη
3250 5494 3329 5550 vel
3347 5493 3519 5549 simile
3535 5490 3668 5563 quid

2100 5579 2364 5631 excidisse
2394 5575 2582 5629 credit.

2169 5649 2279 5718 (7t)
2307 5645 2477 5717 Vulgo
2503 5639 2569 5715 ἦν
2599 5642 2816 5714 ἕτεροις
2848 5656 2969 5698 mox
3010 5640 3163 5712 vulgo
3190 5633 3415 5709 ἔγραψε.
