4086 6202
454 235 615 297 ,865

1174 243 1444 303 EUSEBII
1484 251 1964 316 CAESARIENSIS
2000 262 2153 320 OPl’.
2194 268 2375 325 PARS
2410 272 2499 329 IV.
2540 307 2609 319 -—
2647 280 3067 345 DOGMATICA.

3653 298 3760 353 86$

514 374 532 405 ι
575 352 795 425 Virgine
826 360 1173 424 nascebatur,
1219 366 1350 421 nihil
1386 370 1485 424 nisi
1528 372 1760 430 Verbum
1792 390 1926 435 erat.
1972 401 1990 434 ι
2022 384 2045 437 E

514 443 768 482 :nhinl‘nrt
793 448 1054 482 Ann-mil.)
1111 452 1179 482 γι
1206 453 1266 482 III
1290 458 1385 482 ..λιι
1436 476 1462 482 _
1513 463 1582 482 ην
1626 463 1662 482 n
1707 464 1755 482 η
1809 467 2021 482 νην-ν-..

2153 433 2158 444 .
2186 389 2298 443 Καὶ
2328 395 2678 467 προστίθησιν
2705 396 2858 466 αὖθις
2887 404 3112 473 φάσκων
3130 425 3143 438 υ
3181 427 3199 460 ι
3234 409 3293 463 '0
3328 411 3426 480 μὲν
3455 411 3564 482 γὰρ
3586 413 3762 482 Λόγος

506 443 776 501 subinferl.
793 448 967 503 denuo
989 449 1080 521 [Β.
1111 452 1267 509 XLIII
1287 458 1409 515 coll.
1436 476 1488 529 p.
1513 463 1605 525 55,
1625 463 1683 517 D.
1707 464 1773 520 R'.
1809 467 2071 545 XXXVI]

509 556 525 586 ι
577 536 734 592 Prius
767 543 934 606 enim,
969 547 1042 599 uti
1075 548 1275 603 dictum
1304 562 1387 606 est
1417 569 1578 623 saepe,
1624 557 1754 613 nihil
1805 564 1907 617 nisi
1945 564 2076 620 Ver-

506 644 523 672 ι
570 627 910 684 bumfuerat.
953 652 971 685 ι
1022 636 1101 688 Ad
1147 653 1265 707 qum
1310 641 1560 712 deinceps
1609 650 1871 704 accedunt
1925 654 2069 709 ista:

503 736 521 765 ι
569 718 801 774 Verbum
829 724 1041 791 quidem
1077 728 1126 781 in
1170 731 1435 802 principio
1475 748 1609 799 erat,
1638 740 1770 794 nihil
1807 745 2073 803 exsisteus

504 828 520 855 ι
566 810 733 875 aliud,
762 828 922 881 quam
949 816 1207 875 Verbum.
1245 823 1417 881 Verbo
1447 833 1785 888 autem'huic
1817 837 2070 895 adunitus

501 918 519 946 ε
567 900 749 966 homo,
782 920 901 959 cum
928 910 1075 975 prius
1093 927 1195 967 non
1215 926 1387 982 esset,
1419 919 1577 973 homo
1600 920 1778 989 ﬁebat,
1806 928 1946 996 quod
1973 945 2070 984 nos

499 1008 515 1039 ι
568 990 748 1047 docuit
790 994 1066 1055 Joannes:
1104 1002 1173 1057 Et
1221 1004 1442 1062 Verbum
1491 1026 1615 1065 caro
1661 1018 1857 1083 factum
1891 1030 1966 1073 est
1998 1023 2066 1086 "',

498 1100 516 1128 ι
560 1091 617 1136 ut
661 1085 827 1142 solius
874 1088 1034 1145 Verbi
1072 1096 1321 1151 videatur
1359 1103 1425 1154 ob
1480 1104 1583 1158 hoc
1634 1106 1805 1175 ipsum
1870 1110 2069 1169 fecisse

498 1191 515 1221 ι
561 1178 911 1237 mentionem.
960 1182 1092 1238 Nam
1140 1188 1254 1243 sive
1287 1191 1509 1258 Christi,
1542 1210 1636 1250 seu
1666 1200 1900 1256 numinis
1938 1200 2065 1259 Jesu

496 1286 514 1316 ι
562 1272 903 1327 meminerint
934 1290 1104 1333 Sacrae
1122 1280 1360 1349 Littene,
1388 1286 1636 1341 videnlur
1656 1290 1741 1344 his
1760 1294 2065 1352 nominibus

498 1377 515 1407 ι
552 1362 876 1430 compellare
901 1363 1137 1423 Verbum
1182 1372 1310 1427 illud
1355 1375 1470 1440 Dei,
1515 1383 1573 1441 ᾖ
1615 1391 1735 1449 post
1759 1396 2061 1452 susceptam

494 1469 513 1498 ι
556 1466 797 1511 carnem.
862 1456 1014 1523 Quod
1058 1461 1100 1513 si
1160 1464 1284 1532 quis
1336 1471 1602 1536 receperit
1631 1487 1687 1527 se
1720 1483 2060 1532 ostensurum

494 1561 510 1590 ι
557 1558 746 1597 nomen
781 1545 1001 1616 Christi,
1035 1550 1190 1615 Filii,
1225 1565 1349 1609 ante
1385 1556 1517 1611 Novi
1548 1560 1883 1619 Testamenti
1924 1577 2062 1622 tem-

494 1651 511 1681 ι
554 1649 680 1701 pora
702 1651 1041 1706 usurpatum,
1069 1654 1122 1697 et
1144 1643 1313 1700 Verbo
1339 1652 1653 1718 ascriptum,
1675 1652 1719 1708 is
1743 1655 1877 1709 sciat
1898 1671 2059 1727 opor-

497 1743 513 1772 ι
561 1734 654 1791 tet,
696 1726 809 1782 haec
854 1732 1034 1785 omnia
1072 1736 1387 1803 prophetice
1445 1740 1517 1794 ita
1556 1742 1719 1799 dicta.
1758 1764 1777 1798 ι
1833 1746 1899 1801 Et
1942 1758 2063 1818 post
2096 1737 2137 1791 Β

486 1826 680 1870 «-:etera
717 1819 984 1877 subinfert
1021 1825 1316 1894 inquiens:
1352 1848 1370 1881 ι
1411 1830 1527 1888 Νοη
1563 1835 1831 1892 immerito
1861 1840 2056 1910 igitur,

492 1925 508 1955 ι
560 1907 661 1965 iam
712 1926 855 1981 saepe
898 1913 1159 1982 diximus,
1199 1929 1324 1976 ante
1370 1939 1525 1979 suum
1567 1928 1885 1986 descensum
1942 1945 2060 1991 erat

487 2019 505 2047 ί
550 1997 780 2055 Verbum
808 2020 822 2056 :
855 2015 975 2074 post
1007 2008 1325 2065 descensum
1349 2023 1403 2068 et
1429 2018 1607 2073 carnis
1628 2023 2048 2091 assumptionem

487 2113 506 2143 ι
546 2097 724 2151 varias
767 2099 959 2154 exinde
1006 2103 1393 2170 appellationes
1432 2111 1689 2167 obtinuit.
1751 2134 1769 2168 ι
1813 2116 1876 2171 Et
1936 2119 2050 2175 hzec

479 2194 606 2237 sunt
634 2187 851 2254 quidem
890 2189 999 2252 illa,
1056 2192 1252 2260 quibus
1280 2195 1714 2265 demonstratur,
1738 2202 2045 2261 Marcellum

479 2274 873 2341 deprehensum
898 2279 1095 2333 Filium
1124 2282 1215 2336 Dei
1236 2283 1381 2339 illum
1411 2288 1677 2344 viventem
1718 2308 1844 2349 vere
1866 2306 1919 2349 et
1948 2313 2045 2352 ex-

478 2370 758 2425 sistentem
801 2388 928 2428 vere
962 2376 1259 2447 abnegasse
1289 2396 1301 2431 :
1340 2390 1395 2436 et
1426 2384 1624 2440 nudum
1667 2397 1873 2445 tantum
1909 2392 2043 2449 Ver-

476 2460 604 2513 bum
626 2460 932 2533 imaginari.
967 2465 1073 2522 Sed
1100 2478 1155 2524 et
1186 2470 1404 2542 insuper
1438 2488 1679 2547 apparet,
1717 2496 1783 2535 ex
1820 2484 1884 2539 iis
1923 2502 2043 2555 quae

474 2548 528 2603 in
560 2554 988 2620 pracedentibus
1016 2558 1083 2612 de
1126 2560 1292 2629 ipsius
1335 2563 1474 2621 libro
1518 2569 1691 2637 posita
1743 2583 1890 2640 sunt,
1952 2592 2045 2631 cu-

467 2637 708 2709 jusmodi
741 2644 889 2698 illum
916 2648 1150 2703 Verbum
1180 2667 1301 2707 esse
1329 2657 1669 2725 opinabatur,
1699 2677 1819 2717 cum
1852 2675 2040 2721 exem-

473 2729 563 2800 plo
588 2733 654 2787 de
680 2735 915 2791 humano
945 2740 1111 2795 verbo
1138 2754 1399 2801 uteretur.
1452 2747 1625 2803 Unum
1653 2767 1844 2825 nempe
1871 2757 2041 2813 idem-

2181 498 2199 531 ι
2247 482 2306 534 ὲν
2354 484 2495 556 ἀρχῇ
2534 483 2622 559 ἦν,
2661 493 2824 564 μηδὲν
2872 496 3057 570 ἓτερον
3099 499 3175 553 ὢν
3220 501 3252 571 ἢ
3296 501 3486 571 Λόγος
3517 506 3547 558 ὁ
3578 506 3634 559 δὲ
3682 508 3767 577 τῷ

2180 590 2198 621 ι
2244 573 2403 645 Λόγῳ
2439 577 2661 645 ὲνωθεὶς
2708 583 3015 657 ἄνθρωπος,
3058 592 3158 644 οὑκ
3190 592 3265 645 ὢν
3303 594 3566 666 πρότερον
3597 573 3768 665 γέγολ-

2179 681 2197 714 ι
2246 683 2333 719 νεν
2380 668 2683 741 ἄνθρωπος,
2714 674 2789 739 ὡς
2831 677 3068 735 διδάσκει
3117 684 3263 754 ἡμᾶς
3313 685 3424 756 (72)
3461 687 3717 759 Ἰωάννης
3740 706 3759 719 ⁹

2180 773 2198 804 ι
2245 757 2354 809 Καὶ
2388 761 2421 809 ὁ
2470 764 2663 831 Λόγος
2708 765 2866 833 σὰρξ
2916 768 3170 838 ἐγένετο.
3226 772 3326 826 Διά
3370 774 3528 827 τοῦτο
3572 757 3762 829 τοίνυν

2178 865 2196 897 ι
2242 848 2336 901 τοῦ
2368 852 2541 919 Λόγου
2580 859 2933 927 μνημονεύων
2975 864 3219 929 φαίνεται
3267 867 3442 936 μόνον.
3478 868 3599 921 Εἴτε
3644 868 3759 940 γὰρ

2176 958 2195 991 ι
2255 941 2450 1013 Ἰησοῦ.
2488 946 2599 999 εἴτε
2631 950 2867 1019 Χριστοῦ
2898 953 3157 1025 ὀνόματος
3199 960 3523 1029 μνημονεύοι
3560 961 3593 1031 ἡ
3631 960 3758 1013 θεία

2174 1047 2194 1080 ι
2243 1031 2450 1104 Γραφὴ,
2478 1035 2567 1088 τὸν
2602 1038 2738 1106 μετά
2767 1041 2867 1111 τῆς
2889 1042 3233 1117 ἀνθρωπίνης
3270 1047 3398 1101 ὄντα
3427 1047 3630 1120 σαρκὸς
3654 1048 3754 1103 τοῦ

2177 1140 2195 1173 ι
2243 1124 2378 1177 Θεοῦ
2412 1127 2582 1195 Λόγον
2608 1132 2896 1201 ὀνομάζειν
2936 1137 3204 1205 φαίνεται.
3238 1141 3301 1192 El
3322 1139 3378 1193 δέ
3413 1158 3496 1203 τις
3522 1140 3616 1194 καὶ
3642 1142 3755 1213 πρὸ

2174 1231 2192 1264 ι
2237 1215 2337 1286 τῆς
2368 1217 2511 1281 Νέας
2534 1220 2825 1293 Διαθήκης,
2848 1224 2954 1295 (75)
2986 1227 3078 1279 τοῦ
3110 1229 3368 1298 Χριστοῦ,
3396 1230 3526 1283 Υἱοῦ
3554 1231 3748 1302 δνομα,

2172 1323 2191 1356 ι
2239 1307 2347 1374 (74)
2374 1308 2449 1379 τῷ
2483 1310 2639 1382 Λόγῳ
2670 1315 2816 1385 μόνῳ
2858 1316 3128 1371 δεικνύναι
3168 1320 3423 1374 δύνασθαι
3472 1322 3747 1393 ἐπαγγέλ-

2171 1415 2189 1447 ι
2234 1396 2396 1462 λοιτο,
2423 1400 2643 1471 εὑρήσει
2674 1405 2831 1459 τοῦτο
2860 1409 3211 1481 προφητικῶς
3246 1413 3549 1483 εἰρημένον.
3577 1434 3594 1466 ι
3633 1417 3750 1470 Καὶ

2170 1690 2189 1721 ι
2236 1673 2438 1741 Λόγος·
2470 1678 2608 1747 μετά
2650 1681 2705 1733 δὲ
2738 1681 2833 1753 τὴν
2865 1685 3107 1749 κάθοδον,
3139 1688 3233 1741 καὶ
3271 1688 3367 1761 τὴν
3409 1690 3506 1761 τῆς
3544 1691 3743 1763 σαρκὸς

2174 1781 2191 1812 ι
2238 1763 2503 1837 ἀνάληψιν
2564 1770 2835 1843 διαφόρων
2902 1777 2994 1829 καὶ
3028 1779 3167 1831 τῶν
3222 1781 3529 1852 ὲπηγοριῶν
3581 1782 3742 1836 τετύ-

2174 1872 2193 1904 ι
2238 1873 2391 1925 χηκε.
2423 1878 2440 1910 ι
2484 1860 2669 1916 Ταῦτα
2716 1866 2814 1935 μὲν
2841 1865 2953 1930 οὖν,
2980 1870 3045 1923 δι’
3081 1864 3155 1923 ὧν
3180 1872 3497 1943 Μάρκελλος
3526 1874 3743 1929 ἁλίσκε-

2164 1963 2275 2008 ται,
2316 1948 2405 2002 τὸν
2444 1952 2541 2021 μὲν
2571 1955 2697 2009 Υἰὸν
2724 1957 2817 2011 τοῦ
2854 1960 2987 2014 Θεοῦ
3016 1962 3108 2016 τὸν
3144 1964 3292 2029 ὄντα,
3322 1967 3415 2018 καὶ
3441 1966 3619 2030 ζῶντα
3647 1968 3741 2023 καὶ

2155 2036 2369 2107 ἀληθῶς
2397 2040 2521 2096 Υίὸν
2552 2044 2679 2099 ὄντα
2705 2047 3056 2121 ἀρνούμενος,
3102 2054 3272 2123 Λόγον
3310 2055 3366 2108 δὲ
3400 2056 3552 2127 ψιλὸν
3588 2058 3740 2112 εἰσά-

2154 2145 2285 2196 γων.
2325 2132 2602 2190 Δέδεικται
2635 2138 2692 2192 δὲ
2724 2140 2812 2193 διὰ
2843 2141 2949 2194 τῶν
2994 2143 3300 2216 ἔμπροσθεν
3328 2147 3738 2218 παρατεθεισῶν

2152 2222 2315 2276 αὑτοῦ
2348 2228 2538 2295 φωνῶν
2578 2232 2670 2284 καὶ
2698 2234 2878 2287 ὁποῖον
2908 2237 3068 2290 αὑτὸν
3101 2236 3237 2292 εἶναι
3260 2240 3427 2309 Λόγον
3456 2240 3739 2293 ὑπετίθετο

2154 2317 2560 2388 παραδείγματι
2594 2324 2871 2395 χρώμενος
2909 2328 2985 2399 τῷ
3020 2330 3344 2404 ἀνθρωπείῳ
3388 2334 3549 2403 λόγῳ,
3578 2334 3636 2386 ἓν
3678 2351 3736 2387 τε

2154 2407 2247 2458 καὶ
2280 2409 2473 2465 ταύτὸν
2504 2409 2641 2467 εἶναι
2673 2417 2847 2486 λέγων
2881 2421 3043 2476 αὑτὸν
3084 2422 3161 2493 τῷ
3194 2424 3331 2494 Θεῷ.
3360 2425 3469 2477 Καὶ
3501 2425 3564 2494 δὴ
3607 2423 3735 2478 ταύ-

2150 2514 2251 2570 την
2295 2502 2466 2574 ἀρχὴν
2519 2508 2998 2583 ὑποστησάμενος,
3057 2516 3361 2581 ἀκολούθως
3402 2519 3466 2570 ὲκ
3498 2517 3597 2586 τῆς
3645 2516 3733 2570 5o-

2152 2586 2337 2661 οείσης
2365 2593 2513 2665 αὐτῷ
2560 2596 2911 2665 ὑποστάσεως
2953 2603 3043 2656 ἐπὶ
3090 2603 3151 2657 τὸ
3184 2605 3608 2674 καταψεύδεσθαι
3636 2606 3733 2675 τῆς

2150 2677 2506 2739 θεοπνεύστου
2538 2690 2758 2763 Γραφῆς
2794 2693 3148 2765 διαστρόφους
3177 2715 3235 2750 τε
3270 2698 3439 2768 αὑτῆς
3468 2697 3731 2752 ποιεῖσθαι

2147 2771 2245 2836 τὰς
2271 2776 2583 2848 ἑρμηνείας.

2226 2826 2242 2836 .
2280 2826 2583 2848 ,την--..ν-

472 2839 579 2892 que
626 2826 771 2882 illum
825 2846 946 2885 cum
994 2833 1104 2888 Deo
1153 2851 1273 2892 esse
1324 2849 1586 2897 statuens.
1642 2844 1753 2901 lloc
1785 2854 1851 2903 ad
1905 2852 2049 2913 hunc
2124 2867 2346 2923 modum
2412 2877 2708 2930 constituto
2737 2880 3007 2950 principio
3050 2896 3446 2952 consequenter
3476 2884 3541 2939 ad
3588 2883 3729 2940 hanc

471 2934 623 2972 suam
676 2924 1127 2992 suppositionem,
1185 2932 1358 2997 pergit
1402 2934 1467 2988 ad
1540 2939 1879 2997 mendacium
1934 2946 2227 3020 Scriptura:
2292 2924 2846 3036 impingendum,rel
2890 2924 2955 3027 αῖ]

471 3012 809 3036 A...-_.-_-=_
858 3032 904 3036 μ
958 3031 997 3036 ,ξ
1051 3022 1083 3036 -.

469 3012 736 3067 detortam
761 3015 813 3069 in
854 3022 1176 3075 sententiam
1207 3039 1377 3078 suam.

1097 3114 1245 3170 CAP.
1291 3118 1428 3174 XIX.

471 3196 814 3296 Quod’sacr'qz
832 3202 1141 3296 .Sgriptura',
1169 3225 1269 3296 non
1295 3217 1656 3296 tantummodo
1690 3218 1915 3296 Verbum
1947 3245 2045 3296 ap-

534 3270 721 3354 pellent
755 3272 848 3327 Dei
872 3272 926 3354 _F
932 3270 1100 3340 ilium,
1128 3270 1222 3354 sed
1258 3286 1512 3337 sexcentis
1547 3270 1665 3342 aliis
1947 3270 2048 3354 2'3-

537 3340 785 3406 minibus,
814 3346 974 3399 etiam
1000 3357 1121 3403 ante
1146 3351 1564 3408 incarnationem
1585 3374 1760 3418 suam.

541 3427 617 3483 De
639 3432 834 3498 quibus
856 3437 1098 3504 quidem.
1120 3440 1165 3494 si
1192 3441 1243 3495 in
1277 3448 1549 3513 praesenti,
1577 3452 1850 3525 paulisper
1875 3458 2042 3531 dispi-

468 3525 697 3589 ciamus,
737 3540 846 3580 non
889 3529 1122 3587 absurde
1148 3532 1390 3590 facturos
1410 3538 1759 3611 arbitramur,
1789 3556 1846 3602 ut
1870 3551 2039 3619 ignari

465 3614 657 3667 barum
690 3631 869 3671 rerum
906 3620 1230 3693 intelligant,
1271 3628 1474 3684 nullam
1513 3633 1671 3702 plane
1703 3637 2038 3708 Scripturam

465 3705 615 3761 illius
651 3708 835 3765 favere
872 3714 1134 3782 opinioni,
1164 3717 1255 3784 qui
1295 3721 1521 3775 novitati
1569 3728 1794 3782 studens
1892 3743 2038 3788 recta

463 3798 570 3851 lide
610 3800 921 3855 aberravit:
952 3804 1061 3858 imo
1085 3806 1242 3875 plane
1272 3812 1605 3868 contrarium
1646 3819 2039 3888 proloquantur

462 3905 681 3944 omnes:
700 3894 1063 3950 etocclamant
1078 3897 1195 3952 suis
1210 3900 1533 3959 testimoniis
1551 3918 1735 3963 contra
1756 3926 2037 3980 perversas

461 3980 633 4049 ipsius
672 3985 1029 4041 narrationes.
1063 3988 1296 4045 Omnino
1325 4001 1503 4048 autem
1536 4011 1757 4055 necesse
1777 4001 2035 4058 fuitistud

464 4070 705 4141 aggredi,
737 4085 1019 4141 promeres
1064 4080 1206 4147 quod
1237 4090 1385 4147 sunt,
1414 4085 1503 4152 qui
1539 4089 1842 4156 suspiciunt
1870 4094 2033 4149 istum

459 4160 758 4231 hominem,
808 4182 875 4221 ne
926 4168 1046 4237 quis
1111 4168 1345 4226 fortasse
1400 4174 1467 4229 de
1498 4175 1713 4234 illorum
1785 4198 2031 4251 numero,

459 4267 555 4324 per
614 4270 891 4313 sacrarum
978 4259 1307 4318 Litterarum
1388 4266 1771 4339 ignorantiam,
1844 4278 2033 4331 existi-

458 4355 570 4401 met
608 4348 772 4405 ferire
807 4352 952 4406 illum
972 4368 1193 4424 scopum
1235 4357 1500 4415 veritatis.
1542 4363 1717 4431 Atque
1746 4365 1875 4420 illud
1906 4380 2031 4423 ante

455 4440 562 4495 alia
597 4440 650 4496 in
686 4445 1042 4511 quazstionem
1075 4464 1351 4515 vocemus,
1396 4454 1539 4521 quod
1569 4454 1834 4511 allirmare
1866 4476 2028 4517 ausus

454 4540 557 4594 est,
593 4533 789 4590 Filium
824 4538 911 4592 Dei
938 4538 1079 4594 nullo
1104 4541 1211 4596 alio
1244 4544 1483 4611 nomine,
1519 4546 1621 4601 nisi
1653 4549 1812 4605 Verbi
1841 4564 2024 4609 notum

457 4622 833 4692 appellatione,
900 4629 1213 4700 priusquam
1278 4635 1341 4689 de
1396 4636 1621 4706 Virgine
1677 4654 2016 4703 nasceretur.

453 4707 618 4779 quue
644 4713 713 4767 ob
750 4729 869 4767 eam
895 4731 1117 4772 causam
1144 4722 1286 4789 quod
1316 4734 1443 4779 ante
1466 4730 1806 4795 praesentiam
1839 4734 2019 4789 incar-

450 4802 690 4858 nationis
721 4805 853 4860 nihil
879 4807 1022 4863 aliud
1068 4818 1126 4876 Ψ
1177 4828 1335 4881 quam
1379 4816 1613 4873 Verbum
1643 4832 1763 4875 erat
1794 4842 1808 4877 :
1846 4840 2023 4894 neque

448 4894 557 4949 alio
589 4896 700 4951 ullo
764 4901 1008 4968 nomine,
1051 4905 1153 4959 nisi
1203 4907 1517 4975 prophetice
1548 4923 1851 4969 vocaretur.
1890 4916 2023 4972 Ver-

528 5020 586 5079 ὦ
623 5015 717 5074 Ed.
753 5017 947 5088 Paris.,
980 5038 1102 5091 pag.
1143 5024 1323 5090 82,85.
1364 5026 1407 5057 ⁷⁹
1438 5025 1595 5083 Joau.
1628 5047 1665 5086 l.
1689 5032 1777 5086 l4.

524 5156 639 5228 (72)
683 5158 852 5231 Vulgo
948 5164 1119 5217 Ἰωάν.
1152 5163 1216 5220 II.
1250 5164 1473 5222 alterum
1496 5168 1779 5241 ἄνθρωπος
1801 5174 1940 5230 delet
1972 5186 2027 5233 et

452 5244 575 5281 mox
614 5247 773 5299 μονον
803 5235 966 5289 scrib.
1598 5235 1610 5241 ’

524 5301 632 5327 1⁸7Ἇὶ
694 5304 802 5327 ⁷⁷⁷-Ζ
864 5303 1112 5327 l’--.._-.".
1192 5306 1294 5327 ..-ε’
1338 5307 1476 5327 ναί-ν
1569 5308 1590 5327 I’
1622 5326 1627 5327 ,
1692 5326 1697 5327 ,
1770 5314 1782 5327 ι
1856 5314 1879 5327 ιι
1993 5315 2018 5327 υ

524 5301 803 5383 (ζῆ-,Τοῦ
854 5303 1133 5372 Χριστοῦ,
1188 5306 1297 5361 τοῦ
1338 5307 1500 5363 Υἱοῦ.
1567 5308 1803 5382 Legend.
1850 5314 1883 5383 ἢ
1926 5315 2020 5371 τοῦ

453 5367 609 5421 Υξοῦ.
642 5370 709 5422 Μ.

525 5440 637 5523 (74)
673 5439 765 5523 Τῷ
798 5444 961 5523 λόγω
996 5447 1182 5523 μόνῳ.
1245 5445 1487 5523 Ohscure
1517 5490 1532 5514 ,
1592 5460 1644 5505 et
1705 5452 2018 5523 imperfecte

454 5509 766 5590 ilhnl,quod
801 5509 1049 5590 τῷλόγῖρ
1082 5509 1246 5588 μόνῳ,
1284 5521 1421 5574 idem
1453 5509 1566 5587 est,
1600 5538 1661 5575 ac
1696 5523 1738 5577 si
1781 5509 2013 5590 'diceret,

448 5579 531 5649 τῷ
572 5578 713 5675 Myan
745 5578 902 5650 μονον
1158 5578 1329 5675 deest.
1355 5578 1574 5675 autem"
1602 5578 2013 5675 διαφερόμενον,

452 5650 897 5743 πρρστιθέμενον,
929 5667 1021 5710 aut
1050 5650 1221 5743 simile
1244 5660 1391 5743 quid.
1425 5661 1678 5743 Δοθείσης
1705 5650 2014 5743 αὑτῷ-ὑποξ

454 5720 718 5790 στάσεως,
757 5733 912 5779 antea
944 5729 1159 5781 memini
1188 5720 1439 5785 ὑπόθεσιν
1470 5720 1749 5804 δενίρῶιη,
1791 5720 1876 5789 ubi
1899 5746 2015 5793 erat

3009 2973 3156 3027 illam
3225 2974 3685 3045 iuterpretandam
3708 3015 3726 3041 ,

2790 3154 2946 3206 ΚΕΦ.
2990 3155 3086 3207 ΙΘ’.

2150 3233 2429 3317 Ὅπωςιαὶ
2457 3238 2601 3317 ρεῖαι
2621 3243 2849 3317 Γραφᾳὶ
2882 3246 2952 3298 οὐ
2972 3247 3174 3317 μόνον
3194 3248 3408 3316 Λόγον,
3430 3248 3589 3317 (ﬁeld
3620 3250 3720 3303 και

2210 3308 2397 3387 μυρία
2426 3308 2803 3387 ῌὲτερᾳίκᾲὶ
2875 3308 2996 3387 ,ττρό
3050 3315 3157 3382 τῆς
3216 3308 3721 3387 ἐνὶινθρώπήσεως

2214 3375 2515 3445 ὠνόμαζον
2545 3375 2653 3434 τὸν
2683 3382 2820 3437 Υἱόν
2849 3375 2955 3438 τοῦ
2987 3375 3154 3440 Θεοῦξ

2216 3465 2330 3533 (76)
2370 3462 2468 3521 Ὧν
2502 3470 2779 3542 βραχείας,
2809 3476 2900 3527 ἐπὶ
2927 3475 3018 3528 τοῦ
3055 3478 3334 3549 παρόντος,
3370 3478 3544 3541 καλῶς
3567 3479 3713 3551 ἔχειν

2143 3556 2314 3628 ἐφάνη
2344 3576 2431 3629 μοι
2459 3561 2871 3633 διασκέψασθαι,
2900 3571 3010 3631 τοῖς
3040 3586 3096 3621 τε
3122 3570 3397 3639 ἀγνοοῦσιν
3425 3570 3710 3640 ἐπιδεῖξαι,

2141 3648 2217 3712 ὡς
2260 3652 2481 3723 οὐδεμία
2528 3654 2626 3726 μὲν
2658 3656 2806 3728 αὑτῷ
2851 3661 3221 3732 νεωτερίζοντι
3254 3664 3345 3717 καὶ
3394 3665 3489 3736 τῆς
3529 3666 3715 3735 ὑγιοῦς

2143 3744 2526 3817 ἐκτρεπομὲνῳ
2579 3750 2812 3815 πίστεως
2863 3755 3077 3824 συνᾴδει
3142 3756 3351 3828 Γραφὴ,
3409 3758 3719 3812 τούναντίον

2140 3827 2195 3879 δὲ
2232 3832 2399 3884 πᾶσαι
2443 3834 2911 3906 ἀντιφθέγγονται,
2947 3842 3041 3895 καὶ
3088 3844 3551 3918 ἀντιμαρτυροῦσι
3598 3851 3720 3913 ταῖς

2139 3920 2237 3972 οὑκ
2273 3922 2446 3993 ὀρθῶς
2483 3927 2628 3997 αὑτῷ
2670 3931 3138 4004 παραληφθείσαις
3179 3936 3515 4008 διηγήσεσιν.
3542 3940 3719 4011 Ὅπερ

2138 4012 2301 4084 ἐχρῆν
2336 4017 2568 4095 μάλιστα
2598 4024 2709 4087 τοῖς
2753 4025 2845 4077 τὸν
2879 4026 3047 4098 ἄνδρα
3080 4029 3311 4100 τιμῶσιν
3352 4031 3711 4099 ἐνδείξασθαι,

2143 4092 2347 4176 μήποτή
2383 4111 2493 4181 ἄρα
2518 4130 2600 4177 τις
2661 4116 2840 4170 αὐτῶν
2869 4092 3093 4191 ἀπειρίᾳ
3126 4092 3237 4177 τῶν
3280 4124 3441 4180 θείων
3481 4127 3715 4196 ἀναγνω-

2141 4200 2325 4268 μάτων
2375 4206 2660 4274 τυγχάνειν
2702 4209 2863 4265 αὑτὸν
2909 4212 3003 4266 τοῦ
3060 4216 3157 4286 τῆς
3207 4217 3465 4290 ἀληθείας
3508 4223 3709 4277 σκοποῦ

2136 4292 2423 4360 νομίσειεν.
2460 4298 2569 4351 Καὶ
2596 4298 2658 4367 δὴ
2692 4300 2879 4356 τοῦτον
2906 4306 3118 4377 πρῶτον
3142 4307 3550 4382 διασκοπητέον,
3582 4314 3610 4365 ὂ
3639 4313 3704 4390 δὴ

2136 4383 2228 4436 καὶ
2252 4386 2584 4458 τετόλμηκεν
2614 4394 3015 4466 ἀποφήνασθαι,
3045 4400 3173 4471 πρὶν
3221 4403 3477 4474 τεχθῆναι
3500 4405 3584 4459 διὰ
3608 4383 3707 4476 τῆς

2137 4471 2410 4542 Παρθένου
2440 4476 2528 4530 τὸν
2546 4479 2670 4532 Υἱὸν
2690 4481 2783 4534 τοῦ
2807 4485 2964 4548 Θεοῦ,
2994 4488 3066 4555 μὴ
3092 4488 3201 4558 (77)
3221 4471 3518 4561 κεκλῆσθαι
3540 4471 3709 4566 ἑτέρῷ

2134 4561 2412 4635 ὀνόματιῆ
2450 4566 2638 4635 Λόγον.
2674 4572 2825 4640 Μηδὲ
2874 4575 2981 4646 γὰρ
3013 4572 3147 4630 εἶναι
3186 4582 3347 4635 αὑτόν
3378 4602 3431 4638 τι
3470 4587 3573 4657 πρὸ

2130 4652 2393 4723 ὲνσάρκου
2417 4660 2715 4729 παρουσίας
2736 4662 2767 4732 ἦ
2795 4663 2984 4732 Λόγον,
3012 4668 3133 4738 μηδ’
3152 4669 3463 4742 ὠνομάσθαι
3484 4652 3703 4745 ἑτέρως,

2129 4744 2176 4794 εξ
2218 4746 2290 4815 μὴ
2336 4747 2441 4815 ἄρα
2483 4756 2865 4822 προφητικῶς·
2910 4758 3081 4826 Λόγον
3144 4760 3252 4831 γὰρ
3306 4759 3445 4817 εἷναί
3498 4744 3702 4822 τεκαὶ

2131 4831 2464 4902 ὠνομάσθαι,
2498 4842 2591 4893 καὶ
2634 4843 2785 4896 οὐδὲν
2832 4845 3016 4915 ἕτερον
3067 4851 3281 4917 φάσκει,
3326 4854 3462 4923 μετά
3512 4856 3567 4909 δὲ
3603 4858 3703 4929 τὴν

2132 4920 2393 4995 ἕνσαρκον
2428 4932 2745 5000 παρουσίαν,
2786 4935 3055 5010 διαφόρων
3104 4942 3196 4995 καὶ
3249 4920 3355 4995 τῶν
3391 4920 3703 5018 ὲπηγοριῶν

2134 5180 2343 5249 legend.
2406 5186 2721 5253 ὑπόστασιν,
2773 5194 2861 5247 hic

2132 5253 2444 5335 ὑποθέσεως
2464 5258 2643 5335 [etASic
2663 5262 2878 5335 _codd.].

2199 5324 2310 5400 (25f)
2329 5324 2515 5400 ,νωέο
2544 5330 2572 5381 ὀ
2603 5330 2772 5400 Λόγος
2804 5324 2858 5387 εἰ
2884 5335 3017 5390 infra
3051 5338 3296 5395 ὑπέθετο.

2194 5393 2304 5479 (76)
2321 5393 2538 5479 Initium
2563 5393 2730 5479 ipsum
2753 5393 3311 5479 capitisdepravatum
3338 5420 3441 5479 est,
3472 5413 3680 5475 legend.

2290 5457 2386 5518 ’ὧν
2410 5468 2558 5556 ,διάη
2583 5457 2732 5556 βραη
2767 5457 2873 5529 etc.
3008 5457 3441 5553 Ι-’ὶίόἷῖᾖῖᾷὄ

2121 5533 2268 5595 αὑτῷ
2295 5552 2343 5589 ν.
2375 5547 2428 5590 et
2455 5540 2484 5590 ὁ
2513 5538 2570 5591 δὲ
2587 5533 2710 5595 καί.

2192 5586 2307 5705 (7⁸7)
2793 5612 2901 5694 Imo
2917 5616 3229 5705 κεκλῇσθαι.
3247 5620 3512 5705 ὓξ.-ῌοχ
3531 5623 3684 5695 vulgo

2121 5671 2434 5747 ὠνομάσθαι
2469 5671 2652 5753 ἕτερον
2684 5695 2738 5741 et
2761 5684 2912 5739 τοῦτο
2947 5671 3499 5761 δὲ

2914 5209 3017 5322 piro
3062 5199 3428 5267 ὑποστάσεως,
3484 5200 3692 5273 legend.
