4086 6202
402 254 514 310 865
1394 254 1481 312 DE
1517 256 2050 318 ECCLESIASTICA
2091 261 2484 320 THEOLOGIA
2527 262 2656 319 LIB.
2698 265 2738 320 l.
3544 273 3651 334 866

404 377 788 449 τετυχηκέναι.
833 376 1000 430 Τοῦτο
1026 376 1092 448 δὴ
1125 372 1220 432 οὗν
1249 377 1466 450 πρῶτον
1496 381 1732 449 δεκτέον,
1758 384 1952 456 ἀμαθῶ

2089 385 2216 439 bum
2245 400 2372 440 vero
2388 396 2442 441 et
2465 396 2587 442 erat
2611 396 2722 442 tum
2746 398 2798 443 et
2823 377 3121 455 dicebatur,
3147 400 3203 446 et
3229 393 3367 448 nihil
3395 395 3560 453 aliud.
3583 403 3651 455 At

407 471 508 525 καὶ
541 470 649 524 τῶν
683 469 841 524 θείων
885 468 1118 542 Γραφῶν
1156 471 1621 544 ἀνεπιστημόνως,
1658 475 1818 529 αὑτὸν
1851 477 1954 530 ἀπο

2087 483 2369 544 postquam
2401 492 2565 533 carne
2615 490 2826 550 sumpta
2856 479 3092 546 advenit,
3144 483 3380 540 diversis
3433 489 3648 553 quidem

413 563 742 636 φηνάμενον,
2085 564 2256 619 titulis
2294 569 2675 638 usurpabatur.
2708 570 2862 637 Quod
2909 573 2975 628 ab
3016 573 3108 628 illo
3148 574 3222 628 ita
3251 577 3508 645 positum,
3535 577 3654 634 ’ἰω-

2083 656 2258 724 perite
2283 658 2508 722 dictum,
2540 671 2594 714 et
2618 675 2711 730 per
2741 677 3007 717 summam
3047 663 3449 735 Scripturarum
3495 669 3646 737 igno-

2084 749 2337 816 rantiam,
2363 760 2488 805 ante
2515 753 2693 807 omnia
2735 739 3214 811 demonstrandum
3233 767 3337 813 est.

2709 843 2861 900 CAP.
2903 844 3021 900 XX.

2082 949 2378 1019 Proposin
2418 973 2510 1025 per
2556 968 2732 1034 partes
2760 977 2786 1012 e
2814 964 2978 1014 sacris
3027 961 3259 1034 Litteris,
3291 973 3339 1018 et
3370 964 3648 1034 explicata:

2540 1043 2645 1082 nx
2685 1031 3185 1086 demonstrationes.

1056 826 1210 879 ΚΕΦ.
1254 828 1336 882 K'.

403 915 764 995 ηαρφθέσεές
796 917 894 995 καὶ
934 915 1235 995 ἑρμηῖεῐέιι
1277 920 1508 995 impexa}
1527 918 1665 995 τῶν
1713 920 1832 995 ἀπὸ
1871 919 1981 992 τῆς

475 989 634 1053 θείας
676 986 922 1055 Γραφῆς
951 986 1332 1054 ἀποδείξεων,
1372 990 1441 1042 ἐν
1469 989 1633 1055 ὅλοις
1664 986 1980 1058 τριάκοντά

473 1059 838 1127 κεφαλαίοις.

469 1155 536 1201 α’.
577 1148 798 1220 Πρῶτον
849 1148 947 1218 μὲν
981 1147 1089 1220 γὰρ
1124 1149 1284 1212 αὐτὸς
1319 1152 1347 1202 ὁ
1385 1149 1526 1215 θεῖος
1586 1153 1978 1227 εὐαγγελιστὴς

412 1240 685 1310 Ἰωάννης,
704 1241 732 1291 6
750 1239 814 1310 δὴ
833 1238 966 1310 (77⁸)
987 1240 1158 1307 Λόγον
1174 1241 1334 1313 αὑτὸν
1362 1242 1616 1305 ἀνειπὼν,
1636 1245 1735 1297 οὐκ
1761 1248 1838 1309 εἰς
1871 1264 1954 1312 μαι

2078 1251 2240 1306 Verbi
2275 1253 2638 1324 appellatione
2683 1272 2806 1310 eum
2839 1259 3084 1326 agnovit,
3117 1272 3221 1312 non
3254 1259 3438 1315 multis
3477 1259 3649 1316 inter-

396 1332 549 1404 κρὸν,
589 1331 706 1385 ἀλλ’
753 1329 912 1394 εὐθὺς
961 1333 1055 1384 καὶ
1099 1333 1250 1404 παρὰ
1303 1335 1436 1387 πόδα
1469 1334 1602 1389 Θεὸν
1642 1337 1800 1391 αὐτὸν
1838 1339 1954 1391 ὠνό-

2078 1344 2290 1412 positis,
2321 1346 2448 1414 quin
2495 1349 2698 1412 statim,
2735 1357 2789 1402 et
2841 1349 2893 1402 in
2945 1351 3228 1418 procinctu
3278 1351 3443 1418 velut,
3482 1352 3647 1408 Deum

396 1441 558 1495 μασε,
606 1424 818 1494 φήσας’
877 1423 986 1476 Καὶ
1042 1422 1188 1489 Θεὸς
1222 1420 1300 1494 ἦν
1333 1428 1365 1479 ό
1412 1427 1621 1497 Λόγος.
1673 1429 1954 1499 Δυνάμενα

2076 1437 2327 1490 eumdem
2360 1439 2612 1508 appellat,
2644 1440 2895 1509 inquiens
2930 1458 2943 1494 :
2973 1440 3042 1494 Et
3078 1441 3219 1496 Deus
3246 1454 3358 1497 erat
3405 1442 3648 1499 Verbum.

392 1515 524 1584 γοῦν
551 1516 748 1580 είπεῖν,
777 1514 889 1586 (78)
916 1515 1009 1568 κα)⁸
1031 1516 1165 1570 Θεοῦ
1194 1512 1261 1588 ἦν
1283 1517 1311 1568 6
1347 1517 1539 1586 Λόγος,
1565 1519 1721 1572 τοῦτο
1753 1521 1846 1592 μὲν
1875 1523 1954 1575 οὐκ

2076 1527 2208 1580 Cum
2245 1529 2387 1582 enim
2426 1531 2474 1584 ei
2523 1530 2681 1586 facile
2708 1531 2899 1587 fuisset
2923 1534 3106 1588 dicere
3135 1552 3148 1587 :
3178 1543 3234 1588 et
3267 1537 3505 1590 divinum
3529 1549 3649 1591 erat

391 1607 520 1679 ἔφη,
548 1607 624 1670 ὡς
647 1606 712 1660 ἂν
753 1607 826 1678 μή
857 1623 939 1670 τις
968 1607 1128 1660 αὑτὸν
1167 1607 1242 1678 τῷ
1274 1608 1423 1681 παρὰ
1452 1609 1754 1682 ἀνθρώποις
1786 1613 1954 1683 ὅμοιοι

2075 1616 2336 1685 Verbum,
2374 1620 2474 1675 hoc
2509 1637 2615 1674 non
2666 1623 2738 1676 ita
2789 1625 2992 1692 posuit,
3025 1641 3094 1680 ne
3123 1627 3246 1695 quis
3278 1626 3429 1680 illum
3459 1630 3649 1696 opina-

391 1695 528 1753 εἶναι
587 1699 813 1769 φήσειεο
863 1697 993 1752 Θεὸν
1037 1699 1093 1751 δὲ
1145 1700 1307 1754 αὑτὸν
1349 1701 1535 1766 καλεῖ,
1580 1703 1643 1754 τὸ
1697 1703 1954 1775 ὑπερφυὲς

2077 1718 2230 1762 retur
2277 1709 2508 1762 similem
2565 1713 2802 1765 humano
2850 1715 3063 1769 cuidam
3114 1717 3279 1770 verbo
3325 1719 3643 1773 exstitisse:

391 1791 486 1844 τοῦ
522 1792 650 1859 περὶ
699 1789 861 1843 αὐτὸν
908 1791 1245 1862 θεοπρεποῦς
1290 1791 1631 1864 ἀξιώματος,
1681 1794 1822 1848 οὕτω
1856 1796 1954 1849 δει·

2072 1801 2168 1855 sed
2196 1802 2432 1871 appellat
2462 1819 2583 1857 eum
2619 1804 2785 1859 Deum
2815 1821 2959 1876 :qiio
2989 1809 3185 1863 divinae
3219 1810 3497 1881 dignitatis
3528 1812 3647 1882 ejus

394 1880 546 1945 κνύς.
2071 1892 2581 1948 excellentissimam
2626 1897 2882 1952 indicaret
2910 1910 3178 1953 naturam.

467 1973 530 2045 β’.
567 1971 822 2037 Μεταϐὰς
850 1972 908 2026 δὲ
945 1973 1029 2044 ἐφ’
1056 1973 1244 2045 ἑτέραν
1287 1975 1530 2030 ἐπίνοιαν
1572 1976 1672 2049 τῆς
1703 1978 1830 2050 περὶ
1874 1980 1954 2032 αὑ-

2139 1983 2194 2038 2.
2237 1982 2534 2041 Transiens
2595 1988 2721 2042 hinc
2792 1992 2858 2043 ad
2919 1990 3642 2060 aliam.considerationem

393 2064 487 2119 τοῦ
531 2065 865 2135 δοξολογίας,
907 2066 1036 2132 Φῶς
1083 2066 1242 2119 αὐτὸν
1274 2065 1555 2138 ὠνόμασε,
1595 2071 1954 2144 προϋπάρχειν

2069 2074 2379 2142 quamdam,
2413 2075 2560 2132 illius
2605 2092 2766 2148 quam
2799 2080 3034 2135 habebat
3063 2080 3499 2150 gloriﬁcationis,
3532 2081 3645 2134 Luc

391 2156 552 2212 αὐτὸν
599 2157 697 2228 τῆς
752 2156 848 2209 τοῦ
914 2157 1164 2228 σώματος
1209 2156 1560 2229 ἀναλήψεως,
1624 2159 1767 2212 κατὰ
1809 2158 1954 2213 τοῦτ(

2069 2180 2176 2218 cem
2230 2165 2378 2220 illum
2427 2176 2608 2234 vocat,
2643 2179 2699 2225 et
2746 2185 2843 2240 per
2871 2171 3021 2227 illum
3053 2173 3228 2243 ipsum
3264 2173 3474 2229 titulum
3507 2189 3646 2245 prat-

389 2251 522 2305 αὑτὸ
576 2249 856 2322 δηλώσας,
921 2251 978 2304 ἐν
1040 2244 1122 2314 οἷς
1178 2251 1306 2322 περὶ
1351 2251 1446 2305 τοῦ
1506 2251 1810 2307 Βαπτιστοῢ
1859 2271 1954 2326 φη-

2068 2257 2344 2312 exstitisse
2377 2271 2498 2312 eum
2531 2260 2776 2316 iudicare
2803 2261 2973 2318 voluit
3005 2273 3130 2319 ante
3154 2244 3646 2335 assumptumicor-

389 2363 495 2400 σιν·
2068 2363 2167 2416 pus
2193 2365 2349 2404 suum
2381 2369 2396 2404 :
2425 2351 2692 2420 siquidem
2717 2352 2782 2408 de
2810 2353 3053 2423 Baptista
3092 2355 3304 2412 locutus
3322 2357 3430 2412 ait:
3449 2405 3462 2419 ,

456 2437 522 2508 γ’.
570 2438 691 2491 Οὐκ
729 2431 808 2506 ἦν
856 2434 1084 2502 ἐκεῖνος
1133 2434 1200 2488 τὸ
1236 2434 1380 2505 φῶς,
1422 2434 1560 2488 ἀλλ’
1602 2435 1703 2488 ἵνα
1743 2453 1954 2504 μαρτυ·

2137 2441 2190 2496 5.
2231 2441 2358 2495 Non
2386 2451 2501 2496 erat
2535 2445 2621 2496 ille
2657 2444 2770 2508 lux,
2804 2447 2893 2498 sed
2931 2456 2987 2499 ut
3015 2449 3369 2502 testiinonium
3406 2448 3647 2518 perhibe-

377 2532 547 2602 ρήσῃ
572 2530 706 2600 περὶ
734 2528 841 2583 τοῦ
869 2527 1080 2599 φωτὸς,
1109 2527 1140 2581 ὃ
1167 2528 1393 2597 φωτίζει
1422 2527 1617 2580 πάντα
1654 2528 1954 2596 ἄνθρωπον

2066 2545 2141 2587 ret
2173 2533 2236 2586 de
2266 2533 2464 2587 lumine
2502 2534 2617 2602 illo,
2646 2535 2784 2604 quod
2825 2535 3090 2590 illuminat
3135 2555 3336 2593 onmem
3377 2543 3643 2596 hominem

383 2625 709 2694 ἐρχόμενον
753 2624 837 2688 είς·
877 2621 982 2674 τὸν
1032 2622 1285 2691 κόσμον.
1336 2620 1432 2671 Ἐν·
1475 2617 1555 2683 τῷ
1611 2621 1818 2688 κόσμῳ
1862 2615 1954 2689 ἦν,

2065 2625 2420 2678 venientemin
2456 2625 2592 2678 hunc
2615 2627 2890 2680 mundum.
2925 2625 2991 2680 Ιη
3029 2632 3224 2682 mundo
3253 2640 3390 2696 eral,
3423 2641 3471 2685 et
3493 2647 3642 2686 mun-

387 2715 487 2771 καὶ
527 2718 558 2769 ό
594 2716 818 2783 κόσμος
865 2711 939 2765 δι’
984 2711 1169 2765 αὑτοῦ
1218 2709 1476 2780 ἐγένετο,
1513 2709 1611 2762 καὶ
1658 2711 1690 2762 ό
1734 2710 1954 2778 κόσμος

2063 2715 2162 2766 dus
2182 2731 2274 2783 per
2305 2715 2474 2783 ipsum
2504 2715 2678 2784 [actus
2699 2726 2797 2781 est,
2821 2726 2868 2770 et
2901 2718 3128 2772 mundus
3167 2735 3284 2772 eum
3312 2738 3414 2775 non
3442 2739 3640 2791 cogno-

387 2807 576 2863 αὐτὸν
622 2809 731 2860 οὐκ
759 2807 930 2874 ἔγνω.
961 2806 1067 2869 Εἰς
1113 2801 1186 2856 τὰ
1222 2801 1342 2855 ἴδια
1383 2798 1550 2871 ἦλθε,
1593 2799 1692 2852 καὶ
1725 2802 1780 2853 οἱ
1825 2800 1954 2853 ἴδιοι

2063 2809 2151 2859 vit.
2186 2805 2249 2858 In
2281 2806 2496 2874 propria
2528 2809 2689 2870 venit,
2727 2817 2778 2860 et
2807 2809 2890 2862 sui
2941 2826 3060 2862 eum
3102 2827 3206 2864 non
3248 2826 3544 2881 receperunt
3567 2816 3637 2870 ⁸⁸.

386 2897 574 2952 αὐτὸν
601 2897 672 2950 οὐ
719 2893 1076 2963 παρέλαϐον.
1117 2893 1278 2963 Ὁρᾷς
1321 2893 1468 2955 ὅπως
1514 2889 1723 2954 τούτοις
1760 2892 1821 2944 οὐ
1861 2891 1954 2944 A6-

2065 2894 2226 2951 Vides
2257 2909 2462 2965 autem,
2494 2908 2548 2952 ut
2591 2899 2645 2952 iii
2685 2900 2803 2955 istis
2855 2916 2961 2955 non
2999 2900 3234 2956 Verbum
3271 2904 3638 2976 solummodo,

386 3006 483 3059 γον
517 2988 695 3058 μόνον,
721 2986 793 3049 ὡς
821 2985 993 3038 ἐδόκει
1032 2983 1359 3054 Μαρκέλλῳ,
1389 2981 1524 3036 ἀλλὰ
1554 2983 1646 3035 καὶ
1679 2983 1832 3047 Θεὸν,
1863 2983 1954 3036 καὶ

2062 2990 2155 3044 sed
2207 3000 2261 3043 et
2309 2990 2472 3046 Deum
2520 2999 2580 3046 cl
2633 2991 2832 3057 lucem,
2867 2992 3018 3046 illum
3073 2994 3399 3058 nominavit,
3447 3007 3638 3056 contra

387 3082 504 3153 φῶς
547 3080 708 3134 αὑτὸν
739 3079 1006 3150 ὠνόμασε,
1042 3076 1414 3150 προϋπάρχειν
1449 3093 1508 3130 τε
1544 3076 1705 3131 αὐτὸν
1734 3077 1954 3145 ἐδίδαξε,

2063 3097 2222 3152 quam
2287 3083 2539 3138 Marcello
2602 3085 2912 3140 videbatur.
2968 3084 3367 3142 Praeexstitisse
3425 3103 3643 3159 quoque

2153 1163 2204 1215 l.
2243 1160 2510 1229 Imprimis
2553 1163 2880 1233 evangelista
2934 1164 3172 1219 Joannes
3235 1166 3372 1234 ipse,
3429 1167 3522 1237 qui
3582 1171 3650 1223 de

386 3177 480 3230 καὶ
517 3174 610 3227 τὸν
655 3173 856 3242 κόσμον
882 3171 946 3225 δι’
975 3170 1139 3225 αὑτοῦ
1169 3170 1468 3238 γεγονέναι.
1497 3170 1704 3240 Ὥσπερ
1737 3171 1844 3242 γὰρ
1871 3169 1959 3223 διὰ

380 3267 477 3322 τοῦ
520 3265 656 3319 Θεοῦ
719 3263 828 3337 (79)
895 3263 1069 3332 Λόγου
1118 3261 1476 3332 γεγεννῆσθαι
1514 3261 1580 3314 τὰ
1613 3262 1817 3328 πάντα,
1868 3264 1961 3317 καὶ

381 3361 552 3432 χωρὶς
578 3358 743 3412 αὐτοῦ
783 3355 1039 3427 γενέσθαι
1087 3355 1237 3408 οὐδὲν
1283 3354 1647 3426 προείρηκεν,
1693 3354 1834 3408 οὕτω
1867 3356 1960 3408 καὶ

377 3455 467 3508 διὰ
495 3452 604 3523 (80)
643 3451 737 3506 τοῦ
771 3451 945 3520 φωτός
966 3467 980 3482 ο
1012 3450 1064 3503 '0
1091 3449 1202 3518 γὰρ
1230 3449 1477 3518 κόσμος,
1501 3448 1656 3518 φησι,
1683 3448 1757 3502 δι’
1773 3449 1958 3504 αὐτοῦ

378 3546 635 3617 ἐγένετο.
674 3546 761 3609 Ὠς
800 3540 938 3597 εἶναι
969 3542 1026 3596 ἓν
1067 3543 1159 3596 καὶ
1200 3541 1393 3596 ταύτὸν
1433 3541 1500 3596 τὸ
1545 3540 1669 3610 φῶς
1712 3540 1809 3596 καὶ
1853 3541 1960 3597 τὸν

382 3639 532 3694 Θεὸν
567 3641 781 3708 Λόγον.
811 3637 997 3706 Λέγων
1025 3635 1082 3688 δὲ
1113 3635 1180 3688 δι’
1210 3635 1375 3688 αὑτοῦ
1412 3634 1790 3706 γεγεννῆσθαι,
1828 3635 1958 3688 ποτὲ

384 3727 482 3796 μὲν
509 3725 601 3779 τὸν
634 3724 859 3794 κόσμον,
893 3723 1022 3776 ποτὲ
1061 3721 1117 3774 δὲ
1159 3722 1227 3775 τὰ
1260 3723 1458 3787 πάντα,
1507 3720 1568 3774 τὸ
1607 3721 1714 3793 (81)
1751 3723 1957 3794 ὑπηρε-

377 3818 530 3872 τικὸν
559 3817 653 3870 τοῦ
687 3815 822 3869 Θεοῦ
852 3815 1171 3887 παρίστησι.
1212 3814 1519 3884 Δυνάμενος
1555 3814 1684 3882 γοῦν
1724 3817 1751 3868 6
1794 3816 1957 3884 εὐαγ-

381 3908 631 3980 γελιστὴς
686 3910 878 3966 εἰπεῖν,
929 3907 1131 3960 Πάντα
1182 3905 1283 3959 ὑπ’
1319 3905 1516 3976 ,αὑτοῦ
1566 3905 1820 3975 ἐγένετο,
1865 3905 1959 3958 καὶ

379 3999 564 4065 αὖθις,
598 3999 707 4054 Kal
746 4003 779 4054 ό
816 4000 1047 4067 κόσμος
1071 3999 1170 4052 ὑπ’
1198 3995 1384 4050 αὑτοῦ
1413 3995 1670 4065 ἐγένετο,
1695 3997 1813 4067 οὐχ,
1855 4000 1956 4051 ὑπ’

378 4092 586 4157 αὐτοῦ,
619 4092 744 4162 ἔφη,
779 4091 912 4144 ἀλλὰ
937 4090 1009 4143 δι’
1031 4089 1216 4144 αὑτοῦ
1250 4084 1329 4158 ἦν
1358 4103 1371 4117 ·
1399 4088 1463 4139 ἵν’
1487 4089 1632 4158 ἡμᾶς
1663 4087 1960 4162 ἀναπέμψῃ

379 4189 471 4241 ἐπὶ
499 4189 596 4258 τὴν
623 4187 732 4239 τῶν
759 4185 896 4238 ὅλων
928 4181 1238 4253 ποιητικὴν,
1271 4178 1365 4232 τοῦ
1407 4179 1616 4251 Πατρὸς
1650 4177 1953 4232 αὐθεντίαν.

392 4279 550 4332 ’Λλλὰ
581 4277 680 4332 καὶ
707 4281 740 4331 ό
770 4277 1028 4346 κόσμος,
1055 4274 1237 4344 φησὶν,
1279 4269 1466 4326 αὐτὸν
1496 4272 1605 4324 οὐκ
1637 4269 1810 4340 ἔγνω.
1852 4273 1955 4326 Τὸν

375 4369 435 4424 δὲ
473 4371 566 4422 ἐπὶ
607 4368 824 4422 πάντων
849 4366 980 4420 Θεὸν
1011 4368 1265 4435 φυσικαῖς
1296 4363 1527 4425 ἐννοίαις
1558 4362 1793 4426 ἅπαντες
1822 4365 1953 4436 ὁμο--

2062 3173 2292 3229 allirinat
2349 3175 2498 3229 illum
2547 3192 2561 3229 :
2612 3185 2666 3230 et
2722 3178 2982 3230 mundum
3043 3193 3141 3246 per
3193 3178 3368 3248 ipsum
3430 3180 3639 3237 factum

2061 3267 2250 3322 fuisse.
2277 3266 2742 3334 Quemadmodum
2772 3270 2917 3323 enim
2948 3269 3000 3323 in
3026 3271 3457 3338 praecedentibus
3487 3275 3640 3328 dixe-

2062 3368 2166 3424 rat,
2198 3360 2378 3413 omiiia
2403 3359 2661 3428 producta
2694 3358 2863 3413 fuisse
2889 3374 2985 3429 per
3023 3360 3262 3416 Verbum
3291 3361 3407 3430 Dei,
3433 3375 3488 3419 et
3516 3365 3639 3421 sine

2061 3450 2152 3504 illo
2212 3451 2344 3504 iiiliil
2387 3450 2546 3520 plane
2599 3460 2986 3519 procreatum,
3049 3453 3127 3506 ita
3181 3469 3397 3523 quoque
3445 3467 3500 3510 et
3542 3473 3640 3527 per

2060 3538 2234 3593 lucem
2265 3540 2383 3592 ait:
2413 3536 2558 3591 Nam
2591 3538 2842 3600 mundus,
2888 3537 3087 3607 inquit,
3124 3554 3217 3607 per
3261 3540 3410 3591 illum
3461 3542 3636 3610 [actus

2059 3641 2155 3694 est,
2195 3637 2256 3684 ut
2289 3630 2359 3684 ita
2394 3644 2531 3683 unus
2564 3629 2813 3694 idemque
2848 3626 3030 3694 fuerit,
3061 3624 3201 3692 Lux,
3234 3637 3287 3682 et
3320 3627 3463 3682 Deus
3503 3627 3632 3683 Ver-

2061 3722 2466 3789 bum.Cumque
2499 3736 2596 3791 per
2624 3720 2770 3775 illum
2803 3718 3036 3775 allirmet
3067 3718 3269 3774 factum
3302 3735 3445 3776 nunc
3476 3737 3635 3776 mun-

2059 3820 2211 3880 dum,
2251 3831 2393 3870 nunc
2451 3826 2648 3871 cattera
2697 3813 2906 3879 omnia,
2954 3813 3262 3868 subindicat
3316 3812 3464 3867 illum
3520 3814 3635 3870 Deo

2059 3907 2517 3962 subministrasse.
2548 3903 2681 3958 Nam
2720 3909 2779 3967 >14
2813 3917 2935 3958 cum
2982 3910 3168 3972 posset
3199 3901 3266 3955 ad
3307 3902 3470 3957 istum
3517 3917 3631 3956 mo-

2060 3999 2183 4053 dum
2209 3996 2452 4068 proferre
2473 3994 2801 4062 evangelista
2827 4009 2843 4043 :
2883 3994 3077 4047 Omnia
3105 3993 3171 4046 ab
3203 3992 3294 4048 illo
3317 3993 3460 4061 [acta
3481 4003 3630 4059 sunt,

2059 4099 2220 4157 atque
2255 4091 2448 4142 iterum
2482 4103 2497 4140 :
2529 4085 2761 4139 Mundus
2793 4090 2856 4138 ab
2890 4085 2983 4137 illo
3013 4085 3188 4153 factus
3230 4093 3328 4152 est,
3357 4080 3467 4138 non
3496 4084 3632 4141 illud

2058 4183 2257 4253 posuit,
2289 4182 2353 4234 ab
2379 4197 2440 4234 eo
2465 4196 2484 4234 :
2516 4179 2610 4234 sed
2639 4195 2732 4246 per
2754 4195 2892 4232 eum.
2935 4177 3055 4245 Quo
3085 4178 3296 4233 scilicet
3327 4177 3629 4234 remitteret

2059 4291 2152 4331 nos
2199 4275 2265 4329 ad
2317 4273 2682 4327 authenticain
2713 4271 2890 4325 Patris
2920 4271 3102 4325 omnia
3131 4270 3350 4324 creandi
3386 4278 3626 4339 potesta-

2060 4381 2186 4420 tem.
2235 4365 2340 4420 Sed
2391 4375 2438 4419 et
2479 4366 2730 4427 mundus,
2764 4363 2960 4431 inquit,
2995 4362 3165 4430 ipsum
3210 4376 3312 4414 non
3364 4361 3628 4429 cognouit.

377 4458 625 4529 λογοῦσιν
663 4458 958 4531 ἄνθρωποι,
987 4457 1080 4511 καὶ
1112 4455 1320 4528 πρῶτοί
1356 4472 1419 4524 γε
1455 4455 1722 4508 Ἰουδαίων
1765 4457 1954 4521 παῖδες

2062 4457 2189 4514 Cum
2221 4459 2409 4523 Deum,
2441 4455 2535 4527 qui
2587 4455 2659 4510 sit
2702 4469 2866 4524 super
2894 4453 3098 4518 omnia,
3137 4467 3237 4522 per
3266 4451 3515 4506 notiones
3547 4451 3632 4505 in-

376 4553 443 4605 ἐκ
473 4551 580 4604 τῶν
633 4547 982 4622 προφητικῶν
1035 4547 1264 4619 Γραφῶν
1311 4545 1837 4617 χειραγωγούμενοι,
1876 4547 1952 4611 ὡς

375 4645 474 4700 καὶ
503 4645 664 4708 αὐτὸς
693 4644 929 4715 παρίστη
963 4639 1301 4713 Μάρκελλος,
1329 4643 1385 4693 ὲν
1411 4643 1522 4705 τοῖς
1564 4641 1689 4712 ὲξῆς
1722 4639 1946 4712 προϊών.

375 4736 589 4791 Οὐκοῦν
622 4737 805 4807 ἕτερος
830 4731 897 4806 ἦν
928 4729 1100 4797 οὗτος,
1125 4732 1183 4785 ὃν
1209 4734 1237 4784 6
1267 4733 1471 4803 κόσμος
1504 4733 1603 4785 οὐκ
1635 4733 1793 4801 ἔγνω,
1818 4731 1951 4795 Θεὸς

375 4831 472 4883 καὶ
486 4829 674 4898 Λόγος,
704 4827 817 4897 φῶς
837 4826 1095 4898 ὑπάρχων
1124 4842 1182 4877 τε
1200 4825 1291 4877 καὶ
1306 4825 1693 4896 ὠνομασμένος
1713 4843 1724 4853 ·
1748 4825 1862 4893 φῶς
1884 4823 1942 4876 δὲ

372 4922 475 4976 οὐκ
489 4921 762 4992 αίσθητὸν,
783 4919 905 4972 οὐδὲ
923 4919 1031 4989 (ΒΞ)
1049 4917 1266 4989 σαρκῶν
1280 4918 1412 4990 (82⁸)
1427 4916 1733 4988 ὀφθαλμοὺς
1748 4916 1950 4987 ὁμοίως

450 5114 510 5172 >3
535 5108 632 5164 Ed.
661 5107 866 5168 Paris..
901 5121 1024 5176 pag.
1050 5104 1138 5163 ει.
1221 5104 1271 5136 ⁸ο
1301 5102 1458 5158 Joaii.
1492 5119 1530 5169 ι,
1565 5101 1623 5168 8,
1662 5102 1750 5156 tl.

473 5317 581 5387 77')
607 5316 776 5386 Vulgo
808 5317 915 5371 ὅδε.

470 5375 695 5460 78)’Καὶ
711 5375 867 5460 ’Θερς
889 5386 967 5456 ἦν
994 5387 1027 5439 ό
1050 5385 1258 5460 Λόγος.
1289 5379 1538 5460 humum-1
1565 5375 1880 5460 Osiocjdedj
1905 5391 1936 5432 e

2057 4551 2193 4604 sitas
2221 4567 2250 4603 a
2279 4557 2474 4603 natura
2507 4555 2840 4618 cognoscant
2865 4559 3057 4600 omnes
3086 4561 3100 4599 :
3132 4542 3400 4612 imprimis
3443 4553 3624 4597 autem

2058 4642 2150 4697 lilii
2191 4641 2516 4708 Judaorum,
2587 4639 3004 4694 manuductione
3043 4635 3448 4705 Scripturarum
3501 4649 3628 4703 pre-

2056 4733 2433 4804 pheticarum,
2481 4731 2626 4801 quod
2685 4730 3064 4801 progrediente
3129 4739 3378 4782 sermone
3440 4723 3627 4780 docuit

2055 4825 2283 4895 ipsemet
2315 4822 2620 4879 Marcellus.
2653 4822 2921 4888 Quocirca
2965 4828 3085 4873 erat
3129 4817 3268 4872 alius
3308 4817 3410 4872 iste
3454 4831 3622 4883 quem

2055 4917 2290 4973 mundus
2333 4932 2438 4971 non
2476 4915 2750 4988 cognovit,
2798 4912 2938 4968 Deus
2977 4919 3141 4980 atque
3186 4907 3448 4973 Verbum,
3501 4906 3621 4962 Lux

2115 5303 2228 5376 (79)
2256 5304 2360 5376 Ἴσ.
2394 5303 2554 5372 λόγον
2568 5297 2834 5376 ΑΜρηΜοξ
2858 5297 3016 5376 vulgo
3038 5295 3157 5349 οὐδὲ
3186 5292 3244 5376 ἦν
3281 5307 3376 5366 πρ.

2083 5362 2229 5458 ,ξδψ
2259 5374 2368 5428 τοῦ
2403 5362 2644 5458 ,εοευῑόςί
2689 5362 3616 5458 30.71”?a?”£?€:.£28é£‘i'!"f§'

373 5435 860 5529 ςοῖιὶιῖἶῖεόῧῖἶ
882 5435 1622 5529 ῥὶῷιέι-ἑμῖιῖᾆπίηξέζδιέδεξε.
1650 5435 1771 5529 καὶῖ
1794 5446 1936 5529 Beia};

2062 5435 2330 5529 :qgageepip
2353 5435 2463 5513 γόἶρ
2499 5435 2598 5529 ἦν,
2617 5444 2711 5529 καὶ
2737 5435 2996 5529 δκιξσμος
3026 5435 3091 5490 δι’
3120 5435 3302 5491 αὑτοῦ.
3341 5435 3452 5492 Hoc
3502 5444 3610 5502 est,

373 5509 506 5602 ἧσε
520 5509 782 5602 magis:
804 5509 965 5602 ῗίὶίίίέ
985 5509 1083 5602 ἓαὶ
1113 5509 1256 5602 Θεὸς
1273 5521 1370 5596 ἦν’
1400 5509 1773 5602 “mum-“liud
1803 5509 1940 5602 (ηδῂ

2062 5509 2258 5602 suae
2423 5509 2476 5568 «λι
2506 5509 2910 5602 είίεῖ¹)³ιέξῖ;.ἕ¹έ

375 5587 648 5668 ῥηίδια·ξὸ
667 5587 920 5667 ’φωτίζει
945 5587 1127 5650 πάντα
1166 5587 1787 5668 ἅνθρωπονξὶιηηιῇιθις
1806 5587 1939 5668 citat

375 5656 765 5742 evangelistam
788 5709 803 5733 ,
848 5656 1187 5742 aptitlﬂuem
1213 5656 1433 5742 ⁸Ιιὶεζὶιμι·
1455 5656 1472 5725 ,
1497 5657 1685 5742 ἦν-τὸ,
1704 5656 1830 5729 φῶς
1873 5656 1940 5710 τὸ

375 5731 665 5808 ἁληῶνόν
679 5738 709 5794 ὂ
725 5731 971 5811 φωτίζει.
995 5731 1138 5793 Βιζ-ο
1149 5735 1230 5793 lnl
1233 5754 1287 5791 ra
1297 5731 1458 5807 wvulgo
1474 5731 1845 5805 προϋπάρχειν
1859 5743 1936 5780 τε.

2117 5588 2226 5653 (8i)
2279 5583 2678 5653 Ὑπηρετικόν.
2713 5582 2872 5638 Forte
2898 5577 3087 5650 αὑτοῦ,
3117 5579 3195 5651 τῷ
3221 5576 3360 5648 Θεῷ.
3393 5575 3468 5634 Μ.

2121 5652 2233 5720 (8‘2)
2263 5653 2429 5719 Vulgo
2453 5652 2736 5720 σαρκικόνδ

2115 5724 2252 5795 (82')
2286 5723 2418 5779 Οὐδὲ
2450 5721 2596 5798 ὀφθ.,
2628 5721 2734 5795 Mp.
