4086 6202
500 272 605 331 861

1167 272 1433 329 EUSEBII
1472 270 1949 329 CAESARIENSIS
1985 271 2136 329 OPP.
2177 271 2361 329 PARS
2400 272 2491 327 IV.
2532 294 2600 314 -έ-
2638 272 3061 330 DOGMATICA.

3644 268 3744 322 863

500 390 771 446 exsistens
796 398 850 445 et
876 389 1300 463 appellatusltlx.
1331 393 1448 447 Lux
1478 402 1661 448 autem
1692 408 1797 448 non
1833 393 2059 449 sensibi-

2170 393 2304 465 ἡλίῳ
2353 392 2615 462 φωτίζον
2667 394 2807 448 οὕτω
2850 395 2958 466 γὰρ
3010 393 3077 447 ἂν
3129 390 3221 445 καὶ
3265 391 3299 461 ή
3364 385 3473 442 τῶν
3534 383 3749 453 ἀλόγων

500 482 589 547 lis,
624 497 729 537 non
763 482 1061 552 corporalis
1093 500 1107 535 :
1136 497 1240 535 non
1273 498 1392 551 quae
1426 484 1636 548 oculos,
1667 493 1726 537 ut
1752 482 1833 537 sol
1867 483 2065 537 illumi-

2168 484 2321 549 ζώων
2395 486 2556 556 φύσις
2630 490 2873 557 μετεῖχεν
2947 484 3133 538 αὑτοῦ.
3194 481 3331 535 Novi.
3386 479 3443 533 δὲ
3505 477 3754 531 διδάσκει

500 582 646 627 raret
671 594 688 628 :
730 589 854 627 nam
888 574 968 627 sic
996 573 1137 627 illius
1172 574 1307 627 adeo
1357 576 1647 644 participes
1692 576 1887 631 tierent
1915 590 2059 630 crea-

2164 579 2347 631 ὀποῖον
2405 574 2473 649 ἦν
2532 578 2679 647 φῶς,
2727 578 2932 647 λέγων·
2981 573 3102 631 Ἦν
3158 573 3270 642 (83)
3340 570 3408 624 τὸ
3468 568 3625 638 φῶς,
3681 566 3751 619 τὸ

500 675 632 720 tura:
670 665 1030 719 irrationales.
1071 664 1226 721 Nunc
1255 666 1431 734 qualis
1460 678 1580 722 erat
1610 667 1698 721 ille
1728 668 1822 721 lux
1847 684 1947 723 nos
1972 670 2068 723 do-

2165 667 2415 736 φωτίζον
2456 669 2653 723 πάντα
2676 668 2986 737 ἄνθρωπον
3022 667 3345 734 ἐρχόμενον
3368 665 3455 727 εὶς
3478 661 3581 713 τὸν
3602 660 3755 714 κόσ-

498 770 607 823 cet,
638 757 889 825 inquiens
918 757 1091 839 :‘Erat
1142 768 1317 812 autem
1362 759 1457 813 lux
1502 760 1812 814 illuminant
1857 777 2059 815 omnem

2162 778 2297 831 μον.
2334 762 2471 831 (85⁸)
2498 763 2674 815 Μόνον
2702 764 2808 833 ἄρα
2835 758 2902 832 ἧν
2935 759 3234 829 ἀνθρώπων
3249 757 3309 809 τὸ
3346 756 3559 823 λογικὸν
3589 754 3754 807 τοῦτο

496 856 755 909 hominem
786 851 1061 905 venientem
1098 851 1153 903 in
1174 850 1311 905 hunc
1341 854 1616 905 mundum.
1650 852 1731 905 Ad
1763 851 1907 907 solos
1937 866 2065 919 ergo

496 942 740 996 homines
790 940 1095 1008 pertinebat
1151 940 1430 994 rationalis
1489 942 1593 995 ista
1648 942 1759 997 lux.
1795 942 2062 1009 Quocirca

494 1048 589 1101 per
618 1033 914 1101 potentiam
947 1047 1098 1086 suam
1131 1033 1387 1100 praeditus
1420 1033 1705 1089 intellectu
1734 1045 1789 1089 et
1820 1036 2058 1101 ratione,

492 1127 583 1197 qui
629 1135 711 1179 est
755 1126 866 1190 lux,
901 1127 965 1179 ad
1016 1126 1306 1195 imaginem
1356 1140 1509 1179 suam
1547 1135 1601 1181 et
1652 1127 2061 1181 similitudinem

492 1217 783 1273 rationales
839 1217 1047 1271 animas
1096 1227 1151 1272 et
1197 1217 1562 1287 intelligentes
1618 1220 1889 1289 produxit.
1945 1219 2060 1274 Non

490 1320 609 1365 erat
636 1326 765 1380 ergo
790 1309 876 1364 illa
903 1310 992 1363 lux
1029 1310 1334 1375 sensibilis;
1368 1320 1425 1365 ut
1460 1327 1633 1381 neque
1665 1313 1806 1366 Deus
1831 1321 1949 1367 erat
1977 1311 2063 1367 ille

490 1402 583 1471 qui
621 1412 705 1455 est
736 1416 899 1469 super
923 1403 1197 1455 universa.
1238 1400 1382 1456 Deus
1408 1404 1552 1457 enim
1588 1402 1677 1456 lux
1704 1411 1809 1468 est,
1836 1414 1891 1459 et
1920 1412 2063 1458 tene-

489 1492 600 1546 brat
624 1508 729 1546 non
762 1502 886 1545 sunt
916 1493 968 1545 in
1004 1504 1089 1545 eo.
1115 1491 1229 1545 Lux
1255 1500 1435 1547 autem
1472 1502 1555 1545 est
1578 1492 1879 1556 inaccessa,
1916 1496 2061 1561 quod

487 1584 775 1653 Apostolus
813 1585 989 1649 docet,
1025 1583 1111 1636 ubi
1147 1586 1222 1636 ait
1254 1602 1267 1636 :
1298 1583 1488 1637 Lucem
1520 1585 1769 1638 habitans
1822 1586 2058 1640 inacces-

487 1694 624 1742 sam,
652 1690 801 1746 quem
856 1693 1003 1730 nemo
1032 1676 1179 1738 vidit,
1222 1676 1312 1730 sed
1356 1694 1445 1730 nec
1474 1687 1641 1743 potest
1669 1678 1841 1731 videre
1864 1675 1931 1734 ⁸¹.
1960 1677 2062 1731 Ille

487 1774 662 1821 autem
693 1767 746 1819 in
782 1769 975 1821 mundo
1017 1776 1152 1832 erat,
1184 1766 1497 1821 illuminans
1554 1785 1754 1822 omnem
1798 1770 2059 1823 hominem
2094 1745 2134 1799 Β

487 1860 772 1913 venientem
830 1860 886 1912 in
939 1859 1214 1912 mundum.
1269 1858 1376 1913 Sed
1421 1869 1476 1913 et
1522 1862 1778 1926 mundus,
1826 1862 1922 1924 ait,
1967 1877 2062 1930 per

487 1952 629 2005 hanc
660 1950 836 2005 lucem
868 1950 1044 2005 lactus
1076 1960 1231 2016 erat;
1274 1952 1553 2018 nimirum,
1581 1954 1723 2021 quod
1775 1968 2061 2022 supremus

485 2041 670 2105 Pater,
696 2044 790 2110 per
817 2042 1212 2097 Filium‘suum
1255 2043 1508 2098 universa
1559 2044 1934 2099 constituerat.
1966 2048 2061 2098 Αἰ-

485 2147 592 2203 que
637 2135 708 2187 ita
763 2141 872 2188 tres
924 2134 1039 2187 ista:
1094 2133 1507 2203 appellationes,
1554 2135 1607 2188 in
1662 2151 1828 2189 unum
1881 2136 2058 2190 locum

484 2230 756 2291 congestae
804 2236 835 2273 a
891 2221 1161 2290 tlteologo,
1200 2220 1256 2275 in
1295 2224 1564 2293 principio
1609 2223 1913 2295 Scriptum
1946 2242 2059 2282 sua:

482 2314 759 2384 leguntur,
786 2322 906 2382 quae
934 2312 1021 2382 pie
1047 2313 1265 2383 quidem
1302 2322 1358 2368 et
1389 2315 1511 2371 sine
1556 2316 1666 2370 ulla
1704 2316 1937 2381 offensa,
1963 2335 2060 2387 po-

482 2412 738 2458 testatem
790 2403 1091 2473 insigniunt
1152 2403 1279 2459 Filii
1336 2405 1471 2473 Dei,
1520 2422 1718 2478 nempe
1784 2400 2056 2477 Verbum,

482 2496 626 2552 Deus
650 2504 815 2566 atque
845 2496 959 2553 lux.

551 2588 605 2645 6.
648 2589 905 2657 Quartam
942 2591 1031 2645 bis
1064 2590 1305 2646 annectit
1348 2591 1489 2645 idem
1524 2606 1590 2647 eo
1612 2592 1750 2660 loco,
1797 2595 2060 2667 Unigeni—

484 2696 595 2740 tum
626 2686 900 2756 appellans
923 2686 1044 2742 istis
1065 2686 1325 2741 vocibus:
1348 2685 1417 2739 Et
1464 2686 1685 2742 Verbum
1707 2707 1831 2745 caro
1856 2692 2057 2760 factum

492 2793 590 2845 est,
631 2792 679 2834 et
709 2779 956 2833 habitavit
985 2780 1039 2831 in
1070 2778 1217 2832 nobis
1247 2801 1258 2834 :
1294 2778 1362 2832 Et
1399 2780 1625 2835 vidimus
1652 2781 1874 2851 gloriam
1918 2787 2055 2854 ejus,

483 2874 708 2944 gloriam
747 2874 900 2943 quasi
938 2872 1202 2943 Unigeniti
1230 2892 1260 2926 a
1312 2872 1493 2938 Patre,
1524 2878 1734 2945 plenum
1772 2880 1963 2949 gratia:
2007 2891 2057 2935 et

488 2966 725 3019 veritatis
747 2964 816 3020 θ’.
854 2962 930 3018 lta
958 2981 1173 3034 quoque
1201 2975 1255 3018 et
1286 2965 1603 3036 Unigenitus
1634 2970 1917 3026 dicebatur
1944 2972 2054 3039 ille,

2166 856 2299 923 φῶς.
2340 857 2429 908 Διὸ
2454 856 2679 927 δυνάμει
2723 858 2884 925 νοερᾷ
2921 854 3014 908 καὶ
3045 853 3233 922 λογικῇ
3274 850 3371 913 τὰς
3408 850 3526 902 κατ’
3564 848 3755 900 εἰκόνα

2164 951 2260 1020 τὴν
2294 948 2455 1001 αὐτοῦ
2490 949 2582 1001 καὶ
2620 948 2879 1018 ὁμοίωσιν
2923 944 3295 1014 πεποιημένας
3334 940 3514 1010 ψυχὰς
3554 936 3753 1008 νοερὰς

2164 1040 2259 1093 καὶ
2288 1038 2511 1106 λογικὰς
2541 1037 2926 1109 ἀπειργάζετο.
2964 1038 3051 1099 Ὠς
3077 1034 3132 1087 δὲ
3157 1035 3253 1086 οὐκ
3289 1031 3546 1102 αἰσθητὸν
3587 1026 3752 1095 ἐτύγ-

2165 1150 2292 1203 χανε
2333 1132 2467 1201 φῶς,
2499 1133 2669 1195 οὕτως
2711 1131 2922 1184 οὐδὲτὸ
2967 1130 3221 1182 ἐπέκεινα
3254 1126 3362 1178 τῶν
3406 1125 3542 1178 ὅλων
3584 1122 3750 1185 αὐτὸς

2163 1226 2191 1277 6
2218 1220 2348 1286 Θεὸς
2371 1220 2457 1295 ἦν.
2500 1224 2559 1276 Ὀ
2592 1223 2702 1293 γὰρ
2751 1222 2882 1286 Θεὸς
2934 1221 3048 1290 φῶς
3091 1224 3226 1281 ἐστι,
3271 1218 3365 1272 καὶ
3410 1216 3596 1269 σκοτία
3645 1215 3749 1267 οὐκ

2166 1314 2310 1368 ἔστιν
2344 1316 2398 1367 ἐν
2434 1313 2581 1382 αὐτῷ
2603 1308 2843 1384 οὐδεμία.
2885 1313 2993 1366 Καὶ
3031 1312 3140 1384 γάρ
3176 1316 3204 1366 6
3254 1312 3349 1382 μὲν
3384 1304 3499 1377 φῶς
3539 1306 3749 1377 ἀπρόσο

2168 1425 2275 1461 ιτον
2299 1404 2385 1478 ἦν,
2410 1406 2483 1471 ὡς
2510 1410 2537 1459 6
2564 1407 2704 1469 θεῖος
2746 1406 3064 1468 Ἀπόστολος
3094 1403 3334 1457 διδάσκει
3356 1443 3370 1465 ,
3404 1401 3594 1467 λέγων·
3615 1396 3749 1461 Φῶς

2163 1500 2340 1553 οἰκῶν
2382 1502 2729 1567 ἀπρόσιτον,
2787 1499 2859 1551 ὃν
2915 1497 3077 1553 εἶδεν
3123 1496 3355 1562 οὐδεὶς,
3418 1493 3543 1546 οὐδ’
3597 1490 3747 1544 ιδεῖν

2162 1591 2429 1645 δύναται.
2476 1591 2525 1642 '0
2558 1591 2609 1643 δ’
2648 1592 2716 1644 ἐν
2754 1590 2833 1655 τῷ
2874 1591 3076 1658 κόσμῳ
3110 1584 3207 1657 ἦν,
3253 1583 3511 1655 φωτίζων
3548 1580 3744 1634 πάντα

2163 1684 2476 1751 ἄνθρωπον
2504 1685 2828 1752 ἐρχόμενον
2873 1684 2958 1747 είς
2999 1682 3105 1733 τὸν
3146 1680 3397 1748 κόσμον.
3447 1674 3607 1728 Ἀλλὰ
3647 1673 3743 1726 καὶ

2168 1780 2196 1830 6
2236 1776 2455 1846 κόσμος,
2492 1776 2645 1845 φησὶ,
2695 1772 2781 1826 διὰ
2827 1773 2977 1826 τοῦδε
3029 1769 3120 1824 τοῦ
3169 1770 3344 1840 φωτὸς
3375 1767 3600 1836 γέγονε,
3646 1763 3739 1816 τοῦ

2168 1869 2500 1940 κρείττονος,
2542 1866 2742 1939 δηλαδὴ
2794 1866 2887 1919 τοῦ
2936 1864 3147 1935 Πατρὸς
3203 1861 3291 1915 διὰ
3342 1859 3436 1913 τοῦ
3504 1856 3634 1910 Υἱοῦ
3682 1854 3744 1907 τὸ

2170 1963 2277 2014 πᾶν
2311 1962 2718 2031 συνισταμένου.
2751 1960 2910 2031 Τρεῖς
2946 1958 3042 2028 μὲν
3071 1956 3134 2025 δὴ
3167 1948 3325 2008 αὗται
3358 1951 3496 2007 κατά
3520 1950 3581 2004 τὸ
3611 1947 3745 2002 aint

2167 2050 2274 2103 τῶν
2300 2050 2392 2103 τοῦ
2432 2049 2563 2102 Υίοῢ
2601 2049 2693 2102 τοῦ
2725 2048 2857 2101 Θεοῦ
2892 2047 3001 2117 (84)
3041 2044 3349 2116 δυναμένων
3382 2041 3615 2111 εὔφημοι
3648 2037 3743 2091 καὶ

2167 2141 2406 2204 εὐσεόεἴς
2457 2140 2746 2211 ἐπηγορίαι
2784 2138 2863 2210 τῷ
2918 2136 3151 2207 θεολόγῳ
3186 2135 3284 2205 τῆς
3317 2132 3537 2204 Γραφῆς
3582 2129 3743 2198 ἀρχο-

2170 2232 2315 2303 μένῳ
2354 2224 2821 2304 παρελείφθησαν·
2852 2233 2881 2283 ὁ
2912 2228 3105 2298 Λόγος,
3147 2226 3241 2280 καὶ
3286 2227 3315 2279 ὁ
3357 2223 3510 2287 Θεὸς,
3545 2221 3640 2274 καὶ
3680 2218 3741 2271 τδ

2168 2343 2301 2395 φως.

2234 2598 2298 2651 δ’.
2345 2586 2480 2668 Ἤδη
2550 2596 2606 2650 δέ
2661 2597 2753 2650 καὶ
2819 2595 3085 2665 τετάρτην
3157 2592 3508 2665 προστίθησιν
3558 2594 3587 2645 6
3639 2590 3738 2647 αὐ-

2166 2690 2276 2751 τὸς,
2312 2688 2591 2757 Μονογενῆ
2643 2688 2733 2740 τὸν
2788 2687 2947 2741 αὐτὸν
3002 2683 3309 2747 ἀποκαλῶν,
3352 2686 3409 2736 ἐν
3454 2678 3534 2746 οἷς
3573 2698 3736 2753 (φησι⁵

2166 2782 2273 2835 Καὶ
2334 2784 2367 2835 ὁ
2425 2784 2613 2849 Λόγος
2674 2779 2828 2847 σὰρξ
2899 2778 3165 2848 ἐγένετο,
3222 2778 3322 2831 καὶ
3390 2774 3741 2841 ἐσκήνωσα-

2166 2875 2235 2926 ἐν
2290 2873 2451 2942 ἡμῖν,
2525 2873 2623 2925 καὶ
2680 2870 3047 2939 ἐθεασάμεθα
3105 2868 3221 2935 τὴν
3287 2868 3476 2933 δόξαν
3529 2865 3737 2931 αὑτοῦ,

2166 2965 2355 3030 δόξαν
2425 2966 2504 3030 ὡς
2566 2962 2945 3032 Μονογενοῦς
3024 2964 3183 3031 παρὰ
3259 2962 3519 3029 Πατρός,
3583 2960 3740 3026 πλήν

479 3060 793 3129 priusquam
863 3057 1263 3112 incarnaretur.
1319 3054 1454 3112 Nam
1520 3058 1796 3131 utcunque
1869 3073 2054 3118 nostra

2162 3075 2275 3126 ρης
2332 3056 2571 3127 χάριτος
2624 3056 2721 3109 καὶ
2772 3056 3078 3124 ἀληθείας.
3134 3054 3342 3107 Οὐκοῦν
3395 3054 3490 3107 καὶ
3540 3054 3569 3105 6
3626 3054 3739 3106 Mo-

480 3162 665 3210 causa,
690 3146 835 3215 quod
860 3148 935 3199 ait
968 3164 981 3199 :
1008 3144 1145 3199 Caro
1168 3147 1345 3215 factus
1367 3160 1440 3203 est
1467 3146 1668 3203 Sermo.
1698 3149 2057 3207 Nihilominus

2162 3150 2385 3220 νογενὴς
2433 3148 2525 3201 τοῦ
2575 3146 2709 3201 Θεοῦ
2767 3149 2893 3218 πρὶν
2950 3146 2984 3216 ἢ
3031 3146 3129 3211 τὴν
3190 3147 3369 3216 σάρκα
3426 3142 3734 3203 ἀναλαϐεῖν,

480 3252 580 3293 nos
618 3237 717 3307 ipsi
772 3237 969 3307 quibus
1006 3237 1248 3293 revelare
1299 3245 1356 3302 ὦ
1405 3241 1656 3311 dignatus
1685 3253 1769 3297 est
1804 3243 2059 3299 divinita-

482 3339 591 3386 tem
623 3345 799 3397 suam,
837 3333 1150 3401 neutiquam
1199 3333 1249 3387 in
1298 3348 1517 3387 carnem
1570 3336 1943 3405 respicientes,
1975 3346 2059 3392 est

481 3420 629 3475 enim
666 3435 794 3476 caro
834 3424 976 3476 servi
1035 3422 1229 3489 forma,
1263 3425 1355 3480 sed
1405 3425 1457 3478 in
1498 3426 1664 3495 ipsius
1710 3427 1939 3496 gloriam
1974 3428 2057 3481 in-

481 3523 718 3578 tuentes,
750 3530 869 3584 quae
916 3528 1072 3571 extra
1122 3518 1338 3586 quidem
1390 3533 1590 3586 corpus
1634 3534 1662 3571 a
1712 3529 1893 3573 mente
1923 3536 2055 3588 pura

479 3605 675 3661 visitur
718 3617 773 3660 et
809 3608 1089 3673 defamata,
1134 3610 1365 3665 vidimus
1397 3602 1514 3679 ejus
1544 3610 1793 3680 gloriam,
1826 3611 2054 3678 gloriam

478 3695 828 3765 ineffabilem,
858 3708 909 3751 et
964 3710 1180 3768 captum
1232 3700 1526 3767 quemlibet
1575 3700 1867 3755 humanum
1902 3710 2053 3753 tran-

479 3792 853 3854 scendentem,
883 3792 1096 3859 qualem
1134 3791 1391 3844 nimirum
1426 3791 1550 3859 quis
1600 3791 1883 3861 imaginari
1928 3788 2054 3846 velit

483 3883 715 3951 gloriam
772 3879 1046 3951 Unigeniti
1101 3882 1215 3935 Dei.
1276 3881 1404 3935 Erat
1453 3892 1635 3935 autem
1664 3898 1693 3936 a
1728 3884 1910 3948 Patre,
1948 3883 2051 3938 ista

481 3976 676 4047 gloria.
716 3974 1120 4028 Animadvertis
1159 3989 1263 4029 non
1294 3974 1383 4028 hic
1406 3974 1532 4039 dici,
1564 3974 1792 4029 vidimus
1819 3975 2050 4045 gloriam

481 4069 617 4137 ejus,
656 4067 881 4138 gloriam
921 4066 1082 4120 veluti
1117 4063 1303 4132 Verbi,
1348 4083 1413 4120 ne
1454 4078 1564 4120 tum
1607 4083 1727 4121 cum
1757 4067 1965 4122 dixerat
1996 4068 2049 4122 in

480 4159 947 4229 praecedentibus;
984 4158 1209 4213 Verbum
1271 4176 1396 4213 caro
1440 4160 1638 4227 factum
1683 4154 1803 4226 fuit,
1847 4162 1939 4215 sed
1995 4170 2052 4213 ut

479 4251 705 4319 intelligi
752 4261 931 4319 posset
964 4250 1263 4319 cujusmodi
1320 4248 1552 4305 Verbum
1589 4250 1679 4305 ille
1718 4263 1838 4303 eum
1885 4264 2053 4319 pone-

482 4355 583 4409 ret,
633 4344 897 4415 (minime
936 4345 1152 4412 quidem
1208 4343 1560 4396 indicativum
1591 4359 1604 4393 :
1638 4357 1763 4397 nam
1811 4344 2049 4398 Verbum

2159 3240 2546 3312 ἐχρημάτιζεν.
2594 3239 2656 3291 El
2715 3238 2823 3309 γὰρ
2878 3238 2973 3290 καὶ
3026 3237 3097 3290 τὰ
3158 3236 3425 3307 μάλιστα,
3471 3228 3632 3305 φησι.
3670 3233 3741 3286 δι’

2159 3336 2326 3405 ἡμᾶς,
2360 3336 2387 3387 6
2421 3336 2611 3403 Λόγος
2634 3332 2788 3399 σὰρξ
2809 3330 3065 3399 ἐγένετο,
3103 3329 3217 3382 ἀλλ’
3250 3331 3397 3399 ὅμως
3440 3330 3621 3397 ἡμεῖς.
3653 3322 3737 3390 οἷς

2158 3426 2493 3496 κατηξίωσεν
2524 3423 2855 3490 ἐνδείξασθαι
2881 3422 2976 3493 τὴν
3010 3423 3200 3475 ἑαυτοῦ
3241 3422 3458 3489 θεότητα
3481 3458 3495 3481 ,
3522 3418 3620 3470 οὐκ
3652 3419 3732 3479 είς

2155 3519 2254 3589 τὴν
2279 3518 2455 3588 σάρκα
2490 3516 2821 3587 ἀφορῶντες,
2847 3516 2984 3585 αὕτη
3030 3513 3138 3585 γὰρ
3174 3514 3281 3583 (85)
3324 3511 3499 3582 μορφὴ
3541 3507 3728 3561 δούλου

2154 3606 2243 3680 ἦν,
2280 3608 2391 3662 ἀλλ’
2418 3612 2497 3671 εἰς
2521 3610 2619 3679 τὴν
2648 3607 2805 3673 δόξαν
2835 3605 2999 3658 αὐτοῦ
3036 3606 3133 3678 τὴν
3165 3605 3316 3667 ἐκτὸς
3356 3603 3449 3656 τοῦ
3483 3601 3731 3671 σώματος

2156 3701 2231 3771 νῷ
2258 3700 2480 3771 καθαρῷ
2509 3700 2911 3770 θεωρουμένην,
2948 3698 3290 3768 ἐθεασάμεθα
3322 3696 3417 3767 τὴν
3447 3695 3601 3761 δόξαν
3646 3695 3737 3747 αὑ-

2155 3795 2269 3858 τοῦ,
2325 3794 2482 3858 δόξαν
2542 3794 2779 3865 ἄρρητον
2838 3793 2932 3845 καὶ
2984 3790 3160 3843 πάντα
3215 3789 3425 3858 θνητῶν
3482 3786 3737 3858 λογισμὸν

2156 3886 2607 3957 ὑπερϐαίνουσαν,
2641 3886 2831 3938 ὁποίαν
2852 3901 2934 3947 τις
2955 3886 3221 3954 ἐννοήσειε
3253 3881 3409 3944 δόξαν
3440 3880 3567 3933 Υίοῦ
3600 3878 3733 3932 Θεοῦ

2158 3979 2496 4050 μονογενοῦς.
2540 3975 2647 4031 Ἦν
2685 3977 2739 4030 δέ
2786 3977 2922 4049 αὕτη
2979 3976 3128 4047 παρὰ
3178 3974 3274 4027 τοῦ
3328 3973 3539 4045 Πατρὸς
3588 3973 3732 4039 δόξα.

2165 4073 2325 4142 Ὀρᾷς
2353 4112 2366 4135 ,
2399 4073 2544 4134 ὅπως
2590 4071 2689 4123 οὐκ
2726 4066 2876 4135 εἷπε,
2913 4069 3003 4122 καὶ
3051 4065 3393 4137 ἐθεασάμεθα
3439 4066 3537 4137 τὴν
3581 4063 3735 4128 δόξαν

2154 4165 2337 4227 αὐτοῦ,
2368 4162 2522 4227 δόξαν
2547 4162 2621 4225 ὡς
2652 4163 2847 4229 Λόγου,
2876 4160 3050 4214 καίτοι
3102 4156 3398 4230 προειπὼν,
3454 4156 3516 4209 '0
3546 4156 3733 4223 Λόγος

2152 4253 2306 4322 σὰρξ
2335 4252 2591 4321 ἐγένετο,
2620 4251 2734 4304 ἀλλ’
2764 4253 2849 4303 ἵνα
2865 4250 3050 4322 διδάξῃ
3086 4250 3267 4302 ὁποῖον
3298 4248 3459 4301 αὑτὸν
3498 4247 3730 4315 ὑπεστή-

2154 4366 2283 4401 σατο
2311 4348 2499 4416 Λόγον·
2534 4346 2635 4416 (ὅτι
2668 4345 2740 4417 μὴ
2766 4346 3115 4417 σημαντικὸν,
3140 4345 3256 4407 πῶς
3278 4345 3385 4416 γὰρ
3419 4345 3511 4397 καὶ
3538 4337 3643 4397 οἷόν
3669 4360 3728 4395 τε

479 4438 695 4507 quidem
736 4437 861 4502 tale,
894 4452 1024 4491 caro
1058 4436 1175 4490 lieri
1226 4436 1507 4505 nequibat)
1534 4435 1882 4504 Unigenitum
1913 4451 2048 4504 prae-

2162 4438 2221 4512 ἦν
2244 4442 2335 4494 τὸν
2361 4440 2598 4494 τοιοῦτον
2624 4441 2799 4509 σάρκα
2834 4438 3083 4507 γενέσθαι
3106 4455 3120 4499 ;
3146 4438 3165 4506 )
3219 4438 3532 4505 ἀναγκαίως
3569 4437 3732 4489 Mono-~

479 4531 710 4595 dixerat,
742 4541 797 4584 et
844 4529 1067 4598 gloriam
1129 4529 1244 4597 ejus
1282 4528 1464 4593 talem,
1518 4529 1733 4598 qualem
1774 4529 1897 4583 Filii
1949 4528 2043 4585 Dei

2158 4533 2288 4604 γενῆ
2347 4531 2506 4585 αὑτὸν
2560 4532 2805 4603 προεῖπε.
2849 4530 2958 4582 Καὶ
2990 4528 3086 4600 τὴν
3132 4526 3287 4593 δόξαν
3315 4528 3479 4581 αὐτοῦ
3532 4527 3757 4600 ταύτην’

479 4622 742 4693 unigeniti
793 4622 1021 4692 gloriam
1057 4620 1424 4690 intelligimus.
1457 4620 1521 4674 Et
1545 4620 1771 4691 gloriam
1818 4622 1891 4675 illi
1927 4636 2046 4676 eam

2162 4622 2296 4679 εἶναι
2322 4618 2594 4688 διδάσκει,
2646 4622 2765 4677 καθ’
2798 4623 2865 4693 ἣν
2901 4626 3097 4677 νοεῖται
3133 4621 3430 4693 μονογενὴς.
3466 4621 3561 4673 τοῦ
3597 4620 3733 4674 Θεοῦ

476 4729 503 4766 a
539 4711 699 4767 Patre
750 4728 963 4782 quoque
1015 4713 1172 4766 docet
1218 4720 1275 4763 et
1327 4726 1431 4766 non
1481 4711 1697 4766 aliunde
1743 4712 2047 4767 advenisse.

2162 4717 2302 4781 Υἱός.
2353 4715 2646 4786 ’Υπάρχειν
2672 4732 2731 4766 τε
2761 4714 2869 4785 (86)
2906 4714 3073 4785 αὐτῷ,
3103 4713 3257 4784 φησὶ,
3302 4713 3402 4784 τὴν
3438 4712 3594 4778 δόξαν
3634 4711 3730 4765 οὐκ

476 4808 611 4862 Nam
655 4822 753 4863 nec
794 4808 1109 4877 ingenitam,
1153 4824 1250 4863 nec
1289 4808 1559 4878 principio
1608 4817 1905 4875 carentem,
1948 4824 2049 4864 nec

2162 4808 2377 4864 ἄλλοθεν
2404 4808 2437 4879 ἦ
2472 4807 2619 4881 παρὰ
2644 4805 2736 4859 τοῦ
2764 4806 2975 4877 Πατρός
2999 4818 3012 4831 ·
3042 4805 3102 4857 οὐ
3138 4804 3246 4874 γὰρ
3273 4803 3587 4873 ἀγέννητον,
3614 4802 3729 4855 οὐδὲ

472 4914 504 4953 a
549 4915 607 4955 se
643 4914 968 4969 possessam,
1008 4910 1064 4954 et
1104 4915 1207 4953 non
1256 4900 1477 4954 aliunde
1522 4899 1749 4970 gloriam
1787 4900 2042 4965 habebat,

2162 4903 2411 4974 ἄναρχον,
2441 4901 2561 4954 οὐδὲ
2597 4900 2891 4971 ἰδιόκτητον
2924 4894 3036 4969 εἶχε
3062 4897 3160 4967 τὴν
3186 4897 3342 4961 δόξαν
3360 4938 3374 4963 ,
3402 4895 3536 4950 ἀλλὰ
3585 4894 3729 4967 παρὰ

477 4996 571 5050 sed
600 5009 630 5047 a
659 4994 818 5048 Patre
864 5008 964 5048 suo
1014 5003 1293 5062 acceptam
1328 5012 1341 5048 :
1372 4992 1515 5061 quod
1573 4992 1733 5047 docet
1787 4994 1902 5063 ipse
1957 4993 2044 5047 in-

2162 4994 2245 5047 τοῦ
2303 4992 2513 5065 Πατρὸς
2547 4990 2722 5043 λαϐών
2777 4990 2906 5061 (87).
2963 4987 3029 5043 Ὃ
3058 4989 3119 5060 δὴ
3158 4989 3251 5042 καὶ⁸
3292 4988 3450 5050 αὐτὸς
3490 4986 3729 5055 παρίστη

478 5088 674 5156 quiens
704 5104 717 5139 :
753 5086 936 5151 Pater,
974 5086 1212 5156 gloriﬁca
1247 5101 1328 5138 me
1370 5085 1540 5153 gloria
1570 5083 1664 5138 illa
1710 5102 1867 5155 quam
1904 5088 2043 5155 apud

2162 5087 2344 5155 λέγων,
2364 5084 2575 5153 Πάτερ,
2612 5083 2878 5146 δόξασόν
2902 5100 2978 5151 με
3002 5080 3075 5149 τῇ
3108 5081 3279 5149 δόξῃ,
3302 5078 3383 5146 ἢν
3418 5074 3584 5145 εἶχον
3613 5073 3727 5145 περὶ

481 5189 530 5235 te
578 5182 761 5249 habui,
808 5192 930 5236 ante
983 5180 1405 5235 constitutionem
1449 5180 1601 5233 istius
1648 5180 1832 5232 mundi
1856 5179 1922 5243 ⁸³,
1950 5179 2039 5234 cui

2162 5180 2257 5233 τοῦ
2292 5179 2397 5232 τὸν
2429 5180 2659 5247 κόσμον
2688 5174 3019 5245 εἶναιπαρὰ
3043 5175 3163 5229 σοί.
3200 5176 3295 5227 Ὃν
3319 5172 3411 5225 καὶ
3443 5168 3727 5242 hyeme-tat

555 5348 613 5406 p14
644 5344 741 5397 Ed.
785 5342 983 5412 Paris.,
1011 5360 1134 5417 pag.
1163 5344 1250 5400 85.
1325 5344 1411 5400 "1
1438 5342 1579 5399 Tim.
1602 5360 1672 5409 vr,
1708 5344 1793 5403 16.
1870 5344 1915 5376 ⁸³
1939 5341 2093 5400 Joan.
2129 5342 2266 5409 1,14.
2344 5344 2389 5375 ⁸³
2413 5342 2573 5403 Joan.
2596 5358 2730 5411 xvn,
2762 5341 2815 5397 5.

2156 5519 2445 5647 “gallie.
2480 5577 2626 5645 αὐτῷ
2658 5579 2738 5632 vel
2768 5576 2932 5631 αὐτοῦ
2972 5577 3102 5645 Mp.,
3124 5578 3283 5647 vulgo
3315 5577 3500 5633 αὐτόν.

2251 5582 2340 5643 86)
2374 5582 2445 5630 ίσ.
2480 5582 2626 5645 αὐτῷ
2658 5582 2738 5632 vel
2768 5582 2932 5631 αὐτοῦ
2972 5582 3102 5645 Μρ.,
3124 5582 3283 5647 vulgo
3315 5582 3500 5633 αὐτόν.

2224 5582 2336 5735 is?)
2364 5647 2537 5774 yttlgo
2562 5649 2667 5709 ὅδε,
2694 5659 2760 5731 ει.
2778 5665 2895 5732 mox
2928 5649 3078 5717 παρά
3106 5666 3198 5703 σου
3217 5661 3278 5721 et,
3296 5645 3525 5713 ἐδόξασα
3548 5640 3724 5701 συίοᾶ

2227 5735 2392 5774 αυτου
2428 5737 2467 5773 π
2510 5737 2627 5774 ντες
2658 5730 2711 5774 et
2738 5734 2926 5772 ακουει
2960 5719 3093 5774 Σαὸ.

2510 5737 2627 5782 ντες
2658 5730 2711 5775 et
2738 5719 2926 5772 ἀκούει
2960 5719 3093 5774 Σαὸ.

554 5503 673 5577 (8.3)
688 5500 800 5577 Ἦν
825 5508 852 5559 ὁ
879 5506 1035 5574 ὶξγος
1065 5508 1239 5577 vulgo.

550 5575 909 5648 (86‘)‘M6vmv
938 5575 1188 5648 Mp._llloi
1221 5578 1377 5648 vulgo
1410 5578 1648 5635 διδάσκει
1682 5577 2009 5642 Απόστολος.

579 5644 668 5714 84)
695 5645 797 5712 Μρ.
831 5647 903 5698 ῐσ.
939 5644 1238 5715 δυνάμεων.
1288 5644 1424 5713 Inl'ra
1450 5654 1604 5714 vulgo
1649 5650 2036 5722 ἐχρημάτισεν.

551 5652 666 5787 ἒὸὄ)
702 5715 869 5787 Vulgo
908 5734 1016 5774 oni.
1064 5718 1175 5770 καί.
1210 5721 1353 5773 lnl'ra
1397 5720 1587 5787 θνητὸν
1642 5722 1662 5771 )
1763 5720 2036 5787 ὑπερϐάλ-

577 5716 666 5785 85)
702 5715 869 5787 Vulgo
908 5734 1016 5774 oni.
1064 5718 1175 5770 καί.
1210 5721 1353 5773 lnl'ra
1397 5720 1587 5789 θνητὸν
1642 5715 1725 5771 )”’
1763 5715 2040 5791 ὑπερϐάλ-

2162 5729 2202 5776 ξι
2227 5715 2392 5774 αὑτοῦ
2428 5737 2467 5773 π
