4086 6202
377 263 487 321 869

1338 267 1420 322 DE
1459 267 1990 325 ECCLESIASTICA
2029 268 2419 327 THEOLOGIA
2459 271 2591 330 LIB.
2631 271 2672 328 1.

3510 278 3613 332 8Ἱο

376 378 561 447 λέγων
592 378 623 431 6
653 378 864 451 Πατήρ
902 377 1010 434 Καὶ
1042 378 1305 443 ἐδόξασα
1350 380 1449 434 καὶ
1477 381 1661 436 πάλιν
1697 382 1948 448 δοξάσω.

2059 388 2389 453 respondens
2430 385 2504 439 ait
2548 385 2711 440 Pater
2743 400 2758 439 :
2787 383 3184 463 Etgloriﬁcavi
3226 396 3297 453 te,
3332 399 3377 442 et
3425 390 3612 445 iterum

378 473 496 526 Καὶ
538 472 619 526 ἔτι
668 472 865 545 μᾶλλον
903 473 1004 546 τὴν
1055 474 1350 529 ὑπόστασιν
1395 475 1557 529 αὐτοῦ
1596 478 1903 547 συνίστησιν
1930 480 1958 531 6

379 562 551 626 αὐτὸς
600 563 986 635 εύαγγελιστής
1016 565 1326 637 ἐπιφέρων,
1393 568 1642 638 Ἰωάννης
1690 570 1959 641 μαρτυρεί

377 653 515 725 περὶ
540 653 703 717 αὐτοῦ
730 654 821 707 καὶ
846 654 1085 726 κέκραγε
1126 656 1299 724 λέγων
1325 674 1338 689 ο
1368 654 1559 725 Οὗτος
1590 657 1668 730 ἦν
1698 665 1730 714 d
1765 664 1955 715 ὀπίσω

380 757 500 808 μου
523 740 840 815 ἐρχόμενος
865 780 880 805 ,
910 743 978 809 ὃς
1008 745 1347 813 ἔμπροσθέν
1380 764 1496 815 μου
1534 750 1777 817 γέγονεν
1798 790 1812 815 ,
1866 752 1955 804 ὅτι

382 831 614 900 πρῶτός
636 851 752 903 μου
792 832 894 906 ἦν,
932 835 1020 888 ὅτι
1070 836 1139 890 ἐκ
1185 837 1292 890 τοῦ
1340 838 1729 907 πληρώματος
1768 842 1953 895 αὐτοῦ

294 978 301 985 ,
381 923 555 992 ἡμεῖς
582 924 803 992 πάντες
852 928 1162 997 ἐλάϐομεν.
1216 928 1375 981 Ἀλλὰ
1427 929 1652 999 βοῶντος
1689 933 1951 993 Ἰωάννου,

382 1015 463 1067 ὅτι
492 1014 705 1086 πρῶτος
748 1013 815 1087 ἦν
854 1018 1016 1071 αὑτοῦ
1044 1058 1058 1082 ,
1083 1020 1181 1072 οὐκ
1223 1019 1407 1073 ἀκούει
1447 1023 1474 1073 6
1502 1021 1618 1085 νέος
1646 1023 1949 1086 Σαϐελλιος,

383 1106 555 1159 καίτοι
582 1106 724 1160 κατὰ
744 1110 924 1179 σάρκα
943 1110 1149 1181 προῆγε
1195 1110 1288 1163 τοῦ
1316 1110 1531 1182 (88-89)
1568 1112 1666 1183 τὴν
1691 1115 1901 1181 γένεσιν
1924 1117 1952 1168 ό

382 1196 689 1267 Βαπτιστὴς
734 1199 1001 1269 Ἰωάννης.
1034 1199 1158 1262 Πῶς
1191 1193 1282 1252 οὖν
1304 1196 1658 1270 μαρτύρεται,
1693 1202 1775 1254 ὅτι
1802 1203 1947 1273 πρῶ-

376 1304 468 1352 τος
495 1287 660 1341 αὑτοῦ
696 1285 762 1359 ἦν
786 1292 882 1360 ;τῇ
909 1290 1007 1360 μὲν
1034 1290 1142 1361 γὰρ
1166 1292 1307 1345 κατὰ
1336 1293 1511 1363 σάρκα
1541 1294 1816 1363 γεννήσει,
1851 1294 1949 1347 οὐκ

377 1374 444 1450 ἦν
467 1380 686 1450 πρῶτος
713 1380 875 1433 αὐτοῦ
899 1384 926 1434 6
949 1383 1137 1453 Σωτήρ
1161 1399 1177 1413 ·
1212 1382 1410 1436 οὐκοῦν
1432 1383 1553 1436 καθ’
1585 1384 1613 1437 ὃ
1639 1384 1949 1457 Μονογενὴς

372 1463 442 1540 ἦν
471 1467 568 1521 τοῦ
590 1468 746 1532 Θεοῦ,
776 1468 987 1540 πρῶτος
1016 1465 1083 1541 ἦν
1113 1470 1205 1524 τοῦ
1236 1473 1501 1530 Ἰωάννου.
1528 1474 1621 1526 καὶ
1644 1473 1947 1546 ἔμπροσθεν

376 1557 543 1612 αὐτοῦ
570 1560 809 1628 γέγονεν.
840 1556 965 1631 'Ap'
986 1557 1077 1615 οὖν
1098 1562 1401 1634 ἐπιδέχεται
1416 1564 1587 1618 ταῦτα
1610 1566 1702 1618 ἐπὶ
1725 1565 1813 1619 τὸν
1838 1568 1949 1619 Πα-

375 1648 513 1721 τέρα
536 1651 630 1702 καὶ
644 1649 774 1703 Θεὸν
798 1650 902 1703 τῶν
921 1652 1056 1705 ὅλων
1091 1653 1473 1725 ἀναφέρεσθαι,
1503 1655 1535 1727 ἢ
1571 1657 1661 1709 ἐπὶ
1693 1656 1946 1710 ἀνούσιον

2056 475 2446 545 gloriﬁcabo“.
2505 477 2608 530 Sed
2651 478 2827 532 adhuc
2865 478 3093 533 ulterius
3146 480 3475 551 evangelista
3527 483 3614 537 ille

2056 566 2197 620 idem
2226 566 2293 620 de
2322 566 2598 636 hypostasi
2625 568 2795 637 ipsius
2821 569 3067 637 perhibet
3098 571 3487 637 testimonium,
3524 573 3611 625 ubi

2054 655 2287 711 Joannes
2334 658 2573 727 Baptista
2624 660 2986 713 testimonium
3019 662 3066 715 ei
3098 662 3389 730 perhibuit,
3412 674 3467 718 et
3499 665 3615 718 cla-

2056 751 2223 804 mavit
2253 751 2436 805 dicens
2470 751 2615 805 :Hic
2664 762 2775 805 erat
2817 754 2906 821 qui
2934 762 3046 821 post
3088 771 3169 807 me
3214 757 3443 819 veniens,
3492 768 3614 808 ante

2056 861 2134 898 me
2165 844 2335 912 factus
2366 856 2463 909 est,
2494 846 2617 915 quia
2649 848 2796 913 prior
2824 862 2903 898 me
2948 858 3080 910 erat,
3112 849 3235 917 quia
3277 849 3341 902 de
3383 851 3612 917 plenitu-

2053 940 2174 993 dine
2202 940 2313 1009 ejus
2342 956 2516 993 omnes
2544 941 2834 1008 accepimus
2850 943 2917 997 ⁸³.
2962 942 3065 997 Sed
3101 943 3419 996 clamantem
3443 942 3611 997 Joan-

2053 1047 2175 1085 nem
2206 1033 2345 1100 qnod
2395 1033 2544 1099 prior
2582 1032 2698 1100 ipso
2740 1030 2919 1097 fuerit,
2948 1034 3215 1088 Sabellius
3274 1050 3379 1088 non
3438 1037 3608 1099 audit,

2053 1136 2324 1194 utcunque
2365 1126 2431 1179 de
2464 1127 2814 1192 generatione
2852 1119 2990 1193 ap'nd
3024 1125 3236 1180 Patrem
3265 1126 3504 1195 Baptista
3529 1129 3611 1182 in-

2051 1219 2307 1270 stituebat
2362 1231 2685 1271 sermonem.
2737 1217 3017 1284 Quomodo
3061 1218 3224 1283 igitur
3267 1218 3316 1271 ei
3366 1218 3611 1272 testimo-

2049 1310 2195 1363 nium
2224 1310 2489 1377 perhibet,
2527 1310 2670 1378 quod
2701 1318 2826 1365 ante
2863 1309 3038 1378 ipsum
3084 1307 3242 1362 erat?
3270 1308 3435 1363 Certe
3464 1310 3606 1376 quod

2050 1408 2259 1468 spectat
2311 1399 2492 1453 carnis
2536 1400 2974 1469 generationem,
3015 1397 3276 1453 Servator
3336 1412 3441 1450 non
3490 1405 3611 1450 erat

2049 1500 2174 1541 ante
2195 1505 2315 1543 eum
2346 1505 2360 1541 :
2392 1493 2701 1545 necessario
2727 1491 2837 1545 vult
2874 1491 3168 1545 secundum
3199 1504 3341 1555 eam,
3371 1502 3477 1556 qua
3514 1486 3606 1540 Dei

2049 1580 2245 1633 dicitur
2280 1579 2619 1652 Unigenitus.
2661 1581 2967 1636 Secundum
3019 1582 3161 1636 hanc
3218 1584 3367 1648 prior
3404 1579 3609 1634 Joanne

2050 1663 2173 1729 fuit,
2205 1675 2260 1721 et
2287 1678 2413 1720 ante
2448 1682 2569 1721 eum
2633 1667 2980 1721 nascebatur.
3023 1665 3338 1718 Patieturne
3389 1665 3490 1717 ista
3541 1666 3608 1717 ad

380 1739 923 1794 καὶάνυπόστατονέν
954 1740 1031 1811 τῷ
1061 1741 1178 1812 Θεῷ
1214 1742 1483 1811 Λόγοντὸν
1520 1744 1677 1796 αὐτὸν
1713 1745 1840 1799 ὄντα
1872 1746 1948 1816 τῷ

2049 1747 2258 1803 Patrem
2293 1759 2347 1804 et
2376 1751 2747 1804 universorum
2778 1750 2945 1803 Deum
2977 1750 3190 1811 referri,
3222 1765 3289 1801 an
3321 1749 3499 1817 potius
3535 1749 3603 1800 ad

379 1832 531 1904 Θεῷς
580 1832 690 1886 Καὶ
720 1832 835 1896 πῶς
873 1833 937 1889 ἂν
964 1834 1049 1903 εἴη
1071 1834 1290 1887 δυνατὸν
1320 1836 1446 1907 περὶ
1478 1837 1570 1889 τοῦ
1602 1836 1675 1907 μὴ
1708 1837 1949 1907 ὑφεστῶ-

382 1940 471 1987 τος
496 1920 652 1991 λόγου
669 1924 921 1992 λέγεσθαι
941 1925 1019 1989 τὸ,
1048 1924 1423 1994 Ἐμπροσθέν
1442 1945 1560 1995 μου
1582 1926 1786 1996 γέγονε
1810 1944 1828 1989 ;
1853 1928 1948 1991 Τίς

382 2014 428 2066 δ’
459 2013 596 2068 οὕτω
623 2014 834 2086 μανείη,
868 2015 942 2080 ὡς
997 2016 1214 2087 νομίσαι
1248 2016 1497 2087 Ἰωάννην
1529 2016 1618 2069 τὸν
1640 2018 1946 2089 Βαπτιστὴν

383 2106 511 2175 περὶ
526 2104 616 2158 τοῦ
633 2106 767 2159 Θεοῦ
784 2106 890 2161 τῶν
908 2106 1044 2159 ὅλων
1059 2107 1334 2179 εἰρηκέναι
1350 2108 1817 2177 τδ,Ἕμπροσθέν
1829 2128 1947 2180 μου

382 2194 585 2264 γέγονε
604 2237 618 2259 ,
651 2198 745 2251 καὶ
789 2199 872 2251 ὅτι
926 2198 1154 2267 πρῶτός
1175 2217 1293 2269 μου
1318 2196 1429 2270 ἧν;
1457 2200 1661 2253 Οὐκοῦν
1684 2202 1947 2255 δέδεικται

380 2287 467 2340 διὰ
508 2290 710 2342 τούτων
766 2291 1131 2361 προῦπάρχων
1176 2291 1275 2360 τῆς
1324 2291 1565 2345 Ἰωάννου
1616 2294 1875 2361 γενέσεως
1919 2296 1948 2347 6

381 2380 815 2452 Θεολογούμενος,
852 2383 946 2435 καὶ
1002 2382 1306 2454 ἔμπροσθεν
1349 2383 1513 2437 αὑτοῦ
1555 2384 1791 2453 γεγονὼς
1835 2384 1946 2450 490)

382 2472 607 2544 συνέστη
630 2491 687 2527 τε
720 2475 780 2527 οὐ
818 2475 976 2544 μόνον
1013 2475 1181 2543 Λόγος
1200 2517 1214 2540 ,
1246 2475 1379 2528 ἀλλὰ
1416 2478 1507 2528 καὶ
1534 2475 1663 2539 Θεὸς
1689 2476 1780 2529 καὶ
1810 2476 1944 2544 φῶς,

378 2566 474 2618 καὶ
496 2566 823 2636 Μονογενὴς,
856 2567 961 2638 πρὸ
995 2567 1093 2635 τῆς
1132 2567 1395 2638 ἐνσάρκου
1438 2570 1735 2639 παρουσίας
1777 2569 1948 2641 ὑπάρ-

380 2674 490 2726 χων
517 2674 575 2710 τε
602 2659 695 2710 καὶ
720 2658 1120 2729 ὠνομασμένος.
1148 2660 1362 2713 Τούτων
1395 2659 1450 2712 δὲ
1483 2659 1644 2713 πόθεν
1683 2662 1715 2719 ἡ
1749 2661 1946 2727 γνῶσις

382 2747 459 2819 τῷ
491 2748 861 2819 εὐαγγελιστῇ,
892 2749 1050 2812 αὐτὸς
1087 2749 1313 2821 δηλώσει
1336 2750 1505 2817 λέγων
1536 2748 1693 2820 ἑξῆς,
1725 2754 1752 2802 ὁ
1778 2752 1947 2803 Μονο-

383 2840 547 2910 γενὴς
578 2832 702 2903 Υἱὸς
736 2843 763 2893 6
784 2840 857 2893 ὣν
891 2844 969 2904 εἰς
989 2843 1079 2895 τὸν
1107 2842 1303 2894 κόλπον
1327 2841 1419 2895 τοῦ
1446 2841 1658 2912 Πατρὸς
1678 2881 1692 2904 ,
1742 2843 1947 2902 ἐκεῖνος

382 2930 705 3001 ἐξηγήσατο.
759 2932 918 3003 Ὁρᾷς
969 2931 1119 3002 παρὰ
1168 2932 1312 2995 τίνος
1355 2930 1636 3002 μεμάθηκε
1682 2930 1773 2983 τοῦ
1820 2931 1943 2983 Υίοῦ

384 3022 485 3092 τὴν
513 3006 714 3090 Θεολογί
721 3040 801 3076 αν.

2050 1841 2272 1893 verbum
2320 1840 2742 1894 involuntarium
2784 1850 2838 1895 et
2876 1841 3171 1894 inexistens
3207 1840 3261 1893 in
3290 1840 3432 1903 Deo,
3464 1840 3606 1906 quod

2050 1948 2167 1985 cum
2187 1931 2296 1986 Deo
2325 1932 2462 1987 idem
2486 1931 2598 1986 sit?
2619 1931 2722 1987 Sed
2742 1932 2806 1985 de
2833 1933 2993 1986 verbo
3018 1948 3122 1987 non
3150 1930 3497 1995 subsistente,
3521 1939 3605 1982 est

2050 2020 2380 2090 impossibile
2399 2030 2461 2074 ut
2487 2020 2699 2075 dicatur
2739 2020 2871 2074 illud
2906 2038 2919 2073 ε
2957 2022 3092 2075 Ante
3136 2037 3215 2074 me
3255 2019 3447 2088 fuerat.
3473 2019 3605 2084 Quis

2050 2115 2184 2166 adeo
2215 2113 2437 2166 insanus
2469 2121 2571 2174 est,
2604 2122 2662 2165 ut
2693 2112 2943 2179 opinetur
2968 2110 3265 2180 Baptistam
3301 2112 3365 2166 de
3386 2112 3605 2165 univer-

2050 2219 2230 2260 sorum
2275 2204 2386 2258 Deo
2438 2203 2625 2258 istbaec
2684 2218 3017 2269 usurpasse:
3048 2201 3181 2255 Erat
3220 2213 3341 2256 ante
3398 2219 3497 2264 me,
3552 2213 3607 2256 et

2048 2298 2194 2365 prius
2218 2312 2295 2349 me
2340 2296 2546 2364 genitus
2570 2305 2643 2348 est
2668 2295 2693 2348 ἱ)
2728 2300 2787 2357 >14
2817 2293 2953 2347 llinc
2983 2294 3149 2363 igitur
3176 2294 3605 2348 demonstratum

2050 2399 2156 2452 est,
2188 2403 2312 2443 eum
2360 2388 2427 2441 de
2475 2386 2631 2452 cujus
2670 2384 2955 2439 divinitate
2987 2384 3186 2454 agitur,
3216 2392 3342 2438 ante
3368 2384 3605 2453 genitum

2047 2479 2307 2535 Joannem
2362 2478 2705 2532 substitisse:
2741 2484 2795 2530 et
2844 2476 2993 2544 prius
3032 2473 3121 2528 illo
3169 2476 3404 2544 genitum
3437 2475 3607 2528 exsti-

2050 2569 2228 2623 tisse:
2267 2567 2358 2637 qui
2410 2581 2514 2621 non
2554 2565 2724 2619 solum
2774 2565 2930 2617 modo
2985 2563 3246 2628 Verbum,
3302 2564 3397 2619 sed
3445 2566 3605 2627 Deus,

2049 2659 2165 2723 lux,
2197 2658 2539 2728 Unigenitus,
2568 2665 2695 2709 ante
2724 2654 3011 2708 adventum
3040 2653 3092 2705 in
3122 2668 3287 2708 carne
3312 2663 3367 2707 et
3409 2663 3523 2708 erat
3549 2665 3606 2708 et

2047 2750 2347 2804 dicebatur.
2411 2747 2563 2802 Unde
2618 2761 2748 2801 vero
2801 2746 2917 2800 haac
2966 2744 3205 2813 cognitio
3261 2744 3605 2812 evangelista

2047 2839 2359 2902 accesserit,
2378 2839 2490 2908 ipse
2510 2854 2606 2893 nos
2634 2838 2845 2893 docebit
2871 2837 2925 2893 in
2949 2834 3325 2903 sequentibus,
3348 2834 3606 2903 Unigeni-

2048 2938 2134 2983 tus
2173 2927 2363 2993 Filius,
2407 2930 2499 2997 qui
2529 2940 2647 2984 erat
2686 2928 2737 2981 in
2777 2928 2898 2981 sinu
2933 2925 3135 2986 Patris,
3162 2926 3276 2992 ipse
3302 2924 3600 2979 enarravit.

2051 3019 2209 3074 Vides
2234 3018 2393 3074 Verbi
2425 3019 2722 3073 divinitatis
2761 3017 2997 3071 rationes
3026 3014 3164 3069 unde
3186 3013 3395 3068 didicit.

454 3112 515 3165 ε’.
544 3115 617 3167 Οὐ
646 3087 749 3185 γὰρ
783 3116 980 3185 Μωσῆς
1005 3131 1165 3183 φησιν
1191 3113 1323 3183 (91),
1373 3113 1491 3166 οὐδὲ
1532 3114 1823 3185 προφητῶν
1864 3133 1946 3178 τις

2117 3110 2167 3166 5.
2209 3109 2326 3165 Non
2372 3110 2583 3181 Moyses
2630 3110 2724 3175 ait,
2762 3109 2855 3164 sed
2900 3122 3001 3163 nec
3040 3103 3418 3175 pr0phetarum
3460 3100 3609 3174 quis-

380 3202 489 3255 τῶν
520 3203 656 3273 μετὰ
683 3203 880 3257 Μωσέα
902 3220 913 3233 ·
945 3202 1063 3255 οὐδέ
1089 3219 1151 3269 γε
1172 3202 1417 3271 ἀγγέλων
1442 3219 1542 3265 τις,
1572 3203 1604 3272 ἢ
1634 3202 1738 3255 τῶν
1773 3221 1950 3274 κρειτσ

379 3291 548 3346 τόνων
593 3293 872 3362 δυνάμεων
892 3332 905 3356 ,
938 3291 1051 3344 ἀλλ’
1073 3292 1232 3355 αὐτὸς
1266 3293 1293 3343 6
1343 3294 1632 3363 μονογενὴς
1660 3292 1785 3354 Υἱὸς
1809 3293 1947 3346 τοῦτ’

378 3382 697 3454 ἐξηγήσατο.
724 3384 928 3437 Οὐκοῦν
971 3387 999 3437 6
1040 3385 1135 3455 μὲν
1177 3383 1402 3454 ἀόρατος
1442 3383 1572 3447 Θεὸς
1615 3384 1711 3437 ούκ
1756 3384 1950 3455 ἐξηγή-

381 3492 545 3539 σατο,
583 3477 611 3528 6
656 3475 712 3528 δὲ
763 3475 1052 3546 μονογενὴς
1093 3475 1218 3538 Υἱὸς
1264 3465 1454 3546 ὁρατὸς
1490 3475 1807 3545 γενόμενος,
1852 3476 1948 3546 τὴν

382 3567 621 3638 περὶτοῦ
651 3568 863 3637 Πατρδς
895 3566 1197 3639 ἀνθρώποις
1224 3567 1480 3637 ἐξήγησιν
1508 3567 1815 3637 ἐποιήσατο,
1844 3566 1950 3618 ἔτε-

384 3682 473 3735 ρος
517 3662 591 3716 ὣν
633 3663 832 3734 δηλαδὴ
880 3662 1027 3733 παρὰ
1054 3662 1143 3715 τὸν
1194 3663 1421 3731 ἀόρατον
1476 3661 1639 3714 Θεόν’
1682 3660 1818 3715 ἀλλὰ
1856 3661 1947 3713 καὶ

384 3755 749 3826 προῦπάρχων
777 3750 867 3825 ἦν,
902 3755 1000 3806 οὐκ
1044 3755 1101 3806 ὲν
1127 3756 1193 3825 τῇ
1242 3754 1446 3823 διανοίᾳ
1477 3752 1566 3804 τοῦ
1596 3752 1805 3823 Πατρὸς
1828 3791 1841 3815 ,
1875 3753 1949 3815 ὡς

383 3844 555 3897 ἐδόκει
582 3843 905 3926 Μαρκέλλῳ,
939 3843 1050 3896 ἀλλ’
1076 3845 1131 3895 ὲν
1162 3845 1273 3906 τοῖς
1296 3842 1511 3904 κόλποις
1546 3840 1735 3903 αὑτοῦ,
1762 3841 1949 3912 ὥσπερ

387 3935 498 4004 (92)
523 3936 587 4006 δὴ
615 3937 745 4005 ἡμῖν
775 3934 1153 4005 ἐπήγγελταιό
1185 3932 1372 4003 Σωτὴρ
1396 3934 1473 3995 εἰς
1493 3932 1724 3994 κόλπους
1756 3932 1948 4002 Ἀϐρα-

386 4027 465 4097 ὰμ
491 4028 585 4079 καὶ
621 4026 805 4079 Ἰσαὰκ
831 4028 920 4078 καὶ
958 4023 1147 4078 Ἰακὼϐ
1175 4020 1666 4082 διαναπαύσασθαι,
1691 4021 1833 4074 οὕτω
1855 4023 1948 4075 καὶ

384 4122 412 4170 ὁ
444 4120 571 4182 Υἱὸς
598 4123 675 4182 εἰς
696 4119 785 4172 τὸν
814 4119 1009 4171 κόλπον
1036 4112 1102 4187 ἦν
1133 4114 1226 4168 τοῦ
1252 4115 1461 4185 Πατρός
1485 4153 1500 4180 ,
1529 4115 1626 4183 οὐχ
1673 4111 1754 4175 εἷς
1798 4114 1890 4166 καὶ
1920 4114 1947 4165 6

385 4210 544 4273 αὐτὸς
583 4209 657 4263 ὢν
685 4209 760 4280 τῷ
798 4210 989 4280 Πατρὶ,
1020 4207 1141 4259 ἐπεὶ
1174 4205 1305 4275 μηδὲ
1336 4206 1494 4275 ἡμεῖς
1520 4204 1673 4257 αὐτοὶ
1713 4202 1947 4274 ἐσόμεθα

383 4304 495 4364 τοῖς
519 4302 693 4369 ἁγίοις
733 4301 1019 4369 πατράσιν.
1066 4297 1224 4349 Ἀλλὰ
1248 4296 1355 4367 γὰρ
1383 4296 1476 4348 ἐπὶ
1514 4295 1723 4359 τούτοις
1770 4296 1943 4366 τήρει,

385 4396 530 4455 ὅπως
554 4393 688 4462 μετὰ
704 4393 761 4445 τὸ
776 4391 920 4454 ἅπαξ
940 4390 1198 4461 ὀνομάσαι
1218 4389 1385 4457 Λόγον
1410 4387 1503 4441 καὶ
1517 4385 1647 4439 Θεὸν
1670 4387 1758 4439 τὸν
1784 4387 1944 4440 αὑτὸν
1975 4428 2019 4481 D

385 4487 647 4548 ἀνειπεῖν,
678 4484 771 4536 καὶ
796 4484 908 4551 φῶς
931 4479 1292 4543 ἀποκαλέσαι,
1324 4478 1419 4532 καὶ
1450 4475 1725 4547 Μονογενῆ
1754 4478 1939 4547 φάναι,

385 4577 479 4629 καὶ
504 4575 628 4629 Υίδν
654 4574 785 4627 Θεοῦ
828 4572 1185 4645 ὁμολογῆσαι,
1216 4573 1315 4626 οὐκ
1352 4572 1431 4625 ἔτι
1461 4568 1630 4638 Λόγον
1666 4570 1939 4641 ὀνομάζει,

385 4668 519 4722 ἀλλὰ
551 4669 643 4721 καὶ
674 4666 833 4720 αὐτὸν
862 4664 1044 4718 λοιπὸν
1082 4666 1282 4735 ἱστορεί
1329 4663 1419 4717 τὸν
1452 4664 1713 4734 Σωτῆρα,
1748 4662 1806 4715 ού
1839 4662 1941 4714 Λό-

385 4778 479 4829 γον
506 4758 698 4813 ἑαυτὸν
720 4755 1092 4811 ἀποκαλοῦντα
1114 4793 1129 4817 ,
1177 4755 1311 4809 ἀλλὰ
1344 4756 1471 4808 Υἱὸν
1500 4755 1595 4808 καὶ
1643 4752 1939 4822 Μονογενῆ,

386 4852 476 4905 καὶ
508 4851 639 4920 φῶς,
674 4850 767 4903 καὶ
792 4848 934 4919 ζωὴν
957 4887 971 4913 ,
1016 4848 1108 4899 καὶ
1133 4845 1390 4916 ἀλήθειαν
1408 4886 1421 4910 ,
1456 4846 1550 4899 καὶ
1573 4844 1708 4898 ἄλλα
1745 4843 1941 4914 μυρία·

386 4944 569 5014 ὥσπερ
592 4940 684 4996 οὖν
708 4941 937 4996 ἀκοῦσαι
969 4942 1227 5014 πάρεστιν
1247 4938 1411 4993 αὑτοῦ
1438 4931 1537 4992 ὧδέ
1565 4953 1642 5007 πη
1664 4935 1943 4987 διδάσκον-

387 5049 475 5095 τος
494 5050 508 5063 ·
545 5034 705 5085 Οὕτω
724 5031 833 5101 γὰρ
858 5029 1217 5099 ἠγάπησεν-ό
1237 5028 1378 5095 Θεὸς
1402 5027 1507 5081 τὸν
1518 5026 1768 5094 κόσμον,
1789 5020 1943 5076 ὥστε

388 5124 493 5176 τὸν
536 5122 668 5177 Υιόν
691 5122 873 5176 αὐτοῦ
914 5121 1019 5173 τὸν
1039 5116 1333 5190 μονογενῆ
1371 5117 1595 5172 ἔδωκεν
1616 5154 1631 5179 ,
1666 5114 1768 5167 ἵνα
1825 5109 1942 5177 πᾶς

2048 3204 2192 3273 piam
2223 3210 2346 3271 post
2385 3201 2622 3272 Moysen;
2648 3215 2663 3253 :
2688 3214 2792 3255 non
2824 3214 2854 3253 e
2898 3212 3123 3253 numero
3152 3194 3486 3265 angelorum,
3514 3206 3609 3247 aut

2049 3293 2358 3349 sublimium
2388 3293 2584 3362 aliquis
2610 3300 2935 3361 potestatum
2967 3306 2982 3342 :
3008 3289 3101 3343 sed
3142 3289 3255 3357 ipse
3283 3282 3451 3341 Filius
3479 3287 3605 3339 uni-

2048 3384 2282 3453 genitus,
2324 3385 2425 3438 hoc
2462 3383 2774 3437 enarrabat.
2830 3380 3153 3449 Unigenitus
3188 3377 3378 3440 Filius,
3425 3376 3605 3433 factus

2047 3472 2298 3536 visibilis,
2335 3475 2729 3527 enarrationem
2775 3471 2841 3525 de
2875 3470 3037 3523 Patre
3068 3468 3209 3537 apud
3252 3469 3496 3522 homines
3521 3470 3607 3522 in-

2048 3566 2306 3619 stituebat
2329 3564 2493 3627 alius,
2517 3577 2707 3631 nempe
2730 3562 3026 3623 euistens,
3067 3559 3134 3612 ab
3163 3558 3415 3612 invisibili
3456 3559 3562 3612 Deo
3587 3576 3601 3612 :

2048 3656 2140 3710 sed
2165 3666 2218 3709 et
2248 3654 2661 3721 praexsistebat
2694 3651 2783 3705 ille
2818 3667 2948 3713 non,
2978 3649 3120 3718 quod
3149 3646 3399 3701 Marcello
3430 3648 3605 3701 visum

2048 3755 2149 3810 est,
2190 3746 2241 3799 in
2291 3755 2471 3799 mente.
2512 3742 2723 3807 Patris;
2748 3741 2841 3797 sed
2884 3742 2938 3795 in
2983 3741 3103 3794 sinu
3147 3737 3303 3806 ejus:
3335 3739 3604 3807 quomodo

2048 3836 2297 3901 promisit
2348 3834 2605 3889 Servator
2661 3833 2835 3897 nobis,
2893 3846 2991 3886 nos
3042 3831 3094 3884 in
3137 3830 3257 3883 sinu
3304 3830 3603 3894 Abraham,

2047 3924 2215 3991 lsaac,
2247 3933 2301 3980 et
2329 3923 2498 3980 Jacob
2535 3924 2813 3994 quieturos
2847 3938 2861 3976 :
2895 3923 2968 3977 ita
3001 3931 3056 3977 et
3099 3920 3214 3989 ipse
3249 3928 3371 3974 erat
3401 3918 3454 3973 in
3482 3918 3605 3973 sinu

2048 4016 2243 4083 Patris,
2271 4031 2378 4073 non
2407 4032 2546 4072 unus
2583 4016 2831 4083 idemque
2856 4029 2975 4068 cum
3007 4027 3103 4068 suo
3130 4012 3309 4065 Patre.
3336 4009 3467 4064 Nam
3505 4025 3603 4064 nec

2049 4123 2146 4163 nos
2174 4107 2339 4162 futuri
2374 4122 2563 4162 sumus
2592 4107 2752 4161 iidem
2787 4122 2907 4159 cum
2950 4103 3152 4158 sanctis
3196 4103 3301 4157 illis
3338 4102 3599 4171 patribus.

2048 4201 2153 4255 Sed
2184 4209 2239 4254 et
2280 4199 2408 4253 illud
2454 4200 2675 4268 insuper
2705 4196 3099 4251 observandum
3132 4196 3298 4259 venit,
3340 4194 3482 4263 quod
3514 4194 3602 4247 ubi

2046 4292 2212 4347 semel
2228 4291 2456 4345 Verbum
2477 4291 2873 4353 nominaverant,
2901 4286 3145 4342 eumdem
3172 4286 3335 4341 etiam
3360 4293 3413 4339 et
3439 4285 3603 4338 Deum

2046 4391 2101 4437 et
2128 4382 2301 4437 lucem
2338 4381 2494 4447 dixit,
2519 4389 2573 4436 et
2601 4379 2941 4448 Unigenitutn
2974 4376 3280 4448 appellavit,
3317 4386 3372 4430 et
3411 4374 3603 4429 Filium

2047 4474 2139 4529 Dei
2171 4472 2476 4527 conﬁtetur.
2510 4468 2621 4527 Nec
2678 4471 2930 4539 deinceps
2964 4470 3113 4523 illum
3161 4466 3397 4521 Verbum
3444 4481 3602 4520 usuro

2046 4577 2159 4638 pat,
2192 4568 2285 4621 sed
2313 4576 2367 4620 et
2398 4564 2738 4619 Servatorem
2764 4569 3169 4624 commemorat,
3188 4558 3407 4627 insuper
3432 4557 3604 4624 ipsum

2050 4669 2108 4709 se
2136 4653 2406 4711 dicentem
2446 4668 2554 4709 non
2582 4652 2839 4715 Verbum,
2872 4650 2967 4704 sed
3006 4646 3199 4701 Filium
3244 4645 3604 4714 unigenitum,

2048 4746 2244 4813 lucem,
2280 4746 2466 4809 vitam,
2509 4743 2816 4805 veritatem,
2849 4750 2905 4795 et
2931 4746 3185 4793 sexcenta
3221 4737 3437 4806 quidem
3473 4736 3599 4790 alia.

2044 4838 2307 4893 Nimirum
2337 4838 2524 4893 audire
2551 4837 2678 4891 licet
2711 4836 2883 4904 ipsum
2925 4834 3004 4886 sic
3037 4832 3318 4885 docentem
3349 4846 3364 4883 :
3398 4828 3485 4882 Sic
3522 4830 3605 4880 di-

2046 4927 2173 4982 lexit
2217 4927 2357 4981 Deus
2401 4929 2673 4989 mundum,
2722 4934 2777 4977 ut
2820 4920 3019 4974 Filium
3067 4936 3220 4973 suum
3282 4917 3603 4987 unigenitum

2047 5025 2218 5083 daret,
2247 5029 2303 5072 ut
2330 5020 2496 5072 omnis
2525 5018 2613 5087 qui
2646 5015 2816 5068 credet
2864 5016 2917 5066 in
2951 5028 3065 5065 eum
3103 5027 3205 5063 non
3238 5021 3411 5075 pereat
3437 5010 3503 5061 ".
3538 5009 3603 5062 Et

2049 5112 2281 5166 iterum:
2311 5108 2490 5181 Neque
2536 5113 2672 5164 enim
2719 5110 2860 5162 misit
2921 5106 3059 5160 Deus
3114 5103 3312 5157 Filium
3364 5119 3515 5155 suum
3549 5104 3607 5156 in

461 5311 521 5370 >14
546 5304 645 5360 Ed.
666 5303 862 5371 Parim,
894 5317 1017 5374 pag.
1041 5300 1131 5356 86.
1203 5299 1251 5332 “
1281 5298 1437 5355 Joan.
1468 5312 1564 5361 χιι,
1592 5293 1682 5350 28.
1738 5292 1782 5325 ⁸⁸
1808 5290 1959 5347 Joan.
1994 5303 2034 5357 ι,
2066 5289 2152 5356 15,
2188 5290 2269 5343 16.
2344 5288 2390 5320 ⁸³
2420 5286 2572 5342 Joan.
2605 5302 2688 5349 ιιι,
2716 5286 2801 5340 16.

460 5547 673 5617 (88-89)
702 5543 867 5615 Vulgo
891 5545 1095 5617 πατρός
1117 5551 1169 5599 et
1199 5540 1333 5596 infra
1357 5535 1569 5607 πρῶτος
1602 5534 1764 5589 αὑτοῦ
1786 5528 1853 5604 ἦν
1888 5542 1944 5588 et

387 5616 479 5674 ἐπὶ
502 5617 751 5688 ἀκούσιον
776 5628 829 5670 el
850 5616 1091 5688 νομίσας·
1125 5683 1136 5688 -
1385 5680 1410 5688 -
1448 5680 1507 5688 ---
1546 5678 1570 5688 -

458 5672 567 5760 (90)
597 5672 930 5755 Συνέστηκεῦ
957 5687 1018 5737 οὺ
1051 5672 1209 5753 vulgo
1241 5690 1292 5737 et
1320 5680 1413 5734 τοῦ
1448 5678 1573 5733 Υἱοῦ
1604 5672 1903 5742 θεολογίαν.

2115 5522 2559 5598 (9ΙῌἍλλξ9ὑδὲ
2603 5520 2924 5598 προφητῶν
2978 5520 3239 5598 τις-..11ωο
3280 5528 3361 5577 est
3393 5533 3519 5576 vera
3538 5517 3603 5573 le.

2048 5592 2172 5654 ctio.
2201 5595 2343 5664 Mr;-
2372 5594 2516 5664 (Ego,
2534 5594 2690 5648 codd.
2712 5603 2930 5649 secutus
2955 5606 3070 5650 sum
3098 5592 3119 5662 )

2116 5666 2226 5737 (92)
2268 5662 2435 5733 Vulgo
2464 5662 2540 5715 δέ.
