2043 3101
198 148 255 176 875

673 144 716 171 DE
736 144 1001 173 ΕεειεδιΑδτβλ
1020 145 1215 173 THEOLOGIA
1234 146 1297 173 LIB.
1319 145 1340 173 L

1759 150 1810 177 376

200 203 310 240 ἀληθῶς
338 201 427 234 ζῶντα
457 202 504 228 καὶ
532 199 676 235 ὑφεστῶτα
704 200 853 233 ἐδίδασκεν,
875 200 912 232 ὡς
942 201 983 227 λέ-

1036 201 1124 227 dimus
1138 200 1238 233 itaque,
1251 200 1321 234 quod
1346 199 1442 227 Filium
1468 208 1545 228 suum
1562 201 1634 229 Deus
1650 209 1708 229 cum
1721 203 1813 239 dilige-

201 260 262 286 γειν
272 271 280 282 .
297 250 329 278 '0
339 250 438 284 Πατὴρ
456 246 557 282 ἀγαπᾷ
570 247 624 274 τὸν
648 247 715 275 Υἱὸν
728 248 777 274 καὶ
791 247 888 274 πάντα
898 247 985 274 δέδω-

203 306 258 324 κεν
271 295 310 323 ἐν
330 295 367 330 τῇ
382 295 457 330 χειρί
483 294 591 321 αὐτοῦ’
608 296 624 321 ὀ
649 294 796 320 πιστεύων
810 293 865 328 (97)
879 294 921 326 είς
933 289 985 319 ἑὸν

209 344 281 370 Υὶόν
296 342 356 376 ἔχει
373 340 448 374 ζωὴν
470 340 598 367 αἰώνιον.
625 339 798 374 Πιστεύωμεν
817 339 921 371 τοίνυν,
944 339 984 365 ὅτι

204 389 251 415 τδν
262 389 324 415 Υἱὸν
338 386 451 422 ἀγαπῶν
462 386 476 412 ὁ
485 386 578 421 Πατὴρ
594 385 681 412 πάντα
690 385 802 411 δέδωκεν
818 386 847 411 ὲν
866 387 898 420 τῇ
915 385 984 420 χειρὶ

205 434 296 461 αὑτοῦ.
321 433 470 468 Ἐπιμελῶς
483 433 511 459 δὲ
526 431 688 467 προσεκτέον
704 429 742 465 τῷ
752 430 850 457 πάντα
865 431 914 465 τῆς
931 431 984 457 τῶν

206 480 338 516 γεννητῶν
358 479 500 515 ὑπάρξεως
514 477 640 504 ἁπάντων
653 476 841 512 περιληπτικῷ
859 477 916 502 ὄντι
929 497 936 507 ,
950 478 983 503 δι’

204 524 234 554 οὗ
250 527 280 554 τὸ
297 526 408 561 μέγεθος
422 526 472 560 τῆς
481 524 528 551 τοῦ
541 524 606 551 Υἱοῦ
623 523 669 550 τοῦ
684 523 751 549 Θεοῦ
767 522 916 558 δυνάμεως.
935 522 982 548 ἴδοι

204 572 236 599 ἄν
249 580 299 602 τις,
316 571 445 606 ἐννοήσας
457 571 507 605 ὅσῃ
524 570 571 596 καὶ
586 569 667 604 ὁποίᾳ
686 569 757 604 χειρὶ
768 569 850 604 ,παρὰ
866 569 912 595 τοῦ
929 569 984 595 Πα-

202 619 264 653 τρὸς
279 617 439 644 ὑπεδέδεκτο
455 616 504 651 τὴν
528 615 581 642 τῶν
605 615 688 641 ὄντων
708 615 833 641 ἁπάντων
856 615 981 650 ὕπαρξιν.

202 664 232 689 Ei
247 663 300 697 γὰρ
317 661 348 697 δὴ
363 661 446 696 μέγας
461 661 475 686 ὁ
499 660 608 694 σύμπας
629 659 742 693 οὐρανός
760 668 789 685 τε
810 659 855 685 καὶ
872 659 981 694 κόσμος,

201 709 247 734 καὶ
268 708 371 734 τούτων
393 706 432 732 ἔτι
466 705 565 741 μακρῷ
591 704 732 739 κρείττονα
755 705 801 731 καὶ
825 704 983 740 διαφέροντα

199 752 328 787 τυγχάνει
350 751 384 778 τὰ
407 751 533 777 ἐπέκεινα
544 750 597 776 τῶν
618 749 763 784 ὁρωμένων
784 750 813 775 ὲν
830 750 983 784 ἀσωμάτοις

201 799 249 825 καὶ
264 798 420 832 ἀφθάρτοις,
434 797 538 832 νοεραῖς
550 804 579 822 τε
591 796 638 822 καὶ
655 796 741 833 θείαις
758 794 898 829 ὑφεστῶτα
909 795 983 821 δυνά-

203 852 276 879 μεσι,
299 843 386 870 πάντα
407 851 436 869 τε
460 842 509 868 ὅσα
533 842 578 868 τδν
602 842 735 877 ἡμέτερον
765 841 983 876 διαδιδράσκοντα

200 888 274 920 νοῦν,
287 888 335 922 τὴν
348 887 484 922 ἡμετέραν
504 887 603 920 γνῶσιν
620 886 761 913 λανθάνει·
777 886 878 913 τούτων
898 887 983 913 ἀπάν-

201 942 254 960 των
276 933 324 968 μία
338 932 384 959 τοῦ
399 931 566 965 Μονογενοῦς
587 931 651 958 Υἱοῦ
670 931 717 958 τοῦ
741 931 807 957 Θεοῦ
826 932 886 967 χεὶρ
904 941 982 967 περι-

201 978 377 1014 δραττομένη,
393 978 441 1012 τῆς
455 977 683 1012 ὰπειρομεγέθους
694 976 773 1003 αὐτοῦ
785 977 924 1012 δυνάμεως
935 978 983 1013 τὴν

204 1025 301 1060 ἀρετὴν
318 1024 500 1051 ἐπιδείκνυται
519 1023 584 1058 (98).
604 1024 635 1050 Ὂ
647 1023 678 1059 δὴ
686 1023 733 1049 καὶ
750 1023 783 1049 δι’
795 1023 890 1058 ἐτέρας
905 1023 984 1050 πάλιν

204 1071 284 1101 αὐτὸς
309 1072 323 1097 ὀ
347 1070 411 1102 Υἱὸς
434 1070 552 1106 παρίστη
571 1069 672 1104 φωνῆς,
696 1068 799 1102 λέγων,
822 1069 922 1095 Πάντα
933 1078 984 1103 μοι

203 1116 350 1151 παρεδόθη
369 1116 427 1144 ὐπὸ
453 1115 504 1142 τοῦ
532 1115 647 1149 Πατρός
668 1123 738 1149 μου.
763 1112 879 1146 Εἶθ’,ὼς
907 1114 984 1149 ἡμῶν

204 1161 375 1198 ἀπορούντων
386 1182 394 1194 ,
405 1161 446 1193 τίς
465 1161 524 1187 ποτ’
540 1158 584 1196 ἦν,
601 1160 647 1187 καὶ
671 1160 685 1186 ὁ
702 1159 832 1195 πηλίκος,
849 1160 863 1185 ὁ
877 1159 925 1195 τὴν
941 1169 984 1186 το-

203 1208 303 1243 σαύτην
311 1206 542 1243 παρακαταθήκην
550 1207 565 1233 ὑ
571 1205 769 1240 ποδεδεγμένος,
780 1205 828 1239 Μὴ
836 1204 922 1239 (ﬁrst,
934 1214 985 1241 φη-

205 1253 317 1288 σὶ,μηδ’
335 1252 435 1287 ἐρώτα.
458 1252 494 1279 Οὐ
510 1252 563 1287 γὰρ
578 1251 634 1286 ἔχει
651 1251 730 1285 φύσιν
744 1250 895 1286 ἀνθρώποις
915 1260 984 1285 γνω-

204 1300 341 1335 ρίζεσθαι,
364 1299 419 1325 ἀλλ’
440 1298 499 1325 οὐδὲ
520 1300 580 1329 ταῖς
607 1298 742 1333 κρείττοσι
765 1297 812 1324 καὶ
837 1297 984 1332 θειοτέραις

204 1346 347 1381 δυνάμεσιν
361 1345 377 1380 ἡ
392 1344 507 1379 ἀκριϐὴς
521 1344 567 1370 τοῦ
591 1343 656 1370 Υίοῦ
675 1343 721 1369 τοῦ
737 1342 804 1369 Θεοῦ
823 1343 981 1378 κατάληψις.

204 1392 249 1418 Διδ
272 1391 422 1426 προφήσας,
445 1389 544 1416 Πάντα
557 1397 606 1423 μοι
620 1389 768 1422 παρεδόθη
785 1388 844 1415 ὑπὸ
855 1388 908 1415 τοῦ
926 1389 983 1415 Πα-

204 1437 347 1470 τρόςμου,
361 1436 500 1470 ἐπήγαγεο
524 1434 579 1461 Kal
600 1433 698 1466 οὐδεὶς
724 1433 777 1468 (99)
797 1431 982 1467 ἐπιγινώσκει

205 1482 259 1509 τὸν
272 1481 351 1513 Υίὸν,
358 1482 382 1508 εὶ
387 1481 428 1515 μὴ
438 1482 453 1507 ὀ
461 1480 568 1514 Πατήρ.
581 1478 736 1513 Σεσιγάσθω
743 1479 831 1505 τοίνυν
842 1479 895 1509 πᾶς
902 1478 983 1513 ἀττόρ-

1038 251 1077 272 ret
1092 245 1181 277 Pater,
1196 245 1286 272 omnia
1301 245 1352 280 ipsi
1376 246 1401 272 in
1416 254 1512 274 manus
1529 247 1649 274 tradidit.
1669 249 1814 276 Attende"-

1035 291 1096 317 dum
1116 297 1157 318 est
1179 298 1259 325 porro
1281 291 1375 318 sedulo
1394 292 1427 318 ad
1444 292 1519 325 illud,
1538 293 1637 325 omnia,
1656 299 1747 327 utpote
1760 302 1814 330 quo

1036 343 1124 363 rerum
1140 337 1259 364 omnium
1277 337 1458 365 subsistentia.-
1474 340 1822 373 comprehendanturunum

1035 382 1067 408 de
1088 386 1116 409 et
1136 382 1228 409 videre
1247 382 1381 417 quispiam
1410 389 1501 417 posset
1527 385 1736 419 magnitudinem
1761 395 1811 421 po-

1036 427 1125 453 tentia:
1141 426 1200 454 Filii
1223 428 1286 461 Dei;
1301 429 1363 455 dum
1383 430 1524 464 recogitet,
1544 437 1672 465 quantam
1693 433 1815 467 qualem-

1034 473 1123 507 quein
1145 481 1253 500 manum
1286 475 1384 502 tradita
1407 476 1442 503 sit
1460 484 1474 503 a
1498 476 1578 505 Patre
1597 485 1686 505 rerum
1706 480 1815 506 univer-

1034 521 1123 544 sarum
1139 519 1321 546 subsistentia.
1339 520 1367 547 Si
1392 529 1515 556 magnum
1544 523 1579 549 sit
1601 524 1698 551 caelum
1719 529 1746 552 et
1763 525 1814 553 hoc

1035 563 1198 596 universum,
1210 570 1283 592 certe
1300 573 1358 599 qua:
1372 574 1451 600 supra
1467 571 1529 593 sunt
1541 568 1590 594 ista
1601 569 1686 596 oculis
1700 577 1813 605 usurpa-

1036 613 1070 641 ta,
1084 608 1109 635 in
1125 611 1303 644 potestatibus
1315 612 1489 639 subsistentia
1503 613 1678 648 incorporeis,
1692 616 1813 643 incorru-

1034 655 1183 689 plibiiiblls,
1201 656 1413 691 intelligibilibns
1427 664 1454 685 et
1474 659 1582 692 divinis,
1603 660 1686 688 multo
1705 662 1811 696 quidem

1034 701 1107 727 hisce
1131 706 1193 728 sunt
1207 702 1321 737 majora,
1333 708 1360 730 et
1376 705 1409 731 ab
1434 705 1492 732 istis
1515 706 1593 741 longe
1614 707 1812 741 discrepantia:

1032 753 1117 780 B'IQUG
1132 747 1165 774 ab
1180 748 1239 775 istis
1253 749 1390 783 universa,
1404 758 1463 784 qua:
1479 759 1541 779 cum
1555 756 1662 786 captum
1676 758 1814 781 transcen-

1033 792 1097 818 dant
1123 798 1252 825 nostrum,
1269 800 1388 822 nostram
1406 803 1514 830 quoque
1539 797 1815 832 reiuginntcognitio-

1034 844 1105 864 nem.
1120 837 1170 865 ista
1193 839 1282 866 omnia
1297 845 1325 867 et
1349 841 1450 875 singula
1470 849 1530 868 cum
1556 844 1634 869 unica
1652 843 1695 870 illa
1718 852 1815 873 manu:

1035 883 1094 910 Filii
1113 883 1159 911 Dei
1182 885 1311 920 unigeniti
1333 887 1526 920 apprehendat,
1543 889 1670 922 potentia:
1688 897 1744 917 sua:
1759 892 1814 918 vir~~

1036 933 1129 961 tutem,
1141 936 1248 957 omnem
1263 931 1474 966 magnitudinem
1485 940 1663 968 supergressa:
1676 935 1813 969 patefacit.

1034 973 1109 1007 Quod
1131 975 1227 1009 ipsum,
1243 980 1270 1002 et
1284 984 1333 1010 per
1349 977 1428 1004 aliam
1452 985 1529 1005 suam
1545 986 1638 1006 vocem
1653 980 1755 1007 indicat
1770 981 1814 1008 Fi-

1035 1019 1085 1047 lius
1104 1020 1147 1046 ubi
1172 1019 1305 1055 loquitur,
1328 1021 1422 1049 Omni‘a
1434 1023 1495 1049 mihi
1509 1024 1605 1050 tradita
1619 1029 1680 1051 runt
1700 1034 1717 1052 a
1737 1026 1814 1053 Patre

1035 1073 1089 1092 meo
1103 1066 1135 1091 ".
1147 1066 1246 1094 Deinde
1259 1074 1291 1094 ac
1305 1067 1327 1095 si
1344 1076 1392 1095 nos
1405 1069 1431 1095 in
1443 1069 1545 1097 incerto
1560 1070 1816 1107 haereremus,quis-

1035 1118 1095 1137 nam
1114 1111 1157 1138 ille
1177 1117 1260 1145 esset,
1276 1118 1303 1140 et
1323 1113 1422 1148 qualis,
1440 1115 1485 1149 qui
1501 1116 1652 1149 depositum
1675 1123 1815 1152 receperat

1034 1155 1203 1190 istiusmodi,
1231 1157 1340 1190 Nolito,
1378 1159 1435 1192 ait,
1471 1169 1589 1195 quaerere
1626 1169 1671 1188 nec
1702 1163 1815 1191 interro-

1033 1211 1095 1236 gare
1108 1204 1184 1238 quis?
1211 1203 1270 1231 Non
1296 1210 1338 1232 est
1359 1207 1430 1234 enim
1459 1207 1503 1234 ille
1523 1208 1585 1235 talis
1611 1210 1656 1243 qui
1675 1210 1709 1237 ab
1726 1212 1815 1239 homi-

1035 1249 1113 1275 nibus
1129 1249 1213 1282 possit
1225 1251 1418 1285 comprehendi
1433 1262 1439 1279 :
1456 1253 1510 1280 imo
1531 1262 1565 1282 ne
1576 1256 1683 1289 quidem
1694 1258 1815 1292 perfecte

1035 1293 1145 1328 intelligi
1162 1298 1251 1327 potest
1275 1293 1309 1320 ab
1325 1295 1420 1328 illisce,
1436 1304 1496 1331 quae
1514 1303 1577 1325 sunt
1597 1307 1724 1334 superne,
1738 1308 1815 1336 pote—

1035 1337 1150 1365 statibus
1168 1347 1176 1371 ;
1191 1345 1251 1365 cum
1277 1338 1311 1366 sit
1332 1339 1416 1367 Filius
1439 1340 1496 1368 Dei.
1520 1342 1653 1375 Quocirca
1673 1351 1813 1380 postquam

1033 1383 1236 1414 enuntiaverat,
1254 1382 1350 1410 Omnia
1367 1385 1432 1411 mihi
1456 1386 1520 1413 data
1540 1394 1599 1415 sunt
1616 1398 1632 1415 ιι
1645 1388 1727 1417 Patre
1745 1399 1813 1424 meo,

1034 1425 1142 1455 intulit:
1159 1427 1191 1455 Et
1214 1437 1289 1456 nemo
1311 1431 1379 1456 novit
1403 1430 1513 1465 Filium,
1529 1434 1580 1460 nisi
1603 1434 1684 1462 Pater
1694 1436 1728 1462 ’⁷.
1743 1436 1815 1470 Quo-

1034 1473 1105 1500 circn
1126 1474 1234 1503 silentio
1254 1474 1405 1503 involvatur
1421 1478 1509 1506 omnis
1525 1479 1558 1506 de
1573 1479 1641 1507 Filio
1657 1481 1702 1508 Dei
1723 1490 1814 1509 sermo

206 1529 287 1563 ρητος
307 1527 369 1562 περὶ
387 1526 432 1553 τοῦ
452 1525 516 1552 Υίοῦ
532 1524 578 1551 τοῦ
597 1524 663 1551 Θεοῦ
676 1525 777 1558 Λόγος,
791 1525 838 1551 καὶ
857 1524 929 1559 μόνῳ
942 1523 981 1559 τῷ

1035 1520 1077 1553 qui
1089 1524 1130 1546 est
1146 1520 1343 1554 inenarrabilis,
1358 1526 1385 1549 et
1401 1522 1450 1549 soli
1468 1523 1526 1558 ejus
1548 1523 1619 1551 Patri
1641 1527 1815 1554 commende-

206 1573 262 1599 Πατ
267 1573 292 1608 ρὶ
300 1571 486 1607 παραδεδόσθω
494 1572 510 1606 ή
519 1571 567 1606 τῆς
582 1570 611 1602 ἐξ
624 1570 705 1597 αὐτοῦ
714 1570 845 1604 γενέσεως
854 1569 935 1596 αὑτοῦ
945 1570 983 1606 (1)

205 1619 303 1652 γνῶσις
313 1638 321 1650 ,
340 1617 405 1653 μηδὲ
423 1617 575 1653 περαιτέρω
586 1625 627 1648 τις
638 1616 726 1651 ζητῶν
743 1616 866 1651 χωρείτω
878 1616 993 1650 φύσεως,

205 1664 268 1699 πέρι
277 1664 323 1690 καὶ
330 1664 422 1695 οὐσίας
430 1663 594 1699 ἀπορρήτου.
606 1662 681 1697 Μόνη
692 1661 720 1688 δὲ
729 1662 818 1696 ἡμῖνὴ
829 1662 910 1688 αὐτοῦ
921 1663 984 1697 περὶ

203 1709 287 1736 αὐτοῦ
299 1709 455 1736 διδασκαλία
470 1709 503 1743 τῇ
517 1708 566 1743 τῆς
579 1708 693 1739 πίστεως
705 1706 869 1741 βεόαιούσθω
881 1707 981 1743 χάριτι,

203 1754 296 1788 σαφῶς
308 1754 395 1781 πάντα
404 1753 476 1788 αὺτῷ
486 1753 538 1779 ὑπὸ
547 1752 592 1778 τοῦ
600 1751 704 1787 Πατρδς
716 1752 911 1786 παραδεδόσθαι
922 1761 983 1778 παι-

202 1801 324 1827 δεύουσα.
342 1798 446 1826 Οὔκοῠν
464 1799 478 1824 ὸ
498 1798 616 1833 μὲνΘεὸς
631 1797 714 1824 ἐδίδου
725 1798 772 1824 καὶ
780 1798 922 1833 παρεδίδου
936 1799 981 1824 ἐπὶ

205 1845 343 1880 βελτιώσει
354 1845 401 1871 καὶ
414 1843 532 1879 ὠφελείᾳ
540 1863 546 1874 ,
558 1842 602 1869 οἶα
612 1843 716 1878 Σωτῆρι
728 1843 774 1869 καὶ
785 1843 869 1878 ἰατρῷ
879 1843 925 1868 καὶ
937 1852 984 1869 κυ-

203 1891 318 1926 σερνήτῃ
341 1890 395 1917 τῶν
420 1889 487 1916 ὅλων
510 1890 558 1924 τὴν
578 1889 726 1924 παράδοσιν
738 1888 910 1923 ποιούμενος·
931 1889 983 1915 ὁδε

203 1936 267 1968 Υἱὸς
283 1936 427 1971 ἐλάμϐανε,
446 1935 493 1961 καὶ
515 1933 559 1961 οἶα
578 1934 670 1965 πιστὸς
687 1933 918 1969 παραθηκοφύλαξ
934 1934 983 1968 τὴν

203 1983 274 2010 δόσιν
283 1982 408 2017 ὑπείχετο
420 1981 469 2016 (2),
480 1981 529 2016 οὺχ
538 1980 575 2012 ὡς
583 1980 667 2015 Λόγος
681 1980 805 2011 ὰνούσιος
819 1980 865 2006 καὶ
881 1979 981 2006 divum"

204 2037 310 2060 στατος,
319 2028 376 2055 ἀλλ’
393 2028 430 2060 ὡς
446 2026 553 2062 άληθῶς
561 2027 624 2058 Υἱὸς
640 2026 677 2053 ὣν
690 2026 843 2060 Μονογενὴς
856 2025 903 2051 καὶ
914 2026 982 2059 ἀγα.

204 2074 289 2110 πητὺς
305 2074 352 2101 τοῦ
367 2073 484 2109 Πατρός.

1035 1569 1078 1592 ιυι·
1098 1564 1170 1593 illius
1192 1566 1224 1594 de
1245 1567 1334 1602 scipso
1352 1569 1535 1602 generationis
1551 1571 1645 1599 modus
1669 1576 1697 1599 et
1718 1573 1815 1600 intelli-

1034 1610 1123 1644 gentia
1142 1619 1150 1636 :
1169 1617 1218 1639 nec
1231 1612 1407 1646 disquirendo
1421 1614 1554 1648 quispiam
1570 1617 1757 1652 progrediatur
1775 1619 1816 1645 ul-

1035 1656 1133 1688 terius,
1150 1657 1176 1683 in
1199 1662 1294 1684 natura
1311 1662 1338 1685 et
1353 1659 1503 1687 substantia
1525 1661 1706 1690 inenarrabili.
1730 1663 1815 1698 Ipsius

1034 1705 1123 1727 autem
1140 1702 1172 1728 de
1198 1702 1287 1736 seipso
1303 1702 1425 1730 doctrina
1449 1704 1617 1733 solummodo
1636 1715 1683 1741 per
1700 1709 1814 1742 gratiam

1034 1754 1093 1781 quae
1107 1754 1139 1774 ex
1155 1747 1210 1775 ﬁde
1221 1754 1262 1776 est
1275 1749 1413 1784 obsignata
1435 1755 1542 1777 maneat
1558 1759 1636 1785 :qua:
1651 1754 1742 1781 Omnia
1754 1756 1831 1793 qui-1

1035 1792 1094 1819 dem
1115 1793 1163 1826 ipsi
1184 1794 1282 1821 tradita
1306 1802 1320 1821 a
1347 1795 1427 1823 Patre
1446 1802 1496 1823 suo
1513 1795 1654 1824 manifeste
1671 1797 1815 1826 admodum.

1035 1846 1083 1866 nos
1099 1840 1185 1867 docet.
1202 1840 1278 1867 Dedit
1299 1848 1363 1876 ergo
1376 1832 1447 1869 Deus
1463 1846 1544 1876 atque
1560 1843 1670 1870 tradidit
1684 1843 1721 1871 illi
1733 1844 1816 1878 ,banc

1035 1885 1207 1913 traditionem
1233 1894 1320 1920 suam,
1335 1887 1369 1915 ad
1389 1888 1603 1916 emendationem
1617 1893 1644 1916 et
1663 1889 1814 1924 proiectum

1036 1932 1230 1966 universitatis,
1244 1937 1371 1968 tanquam
1389 1934 1538 1966 Servatori,
1553 1934 1667 1966 medico,
1681 1936 1816 1970 guberna-

1037 1979 1086 2005 tori
1098 1980 1227 2007 omnium.
1246 1983 1275 2012 ›Ῑ‹
1292 1980 1375 2008 Filius
1387 1987 1418 2007 ea
1435 1980 1547 2015 recepit,
1560 1986 1587 2008 et
1602 1987 1729 2016 tanquam
1748 1982 1816 2009 ﬁdus

1036 2025 1168 2060 quispiam
1180 2026 1293 2061 depositi
1307 2032 1397 2054 custos
1408 2027 1513 2061 idonum
1536 2028 1600 2055 illud
1616 2029 1686 2063 apud
1701 2036 1730 2055 se
1746 2029 1816 2055 deti-

1035 2072 1109 2105 nuit,
1130 2079 1182 2099 non
1206 2077 1234 2099 ut
1247 2073 1364 2100 Verbum
1396 2073 1575 2102 insubsistens
1602 2079 1629 2102 et
1661 2075 1812 2102 substantia

203 2128 308 2153 carens,
323 2120 369 2147 sed
386 2124 511 2153 tanquam
526 2118 558 2150 is,
588 2117 634 2152 qui
647 2124 710 2145 vere
720 2124 781 2144 cum
805 2117 841 2144 sit
858 2116 959 2148 Filius.
976 2117 1129 2152 unigenitus
1148 2123 1176 2145 et
1197 2118 1309 2146 dilectus
1328 2119 1411 2151 Patri,
1432 2120 1465 2146 ad
1481 2120 1552 2153 haec,
1568 2121 1740 2155 semetipsum
1759 2121 1815 2155 ipse

203 2166 351 2194 nominavit
363 2172 457 2201 panem
471 2165 540 2196 vitae,
553 2164 676 2198 inquiens
692 2171 698 2190 :

238 2213 272 2246 ζ’.
290 2214 350 2240 Ἔτι
372 2213 439 2249 πρὸς
458 2211 561 2243 τούτοις
578 2212 624 2237 καὶ
645 2211 725 2246 ἄρτον
747 2210 796 2244 τῆς
818 2209 887 2245 ζωῆς
905 2209 983 2241 αὐτὸς

1071 2210 1097 2236 7.
1118 2211 1173 2245 Ego
1187 2220 1243 2237 sum
1256 2213 1331 2245 panis
1350 2213 1418 2239 υἱιιε.
1439 2212 1493 2247 Ego
1506 2222 1563 2240 sum
1578 2208 1651 2245 prmia
1674 2214 1717 2240 ille
1733 2215 1814 2241 vitam

203 2259 299 2286 ἑαυτὸν
308 2258 440 2294 ὠνόμαζε,
451 2258 535 2292 λέγων
545 2265 552 2272 ο
570 2256 639 2292 Ἐγώ
647 2257 704 2290 ειμι
712 2257 728 2283 ὁ
736 2255 824 2290 ἄρτος
833 2254 887 2288 τῆς
896 2254 979 2288 ζωῆς.

210 2304 279 2340 Ἐγώ
294 2307 352 2340 ειμι
368 2306 384 2332 ὁ
397 2304 485 2339 ἄρτος
501 2305 517 2331 ό
530 2302 595 2336 ζῶν,
610 2304 626 2330 d
641 2302 676 2330 ἐκ
688 2302 741 2329 τοῦ
753 2300 881 2335 οὐρανοῦ
895 2309 982 2327 κατα-

203 2350 266 2382 ϐάς.
292 2350 346 2376 Καὶ
372 2349 446 2379 ὅπως
470 2348 576 2384 ὑπῆρχε
601 2346 664 2379 ζῶν,
686 2346 807 2381 διεσάφει
831 2345 981 2382 τρανότατα

202 2395 347 2431 διαρθρῶν,
360 2397 389 2422 ὲν
404 2392 445 2426 οἷς
461 2403 537 2430 φησι,
553 2393 655 2425 Καθὼς
670 2391 828 2420 ἀπέστειλέ
841 2400 879 2426 με
899 2393 915 2418 ό
929 2390 983 2422 ζῶν

202 2440 314 2475 Πατὴρ,
333 2440 414 2475 κάγὼ
427 2439 464 2470 ζῶ
481 2439 530 2466 διὰ
541 2439 594 2466 τὸν
608 2438 732 2472 Πατέρα.
749 2437 804 2465 Καὶ
823 2437 853 2463 ’0
869 2437 984 2471 τρώγων

199 2496 248 2521 με,
261 2486 397 2519 κάκεῖνος
411 2484 493 2518 ζήσει
508 2484 544 2511 δι’
557 2484 618 2519 ἐμέ.
635 2483 720 2510 Τοῦτο
734 2483 762 2510 δὲ
775 2482 821 2509 καὶ¹
837 2483 866 2508 ὲν
883 2482 984 2517 ἑτέροις

202 2532 319 2564 ἐδίδαξεν
336 2531 419 2559 εἰπών
428 2540 435 2546 ·
454 2531 566 2564 ’Ὠσπερ
580 2530 634 2564 γὰρ
646 2531 662 2556 ό
672 2528 772 2561 Πατὴρ
785 2527 861 2561 ζωὴν
874 2527 935 2561 ἔχει
951 2527 985 2553 ἐν

201 2578 306 2611 ἐαυτῷ,
322 2578 398 2604 οὕτω
416 2577 464 2604 καὶ
489 2576 528 2608 τῷ
553 2575 609 2607 rid»
624 2575 662 2610 (3)
677 2575 787 2601 ἔδωκεν
809 2573 890 2608 ἔχειν
908 2573 984 2606 ᾰυὴν

240 2649 269 2678 »14
289 2646 335 2673 Ed.
347 2645 432 2673 Paris.
445 2652 505 2679 pag.
522 2643 615 2674 88,89.

1034 2257 1079 2291 qui
1100 2257 1132 2284 de
1144 2258 1205 2284 caelo
1225 2258 1345 2285 descendi
1358 2259 1391 2285 ³⁸.
1405 2258 1525 2291 Qualiter
1544 2263 1632 2285 autem
1655 2261 1732 2287 vivus
1745 2261 1815 2287 exsi-

1035 2302 1132 2334 stebat,
1147 2303 1315 2336 apertissime
1334 2303 1480 2330 declaravit
1507 2303 1641 2337 inquiens.
1659 2304 1722 2330 dum
1744 2305 1814 2331 aﬂir-

1037 2352 1101 2379 mat,
1116 2346 1339 2380 Quemadmodum
1359 2350 1430 2376 misit
1448 2357 1489 2376 me
1509 2349 1594 2376 vivens
1620 2348 1708 2381 Pater,
1731 2355 1755 2377 et
1769 2359 1814 2385 ego

1038 2393 1092 2420 viro
1108 2401 1154 2427 per
1165 2392 1272 2420 Patrem
1285 2394 1319 2422 ’⁵.
1331 2395 1362 2422 Ει
1378 2404 1384 2422 :
1399 2395 1451 2428 Qui
1468 2404 1506 2422 me
1518 2396 1640 2429 comedit,
1657 2396 1700 2424 ille
1712 2403 1815 2431 propler

1036 2447 1076 2465 me
1102 2439 1164 2466 vivet
1178 2440 1195 2465 ι.
1219 2439 1275 2467 Hoc
1289 2441 1375 2476 ipsum
1391 2441 1453 2468 alibi
1481 2441 1599 2473 edocuit,
1619 2442 1763 2477 inquiens:
1781 2441 1814 2469 Et

1037 2486 1252 2516 quemadmodum
1278 2485 1359 2513 Pater
1376 2487 1453 2513 vitam
1477 2487 1552 2514 habet
1572 2488 1598 2513 in
1615 2488 1759 2519 semetipso,
1778 2489 1815 2515 im

1037 2535 1060 2555 et
1075 2529 1146 2556 Filio
1162 2531 1235 2557 dedit
1259 2531 1353 2558 habere
1368 2532 1446 2558 tilum
1461 2532 1487 2558 in
1509 2533 1646 2566 semetipso
1654 2533 1674 2559 '.
1691 2533 1755 2560 Erat
1766 2533 1814 2567 igi—

1039 2580 1081 2601 tur
1098 2575 1175 2608 panis
1195 2576 1256 2603 vitae
1274 2586 1280 2602 :
1302 2580 1329 2603 et
1349 2577 1375 2603 in
1399 2577 1468 2603 coelo
1493 2576 1664 2608 subsistebat,
1680 2577 1815 2612 angelicas

236 2674 263 2698 ’ῖ
274 2681 368 2708 Matth.
383 2688 421 2712 xu,
434 2674 495 2707 17.“
516 2679 537 2694 "
551 2679 614 2705 ibid.
652 2677 674 2693 "
685 2676 762 2704 Joan.
775 2684 811 2707 Vl,
825 2675 870 2708 35,
883 2676 928 2704 ΑΙ.
966 2677 983 2693 ’⁵

1035 2676 1066 2702 ul.
1083 2675 1126 2703 58.
1165 2676 1172 2690 '
1192 2675 1255 2702 ibid.
1294 2676 1304 2690 '
1318 2674 1394 2702 Joan.
1408 2684 1434 2707 ν,
1452 2676 1497 2703 ‘26.

236 2769 292 2804 (97)
311 2769 396 2800 Vulgo
413 2769 573 2802 πιστεύομεν
598 2771 624 2794 et
652 2767 713 2793 dein
736 2765 878 2800 ὑπάρξεως
894 2766 980 2793 ἀπα-ιι

200 2804 475 2842 τωνῗοιᾲγιεδέδεκτο.
508 2839 514 2842 ι
543 2839 548 2842 ι
605 2836 617 2842 _

236 2841 293 2873 (98)
309 2840 393 2872 Vulgo
406 2839 448 2865 ὅδε
461 2844 486 2865 et
503 2839 555 2864 ἀπὺ
573 2839 618 2863 τοῦ
632 2846 660 2862 π.

237 2870 293 2911 (99)
306 2870 391 2909 Vulgo
404 2873 530 2907 γινώσκει
548 2880 573 2899 et
589 2880 648 2899 mox
661 2870 856 2906 παραδιδόπθω.

364 2921 498 2952 Ριτιιοι.
521 2919 580 2949 Gtt.
607 2920 628 2950 Χ
639 2918 720 2949 XIV.

1068 2766 1106 2799 (1)
1118 2766 1202 2803 Vulgo
1215 2773 1268 2792 om.
1278 2766 1360 2803 αὑτοῦ
1375 2771 1398 2793 el
1416 2774 1474 2793 mm
1489 2767 1688 2803 παραδῑδοσθαῑ.

1069 2802 1107 2836 (2)
1125 2800 1208 2835 Vulgo
1225 2800 1312 2834 ὲπείχ.
1327 2807 1353 2827 et
1377 2809 1435 2828 niox
1452 2800 1533 2837 ἄρτον
1547 2803 1595 2836 τῆς
1619 2802 1644 2834 ζ.
1659 2810 1686 2831 et
1710 2804 1813 2839 τρινώ-

1040 2845 1112 2863 tuta.

1071 2871 1107 2905 (ὅ)
1125 2870 1208 2904 Vulgo
1219 2870 1343 2898 δέδωκεν.

1618 2919 1657 2947 E28
