2043 3101
250 143 302 170 875
587 140 717 169 liUSEBIl
736 140 968 168 C.-ES.\RIENSIS
985 139 1060 167 OPP.

1082 140 1169 167 PARS
1186 140 1231 168 Π.
1250 156 1283 161 —-
1303 140 1510 168 DOGMATICA.
1814 143 1864 169 876

249 202 362 228 virtutes
373 201 489 236 irrigans
502 205 583 234 alque
600 199 733 232 nutriens,
748 206 797 233 per
815 206 870 227 suae
884 199 1021 226 divinitati:

1082 199 1117 225 ἐν
1128 199 1232 231 ἐαυτῷ.
1248 200 1309 235 Ἀρ*
1322 197 1368 226 οὖν
1382 200 1429 227 καὶ
1442 200 1523 235 άρτος
1535 197 1568 235 ἦν
1578 199 1650 235 ζωῆς
1660 208 1667 215 ·
1682 201 1728 227 καὶ
1742 201 1866 237 ὑπῆρχεν

249 250 418 281 potestatem.
436 245 496 272 Hmc
515 248 575 272 erat
588 243 643 278 ille,
662 244 819 278 priusquam
834 245 860 272 in
871 249 969 272 terram
984 246 1031 272 de-

249 292 390 319 scenderet
405 289 509 323 ;Pilius
524 295 593 322 erat,
606 290 690 317 vitam
706 291 732 318 in
758 291 847 325 seipse
867 291 1029 318 continens:

248 338 282 365 ad
297 344 358 365 eum
371 336 478 364 modum
495 343 548 371 quo
564 336 591 363 iu
607 343 637 364 se
654 336 861 364 habebatvitam
877 336 967 366 Pater.
981 337 1032 365 Pa-

248 385 296 411 tris
310 383 380 410 enim
396 382 437 409 sui
461 381 544 409 vitam
567 387 594 409 et
609 381 707 410 divinae
730 389 785 410 sua
805 383 867 411 vitae
883 383 954 418 quod
969 391 1031 418 pro--

247 430 332 464 prium
365 428 453 455 fuerat
477 432 557 462 atque
576 428 711 462 peculiare
729 428 781 464 (ob
796 430 867 464 quod
885 430 958 457 solus
983 430 1030 457 ba-

246 474 310 502 bere
332 473 432 501 dicitur
447 472 690 505 immortalitatem,
709 474 936 508 quemadmodum
954 475 1029 502 locu-

246 525 288 546 tus
319 524 361 546 est
383 518 490 546 divinus
518 518 776 554 Apostolus)nemo
804 525 902 554 praeter
932 519 1029 548 Filium

244 564 382 599 possidere
406 564 505 599 poterit
523 565 587 599 :qui
609 570 636 592 et
656 565 744 601 imago
764 566 806 593 sui
832 565 920 594 Patris
941 567 987 599 sit,
1003 572 1030 594 et

246 611 332 638 factus
345 618 452 645 quoque
465 610 499 637 ad
529 610 675 645 imaginem
697 610 796 638 Patris.
812 611 883 639 Ante
902 619 966 640 vero
989 613 1029 640 di-

244 661 314 683 ctam
343 656 386 683 ille
409 657 491 683 vitam
507 656 639 690 possidet,
659 663 712 684 non
740 657 799 684 sine
813 658 957 692 principio,
976 665 1028 685 non

245 701 403 736 ingenitam,
423 708 499 729 suam
523 702 673 736 propriam,
690 702 764 730 velut
778 702 865 730 Patris
879 704 1028 737 possessio-

244 753 316 778 nem,
327 746 373 773 sed
385 753 464 780 quam
477 746 582 781 accepit
593 753 608 773 a
624 746 713 774 Patre.
739 747 777 774 Ita
789 747 861 774 enim
877 747 925 779 ait,
933 746 969 774 Et
982 747 1030 775 Fi-

244 793 279 819 lio
295 792 368 819 dedit
386 793 467 819 vitam
484 792 578 819 habere
594 792 621 818 t'n
645 792 792 826 semetipso,
808 793 1028 827 quemadmodum

244 836 325 864 Pater
334 836 413 863 habet
430 837 519 869 vitam,
538 837 565 863 in
581 837 675 871 seipse.
691 836 738 864 ille
751 844 815 872 ergo
828 838 911 870 dedit,
925 837 1028 872 accepit

1081 246 1110 271 ἐν
1125 244 1164 280 τῷ
1176 245 1293 281 οὐρανῷ,
1310 245 1359 277 τὰς
1374 245 1521 279 ἀγγελικὰς
1533 245 1662 281 δυνάμεις
1677 247 1801 283 ἐπάρδων
1817 248 1866 274 καὶ

1080 290 1186 325 τρέφων
1200 291 1233 325 τῇ
1246 290 1295 325 τῆς
1309 289 1434 325 Θιϐτητος
1445 289 1528 316 αὑτοῦ
1541 289 1664 325 δυνάμει.
1680 291 1735 317 Καὶ
1746 291 1867 318 τοσαῦτα

1079 334 1124 371 ἦν,
1143 336 1206 372 πρὶν
1231 336 1277 362 ἐπὶ
1294 336 1345 371 γῆς
1361 335 1456 362 ἐλθεῖν·
1483 335 1546 367 Υἱός
1567 344 1596 362 τι
1611 335 1646 372 ἦν
1662 335 1734 372 ζωὴν
1749 336 1818 372 ἔχων
1835 338 1867 364 ιν

1080 381 1170 417 ἑαυτῷ
1192 381 1292 417 ὁμοίως
1306 381 1344 417 τῷ
1360 382 1448 418 Πατρὶ
1464 383 1536 418 ζωὴν
1551 382 1637 417 ἔχοντι
1663 384 1692 409 ὲν
1709 383 1809 418 ἑαυτῷ.
1827 384 1866 410 Τὸ

1079 426 1134 461 γὰρ
1149 426 1286 462 ἐξαίρετον
1302 427 1348 454 καὶ
1364 427 1463 459 ἰδιάζον
1477 428 1526 462 τῆς
1541 427 1587 454 τοῦ
1596 428 1701 464 Πατρδς
1713 428 1862 464 άγεννήτου

1080 475 1126 500 καὶ
1143 474 1235 510 οεῖκῆς
1248 473 1330 509 ζωῆς,
1345 475 1378 501 δι’
1395 475 1428 509 ῆν
1444 475 1523 510 μόνος
1543 475 1615 509 ἔχειν
1631 475 1779 502 ἀθανασίαν
1793 475 1865 502 κατὰ

1079 519 1124 545 τὸν
1140 519 1210 545 θεῖον
1232 520 1390 546 Ἀπόστολον
1401 520 1518 555 εἴρηται,
1538 520 1616 555 μόνος
1631 520 1664 547 ἂν
1678 520 1734 555 ἔχοι
1748 521 1762 546 ὁ
1778 520 1842 553 Υἱός
1855 529 1861 536 ·

1079 564 1126 590 ἅτε
1143 563 1223 590 εἰκὼν
1247 564 1293 590 τοῦ
1311 564 1416 599 Πατρδς
1441 565 1488 590 καὶ
1513 564 1582 591 κατὰ
1603 565 1681 591 τοῦτο
1710 566 1861 600 τυγχάνων.

1082 610 1158 644 Ἔχει
1179 609 1207 635 δὲ
1230 610 1278 644 τὴν
1302 610 1448 645 εἰρημένην
1473 610 1556 646 ζωὴν,
1578 611 1626 637 οὐκ
1651 611 1777 646 ἄναρχον,
1800 612 1862 638 οὐδὲ

1078 655 1235 688 ἀγέννητον,
1252 654 1311 681 οὐδὲ
1334 655 1482 690 ἰδιόκτητον
1495 656 1596 690 ὁμοίως
1614 656 1654 691 τῷ
1677 657 1772 693 Πατρὶ,
1793 657 1862 683 ἀλλὰ

1079 700 1153 734 παρὰ
1172 700 1218 726 τοῦ
1239 701 1344 735 Πατρδς
1365 700 1463 727 λαϐών.
1482 700 1559 728 Οὕτω
1579 702 1632 738 γάρ
1647 711 1727 738 φησι·
1745 703 1798 729 Καὶ
1820 703 1863 736 τῷ

1084 745 1137 778 Υὶῷ
1148 746 1238 773 ἔδωκε
1252 746 1328 780 ζωὴν
1339 746 1374 772 ἐν
1392 746 1486 779 ἑαυτῷ
1504 747 1587 781 ἔχειν
1599 747 1647 783 (4),
1663 749 1758 782 καθὼς
1773 751 1790 776 ό
1803 750 1862 776 Πα-

1078 791 1133 825 τὴρ
1145 790 1220 825 ζωὴν
1237 791 1300 826 ἔχει
1314 792 1348 818 ἐν
1356 791 1460 824 ἐαυτῷ.
1478 792 1582 819 Οὐκοῦν
1594 793 1608 819 ὸ
1623 793 1671 828 μὲν
1685 794 1793 825 ἔδωκεν,
1804 795 1818 821 ὸ
1829 794 1859 820 δὲ

1079 836 1182 871 εἴληφε.
1199 837 1254 864 Καὶ
1281 837 1359 872 μόνος
1384 837 1455 863 τοῦτ’
1475 837 1571 873 ιῐληφε
1591 838 1622 864 τὸ
1642 838 1737 875 γέρας,
1760 839 1798 871 ὡς
1820 840 1859 876 μὴ

243 883 305 909 iste.
322 881 455 917 Solusque
468 882 537 909 hanc
549 882 630 910 habet
643 883 694 910 iste
706 883 959 918 praerogativam,ut
973 891 1021 910 non

1076 881 1174 913 ἔξωθέν
1197 882 1278 909 ποθεν
1297 883 1372 918 αὐτῷ
1395 882 1553 919 πορίζεσθαι
1574 885 1673 919 ὁμοίως
1689 886 1744 917 τοῖς
1757 885 1860 917 λοιποῖς

242 937 258 954 e
273 928 340 955 foris
362 928 472 955 aliunde
489 929 522 956 ad
548 928 624 956 illum
649 929 798 956 accesserit
818 929 884 961 vita,
898 931 1028 965 quemad-

244 974 350 1000 modum
372 973 480 1000 caneris
494 974 628 1001 creaturis
642 974 773 1001 accedere
792 973 869 1006 solet,
881 974 927 1001 sed
943 975 970 1002 in
985 982 1028 1001 se-

243 1018 301 1052 ipso
317 1019 507 1045 scalurientem
524 1018 596 1045 illam
611 1023 710 1051 teneat,
726 1020 872 1046 secundum
893 1021 1026 1048 conditio-

242 1072 303 1090 nem
317 1064 373 1098 ejus
384 1072 444 1099 qua:
461 1065 487 1091 in
498 1064 578 1091 Patre
597 1065 813 1099 est.LQuocirca,
829 1073 889 1100 qua:
912 1067 1023 1101 partici-

243 1116 308 1146 pant
323 1111 357 1138 de
384 1111 437 1137 vita
463 1111 564 1143 omnia,
584 1111 677 1138 vivunt
700 1111 744 1138 illa
767 1112 800 1139 de
824 1112 884 1139 Filii
904 1112 1026 1148 largitate

240 1161 442 1192 supererogata,
464 1156 536 1185 solus
562 1162 651 1185 autem
672 1158 730 1192 ipse
745 1158 826 1186 vitam
843 1159 922 1187 habet
941 1160 968 1187 in
983 1167 1026 1187 se-

242 1205 300 1238 lpso
312 1204 514 1236 scaturientem,
532 1202 611 1231 Patre
631 1203 703 1231 illam
719 1204 859 1240 largiente,
877 1206 910 1232 ad
931 1213 1024 1232 eorum

241 1257 318 1276 usum
333 1253 361 1277 et
380 1248 536 1277 fruitionem
547 1271 554 1283 ,
570 1250 616 1285 qui
633 1250 759 1285 deinceps
779 1255 857 1278 erant
873 1251 925 1278 vita
937 1251 1023 1278 viviﬁ-

240 1295 330 1323 candi.
345 1295 374 1323 Id
385 1295 457 1330 quod
479 1295 591 1331 ipsemet
610 1299 724 1323 testatur
739 1296 874 1331 inquiens,
892 1297 1024 1330 Quemad-

240 1341 344 1367 modum
353 1347 394 1368 me
402 1340 478 1367 'mirit
492 1340 576 1367 vicem
590 1339 678 1373 Pater,
688 1346 712 1368 et
725 1349 771 1376 ego
787 1342 841 1369 vivo
854 1348 958 1377 propter
970 1343 1023 1370 Pa-

239 1392 313 1412 trem.
331 1385 363 1412 Et
378 1394 383 1412 :
398 1384 450 1417 Qui
462 1386 584 1417 comedit,
596 1386 641 1412 ille
655 1391 810 1423 propterque
822 1387 895 1414 vivet.
918 1385 967 1414 llic
984 1394 1020 1414 est

237 1428 325 1461 panis,
341 1428 386 1463 qui
397 1428 429 1454 de
446 1429 509 1455 caelo
522 1429 681 1458 descendit‘.
694 1424 774 1457 Vides
788 1435 887 1464 autem,
903 1437 933 1458 ut
945 1432 1021 1466 panis

238 1478 297 1500 erat
319 1474 392 1507 vitae,
407 1474 490 1501 etiam
511 1474 573 1501 dum
598 1475 685 1502 adhuc
700 1475 726 1502 in
743 1476 819 1503 cmlis
839 1482 919 1505 esset.
935 1481 964 1510 ᾗ
980 1477 1020 1505 0b

239 1527 318 1553 quam
334 1519 419 1554 ipsam
439 1526 549 1547 causam
565 1519 662 1554 legitur
677 1520 773 1548 alicubi
791 1522 901 1554 dictum,
919 1522 1018 1550 Panem

239 1563 393 1598 angelorum
411 1563 560 1591 comedebat
573 1564 649 1591 homo
664 1565 685 1591 ⁸.
700 1564 858 1601 Priusquam
875 1574 938 1602 ergo
955 1569 1018 1596 mit-

237 1611 349 1640 teretur,
364 1608 470 1635 vivebat
486 1609 513 1635 in
541 1609 626 1641 cmlo,
642 1613 669 1637 et
688 1618 735 1645 per
753 1611 860 1639 Patrem
886 1613 992 1642 vivebat
1009 1624 1017 1642 :

238 1662 290 1681 non
307 1658 336 1681 ut
347 1653 462 1681 Verbum
475 1655 696 1689 signiﬁcativum;
719 1664 771 1684 non
787 1663 814 1684 ut
837 1665 918 1686 unum
939 1665 1019 1695 atque

239 1700 308 1727 idem
330 1707 390 1727 cum
407 1700 462 1727 Deo
479 1701 622 1734 exsistens,
637 1703 684 1730 sed
705 1707 832 1738 tanquam
850 1705 872 1732 is
893 1705 937 1739 qui
953 1706 1017 1733 sub-

238 1746 356 1777 sisteret,
371 1751 398 1772 et
419 1745 501 1771 vitam
526 1746 576 1773 sibi
599 1747 733 1781 propriam
753 1749 906 1782 possidebat
923 1760 928 1776 :
945 1750 1016 1778 illam

239 1790 349 1823 scilicet,
365 1797 445 1825 quam
462 1790 540 1818 Pater
551 1791 680 1826 elargitns
696 1793 732 1819 illi
745 1793 842 1822 fuerat.
856 1794 1017 1829 Progressus

237 1837 336 1868 denuo,
351 1835 536 1863 excellentiam
561 1842 680 1870 patcrme
695 1838 786 1871 gloria:
805 1839 866 1866 dum
883 1840 1015 1872 insinuat,

238 1881 275 1907 ait
289 1888 296 1907 :
319 1881 543 1913 Quemadmodum
560 1890 600 1908 me
615 1882 695 1909 Pater
710 1884 808 1918 docuit,
830 1886 879 1912 ista
894 1886 1014 1919 loquar“.

239 1926 280 1957 Et,
301 1925 354 1958 Qui
370 1934 409 1953 me
423 1927 506 1958 misit,
522 1928 544 1953 is
558 1935 657 1955 mecum
672 1934 730 1955 est:
748 1937 799 1957 non
815 1938 855 1958 me
865 1932 963 1959 dimisit
977 1942 1017 1960 so-

237 1973 302 2004 lum,
315 1973 438 2006 quoniam
451 1981 497 2007 ego
505 1973 609 2007 ubique,
617 1982 676 2009 quw
685 1981 744 2002 :qu
753 1976 804 2010 ipsi
818 1978 1014 2012 complacentia,

237 2018 305 2051 facio
314 2018 334 2044 ⁸.
349 2017 427 2045 Omni
448 2019 526 2046 modo
539 2020 582 2046 hic
594 2020 657 2047 mibi
673 2021 799 2049 observes
815 2023 904 2055 velim,
917 2025 981 2058 quid
989 2029 1016 2052 et

236 2063 379 2097 quomodo,
398 2064 504 2099 ultique,
521 2065 698 2093 dicatur.Non
712 2067 795 2099 enim,
805 2067 879 2095 Nunc
897 2068 1014 2101 ait,dum

237 2109 262 2134 in
288 2109 368 2135 terris
392 2116 439 2143 per
457 2116 568 2136 carnem
585 2117 644 2137 cum
664 2111 817 2139 hominibus
832 2120 936 2146 versor,
957 2121 1015 2148 quo:

236 2153 307 2180 i’atri
323 2158 384 2180 sunt
395 2154 601 2189 complacentiu,
616 2155 686 2183 facio
703 2158 768 2184 :sed
789 2165 895 2192 semper
913 2164 940 2186 et
956 2160 1014 2187 ubl~

235 2203 295 2229 que.
315 2195 376 2223 Haec
389 2202 478 2224 autem
497 2198 532 2225 ita
549 2206 577 2226 se
591 2199 707 2227 locutum
722 2205 845 2234 testatur,
860 2208 888 2229 ut
907 2204 951 2238 qui
968 2204 1012 2231 illa
1027 2217 1049 2244 ι)

235 2246 374 2276 acceperat
387 2250 402 2267 a
416 2241 496 2269 Patre
506 2250 564 2269 suo.
580 2242 711 2276 Quocirca
723 2246 858 2274 doctorem
872 2255 949 2275 suum
969 2248 1010 2275 in-

233 2286 327 2313 scribit
343 2286 461 2319 Patreut,
477 2288 545 2315 alius
559 2289 593 2315 ab
607 2297 639 2316 eo
660 2291 751 2324 procul
764 2292 844 2319 dubio
859 2294 1010 2321 exsistens:

234 2332 365 2366 siquidem
381 2333 469 2360 omnis
480 2335 524 2366 qui
540 2335 573 2361 ab
587 2335 639 2362 alio
649 2336 921 2368 edocetur,diversus
935 2340 1012 2374 plane

235 2379 268 2404 ab
281 2378 326 2405 illo
337 2380 453 2412 exsistit,
466 2380 511 2414 qui
531 2380 619 2408 docet.
638 2382 714 2415 Quod
735 2383 757 2409 si
778 2383 804 2410 in
821 2383 876 2412 Deo
894 2384 1010 2413 Verbum

234 2429 290 2450 erat
307 2426 426 2458 (propter
450 2425 521 2459 quod
539 2425 641 2460 logicus
660 2427 765 2454 dicatur:
786 2429 850 2464 ille),
869 2431 1011 2465 cogitatio-

235 2476 297 2495 num
315 2470 355 2497 sui
375 2469 461 2497 Patris
476 2475 502 2496 et
519 2477 645 2498 sensuum
669 2475 854 2501 tantummodo
875 2475 1009 2509 signiﬁca-

235 2514 317 2541 tivum
333 2523 341 2541 :
356 2514 401 2549 qui
429 2519 516 2549 potest
541 2515 609 2549 ﬁeri,
633 2522 661 2543 ut
684 2516 718 2544 sit
743 2517 800 2552 ipse
820 2520 948 2553 magister
967 2522 1008 2548 sui

236 2558 317 2591 ipsius
340 2558 518 2586 informatur?
533 2559 682 2593 Quomodo,
697 2569 757 2589 cum
781 2571 795 2590 a
816 2563 870 2591 Deo
882 2565 917 2592 sit
936 2566 1008 2593 inse-

274 2629 303 2664 τις
317 2627 365 2654 Ed.
381 2628 468 2656 Paris.
482 2636 543 2664 pag.
561 2629 606 2658 90.

274 2638 303 2658 ις
317 2638 365 2654 nu.
381 2638 468 2656 rarts.
482 2638 515 2664 pa
537 2648 543 2656 .

269 2662 279 2677 ³
289 2660 365 2689 Joan.
380 2670 417 2696 Vt,
445 2664 490 2697 58,
501 2638 545 2692 δέ.

1032 1549 1053 1577 C

233 2730 308 2792 πμ)
322 2730 406 2767 Vulgo
419 2733 448 2760 ἓν
456 2734 544 2771 ἑαυτῷ
554 2734 641 2771 ἔχειν;
661 2744 742 2773 supra
755 2739 833 2774 vulgo
855 2740 925 2767 κατὰ
948 2740 1010 2768 τοῦ-

268 2800 306 2837 (ξ)
320 2799 403 2837 Ϋιιιιο
416 2803 454 2831 δέ.

269 2834 306 2871 (6i
322 2834 384 2863 “ss?
393 2837 456 2872 ἐζην
469 2847 475 2872 ;
488 2848 548 2868 mox
559 2842 638 2877 vulgo
649 2841 702 2870 οὐδ’
711 2844 748 2876 ὡς
754 2850 781 2872 et
792 2845 854 2879 ἑξῆς
863 2845 1006 2881 ὑπεροχήν,

1077 927 1144 959 ζῶσι
1159 928 1207 963 τὴν
1219 928 1302 964 ζωὴν,
1322 929 1379 955 ἀλλ’
1395 930 1424 956 ὲν
1437 929 1525 965 ἐαυτῷ
1541 929 1715 965 πηγάζουσαν
1728 931 1799 966 ἔχειν
1810 933 1860 958 αὐ-

1076 970 1135 1006 τὴν,
1155 972 1225 998 κατὰ
1248 973 1297 1007 τὴν
1319 974 1349 1000 ὲν
1366 973 1403 1008 τῷ
1420 974 1515 1009 Πατρί.
1531 975 1576 1001 Διδ
1593 975 1681 1002 πάντα
1698 975 1747 1011 μὲν
1760 976 1794 1003 τὰ
1809 976 1860 1011 τῆς

1076 1017 1149 1052 ζωῆς
1166 1018 1265 1053 μέτοχα
1283 1019 1312 1052 ἐξ
1329 1020 1507 1056 ἐπιχορηγίας
1519 1020 1566 1047 τοῦ
1585 1021 1648 1047 Υῑοῦ
1664 1020 1696 1057 ζῇ
1707 1030 1714 1036 ·
1733 1022 1812 1057 μόνος
1828 1022 1858 1048 δὲ

1075 1063 1155 1094 αὐτὸς
1168 1064 1344 1099 πηγάξουσαν
1361 1065 1431 1101 ζωὴν
1446 1066 1502 1101 ἔχει
1524 1067 1552 1092 ὲν
1569 1066 1668 1102 ἐαυτῷ,
1687 1067 1734 1093 τοῦ
1753 1068 1860 1104 Πατρδς

1075 1108 1149 1143 αὐτῷ
1162 1109 1239 1135 τοῦτο
1252 1110 1445 1146 δωρησαμένου
1461 1113 1500 1143 εἰς
1514 1112 1663 1139 ἀπόλαυσιν
1679 1113 1732 1139 τῶν
1749 1113 1858 1148 μελλόν-

1073 1162 1127 1180 των
1133 1155 1166 1181 δι’
1174 1155 1255 1181 αὐτοῦ
1261 1155 1459 1187 ζωοποιεῖσθαι.
1474 1159 1506 1184 Ὂ
1513 1158 1544 1193 δὴ
1555 1158 1593 1192 (5)
1602 1159 1647 1185 καὶ
1653 1159 1732 1191 αὐτὸς
1737 1159 1858 1186 διδάσκει

1074 1199 1158 1233 λέγων
1168 1209 1174 1215 ·
1192 1201 1291 1233 Καθὼς
1307 1202 1467 1230 ἀπέστειλέ
1477 1212 1516 1238 με
1540 1205 1557 1230 ό
1577 1203 1633 1234 ζῶν
1652 1205 1762 1240 Πατὴρ.
1776 1205 1857 1240 κάγὼ

1074 1245 1109 1275 ζῶ
1121 1246 1170 1273 διὰ
1184 1247 1238 1274 τὸν
1249 1247 1375 1282 Πατέρα.
1398 1249 1452 1275 Καί
1462 1257 1468 1264 '
1488 1250 1519 1276 '0
1529 1250 1646 1284 τρώγων
1656 1259 1705 1285 με,
1719 1251 1857 1285 κάκεῖνος

1073 1290 1153 1323 ζήσει
1167 1292 1203 1319 δι’
1217 1293 1278 1327 ἐμέ.
1291 1292 1385 1327 οὗτός
1401 1296 1510 1323 ἐστινὸ
1523 1295 1612 1330 ἄρτος
1628 1297 1644 1323 ό
1659 1297 1693 1323 ἐκ
1703 1297 1756 1324 τοῦ
1769 1299 1857 1331 οὐρσρ

1072 1338 1127 1364 νοῦ
1142 1338 1278 1372 καταϐάς.
1300 1340 1380 1376 Ὁρᾷς
1393 1341 1465 1373 ὅπως
1483 1341 1529 1368 καὶ
1547 1343 1574 1367 ὲν
1593 1341 1698 1377 οὐρανῷ
1714 1342 1854 1378 ὑπάρχων,

1071 1383 1152 1418 ἄρτος
1166 1381 1200 1419 ἦν
1214 1383 1295 1420 ζωῆς.
1305 1385 1350 1412 Διὸ
1364 1385 1486 1412 λέλεκταί
1517 1395 1566 1413 που
1578 1394 1585 1401 “
1598 1387 1700 1420 Ἄρτον
1723 1387 1857 1422 ἀγγέλων

1071 1429 1179 1463 ἔφαγεν
1185 1431 1200 1456 ό
1207 1430 1368 1465 ἅνθρωπος.
1376 1432 1429 1458 Καὶ
1440 1432 1503 1466 πρὶν
1511 1432 1678 1459 ἀπεστάλθαι
1685 1433 1739 1468 ἄρα
1751 1433 1854 1460 ὐιτδτοῦ

1073 1475 1187 1510 Πατρὸς,
1202 1476 1230 1501 ὲν
1252 1476 1356 1512 οὐρανῷ
1370 1475 1403 1511 ἦν
1420 1477 1467 1512 (6),
1484 1478 1531 1504 καὶ
1551 1476 1597 1513 ἔζη
1617 1477 1661 1505 διὰ
1681 1478 1727 1506 τὸν
1746 1479 1855 1516 Πατέρα

1070 1522 1118 1555 οὐχ
1130 1521 1168 1552 ὡς
1174 1522 1258 1556 Λόγος
1273 1523 1501 1558 σημαντικὺς,οὑδ⁴
1512 1523 1550 1555 ὡς
1562 1523 1590 1550 ἓν
1601 1525 1649 1551 καὶ
1658 1525 1756 1552 ταύτὸν
1767 1526 1855 1562 ὑπάρ-

1070 1575 1124 1601 χων
1139 1567 1178 1602 τῷ
1191 1568 1259 1603 Θεῷ,
1273 1568 1329 1595 ἀλλ’
1342 1568 1379 1600 ὡς
1392 1569 1515 1604 ὑφεστὼς
1535 1571 1581 1597 καὶ
1597 1570 1669 1606 ζωὴν
1684 1571 1752 1597 Ιδίαν
1771 1571 1852 1607 ἔχων,

1068 1613 1101 1648 ἢν
1124 1614 1138 1639 ό
1162 1614 1254 1650 Πατὴρ
1270 1615 1344 1650 αὐτῷ
1365 1615 1472 1642 δέδωκε.
1491 1617 1545 1644 Καὶ
1560 1617 1662 1652 προῖὼν
1684 1618 1713 1644 δὲ
1736 1617 1799 1653 ἑξῆς
1822 1618 1853 1644 τὸ

1069 1659 1199 1694 ὑπερέχον
1225 1660 1274 1695 τῆς
1305 1661 1350 1687 τοῦ
1370 1662 1474 1698 Harpe;
1498 1662 1576 1698 δόξης
1600 1663 1734 1698 παριστὰς
1755 1663 1849 1696 ἐλεγε-

1068 1704 1168 1737 Καθὼς
1187 1705 1304 1737 ἐδίδαξέ
1318 1707 1483 1741 μεΠατὴρ,
1507 1707 1601 1735 ταῦτα
1611 1707 1705 1735 λαλῶ.
1722 1707 1792 1736 Καί·
1816 1707 1849 1735 '0

1067 1750 1185 1784 πέμψας
1200 1759 1238 1784 με
1247 1752 1310 1785 μετ’
1324 1752 1396 1786 ἐμοῦ
1409 1753 1501 1779 ἐστιν.
1515 1755 1575 1780 Οὐκ
1587 1753 1681 1788 ἀφῆκέ
1690 1762 1727 1788 με
1740 1755 1845 1788 μόνον,

1067 1796 1109 1822 ὅτι
1124 1797 1180 1830 ἐγὼ
1191 1797 1226 1824 τὰ
1243 1797 1354 1831 ἀρεστὰ
1374 1798 1453 1830 αὐτῷ
1475 1800 1548 1826 ποιῶ
1566 1800 1700 1827 πάντοτε.
1716 1801 1799 1837 Τήρει
1817 1801 1847 1827 δὲ

1066 1842 1196 1877 ἀκριϐῶς,
1204 1843 1277 1873 ὃπως
1286 1844 1390 1879 εἴρηται
1405 1845 1541 1873 πάντοτε.
1551 1847 1588 1873 Οὐ
1602 1846 1666 1881 γὰρ.
1678 1847 1746 1880 Νῦν,
1754 1848 1847 1883 φησὶν,

1066 1887 1108 1912 ὅτε
1125 1888 1170 1913 ἐπὶ
1188 1887 1238 1922 γῆς
1252 1888 1404 1924 ἀνθρώποις
1420 1890 1463 1916 διὰ
1486 1892 1585 1925 σαρκὸς
1599 1892 1697 1927 όμιλῶ,
1732 1893 1765 1919 τὰ
1786 1893 1852 1928 ἁρε-

1067 1932 1161 1967 στὰτῷ
1177 1933 1213 1968 (7)
1225 1934 1312 1970 Πατρὶ
1335 1935 1545 1972 διαπράττομαι,
1567 1938 1635 1964 ἀλλὰ
1653 1940 1702 1965 καὶ
1723 1939 1847 1966 πάντοτε.

1066 1978 1119 2004 Καὶ
1135 1978 1219 2004 ταῦτα
1238 1978 1266 2005 δὲ
1292 1979 1381 2007 λαλεῖν
1402 1982 1580 2017 μαρτύρεται,
1608 1983 1690 2018 ἅπερ,
1712 1984 1750 2015 ὡς
1773 1984 1848 2019 παρὰ

1064 2022 1239 2056 διδασκάλου,
1257 2026 1331 2060 παρὰ
1350 2026 1397 2052 τοῦ
1423 2027 1527 2063 [ἰατρὸς
1557 2028 1732 2064 μεμάθηκεν·
1752 2027 1849 2055 οὐκοῦν

1065 2069 1111 2093 καὶ
1128 2068 1284 2096 διδάσκαλον
1299 2072 1479 2107 ἐπιγράφεται
1494 2073 1538 2099 τδν
1553 2075 1674 2111 Πατέρα,
1695 2075 1786 2110 ιτερος
1795 2075 1845 2107 ὣν,

1063 2114 1172 2151 δηλαδὴ,
1198 2117 1261 2151 παρ’
1287 2118 1378 2151 αῷτὺν,
1406 2119 1471 2153 εἴγε
1486 2121 1537 2151 πᾶς
1557 2120 1609 2156 ὅτῳ
1630 2120 1846 2156 μαθητευόμενος

1064 2161 1155 2197 ἕτερος
1168 2163 1294 2198 τυγχάνει
1308 2164 1353 2190 τοῦ
1367 2164 1542 2197 διδάσκοντος.
1559 2167 1589 2192 El
1611 2167 1634 2192 δ’
1647 2167 1676 2193 ἐν
1688 2166 1726 2202 τῷ
1738 2166 1796 2202 Θεῷ
1809 2164 1844 2202 ἦν

1062 2207 1076 2233 ὁ
1090 2207 1184 2241 Λόγος,
1209 2208 1241 2234 δι’
1256 2209 1284 2235 ὃν
1306 2211 1351 2236 καὶ
1370 2210 1477 2244 λογικὸς
1497 2211 1529 2238 ἂν
1543 2213 1637 2248 ῥηθείη
1655 2213 1709 2239 τῶν
1722 2212 1767 2240 τοῦ
1787 2213 1844 2240 Πα-

1063 2253 1126 2288 τρὸς
1148 2255 1290 2289 νοημάτων
1316 2258 1481 2291 σημαντικός
1504 2266 1546 2290 τις
1565 2259 1618 2284 ὢν·
1638 2259 1696 2289 πῶς
1714 2259 1746 2285 ἂν
1764 2257 1845 2290 αὐτὸς

1064 2298 1158 2325 ἑαυτοῦ
1173 2299 1276 2333 γένοιτο
1286 2300 1444 2334 διδάσκαλος
1456 2312 1462 2335 ;
1479 2304 1540 2335 Πῶς
1552 2304 1574 2330 δ’
1586 2304 1736 2339 ἀχώριστος
1747 2303 1784 2330 ὢν
1795 2303 1844 2330 τοῦ

1063 2343 1139 2376 Θεοῦ,
1152 2345 1246 2371 ἑαυτὸν
1258 2346 1348 2380 ἔλεγεν
1361 2348 1543 2381 ἀπεστάλθαι;
1557 2350 1618 2381 Πῶς
1629 2350 1668 2381 δὲ,
1679 2350 1708 2376 ἓν
1719 2351 1766 2377 καὶ
1778 2349 1844 2376 ταὺ-

1063 2389 1108 2416 τὸν
1132 2390 1260 2426 ὑπάρχων
1279 2393 1318 2427 τῷ
1344 2393 1413 2429 Θεῷ,
1437 2395 1470 2421 τὰ
1493 2395 1595 2430 ἀρεστὰ
1620 2396 1750 2431 πράττειν
1769 2395 1844 2431 αὐτῷ

1062 2434 1272 2471 διεμαρτύρετο;
1295 2438 1326 2464 El
1343 2438 1371 2464 δὲ
1386 2440 1453 2474 πρὸς
1473 2440 1558 2467 ταῦτα
1580 2440 1653 2475 λέγοι
1673 2441 1843 2476 Μάρκελλος,

1062 2478 1090 2502 ὲν
1110 2479 1143 2513 τῇ
1160 2480 1242 2514 σαρκὶ
1257 2481 1320 2507 ὄντα
1341 2483 1386 2509 τὸν
1409 2484 1504 2517 Λόγον,
1524 2485 1624 2516 ταύτας
1645 2486 1782 2520 εἰρηκέναι
1794 2487 1845 2517 τὰς

1062 2525 1162 2556 φωνὰς,
1180 2526 1227 2552 καὶ
1244 2527 1269 2553 τί
1279 2528 1358 2554 τοῦτο
1369 2530 1490 2565 φήσομεν
1506 2532 1574 2567 πρὸς
1586 2532 1632 2558 τὺν
1653 2531 1690 2567 μὴ
1699 2531 1844 2566 ὁμολογεῖν

1061 2569 1106 2595 τὸν
1134 2570 1195 2597 Υἰὸν
1216 2572 1252 2607 (8)
1282 2574 1363 2600 αὑτὸν
1392 2573 1471 2608 εἶναι,
1485 2577 1552 2603 ἀλλὰ
1569 2578 1652 2611 Λόγον
1669 2577 1764 2612 μόνον;
1780 2577 1843 2608 ηὼς

584 2667 594 2680 ⁸
607 2665 677 2693 Psal.
691 2675 792 2700 Lxxvtt,
803 2668 854 2701 25;
871 2669 892 2697 ll
910 2670 986 2698 Esdr.
1002 2679 1038 2706 Ix,
1056 2673 1098 2699 15.
1136 2674 1147 2689 '
1163 2673 1240 2702 Joan.
1259 2683 1317 2709 vul,
1330 2676 1377 2706 28.
1415 2678 1425 2693 '
1438 2678 1502 2706 ibid.
1514 2677 1559 2707 29.

1061 2747 1088 2770 et
1104 2743 1176 2773 inira.
1186 2744 1227 2771 ὕει
1239 2745 1294 2773 ἐπὶ.

1145 2777 1233 2817 ’Χυμκο
1242 2781 1316 2817 αὐτῷ
1329 2782 1377 2817 τῷ.

1097 2808 1134 2848 (ε)
1150 2808 1232 2850 Vulgo
1248 2816 1293 2843 τὸν
1302 2808 1433 2853 ’μὴ’άμολ.
1452 2818 1498 2846 τὸν
1511 2819 1583 2847 rm.
