4086 6202
449 283 550 338 877
667 283 674 308 ‘

1390 286 1476 341 DE
1508 287 2046 348 ECCLESIASTICA
2083 290 2472 350 TIlEOLOGlA
2509 293 2638 349 LIB.
2672 295 2715 348 1.

3554 304 3655 359 87R

448 397 494 452 δ’
521 398 579 450 ὲν
619 399 683 468 τῇ
723 401 883 470 σαρκὶ
919 397 1008 472 ἦν,
1037 402 1130 456 ὅτε
1162 401 1334 457 ταῦτα
1372 403 1585 474 ἕλεγεν;
1611 400 1759 489 *Λρά
1790 424 1854 477 γε
1886 407 2003 471 ζῶν⁴

2118 409 2392 476 parabilis,
2437 411 2654 466 missum
2701 410 2904 473 fatetur
2956 413 3305 484 semetipsum
3340 416 3660 483 iQuomodo

449 487 544 539 καὶ
579 486 841 557 ὑφεστὼς,
875 491 968 544 καὶ
1001 492 1096 546 τοῦ
1125 494 1338 566 Πατρὸς
1383 495 1640 568 ὑπάρχων
1674 486 1860 563 ἑκτός;
1902 499 2013 552 Καὶ

448 575 533 640 τίς
559 572 628 647 ἦν
657 578 686 630 6
717 578 901 651 Πατὴρ
945 581 1082 646 τότε,
1118 583 1192 654 μὴ
1235 585 1325 640 τὸν
1355 587 1549 640 οἰκεῖον
1589 588 1916 659 κεκτημένος
1955 591 2013 642 ἐν

445 666 628 740 ἑαυτῷ
655 671 844 740 Λόγον,
875 672 989 726 ἀλλ’
1024 675 1269 743 ὑφεστὼς
1295 678 1420 732 ἄνευ
1462 679 1664 748 Λόγου;
1710 680 1933 733 ὲνοικῶν
1955 681 2012 735 δὲ

447 765 507 818 ὲν
537 767 601 836 τῇ
649 766 807 837 σαρκὶ
845 769 874 822 6
914 769 1106 838 Λόγος,
1137 770 1213 824 ὅτ’
1243 772 1336 824 ἐπὶ
1376 773 1480 842 γῆς
1519 775 1753 828 ἐποιεῖτο
1773 776 1871 840 τὰς
1901 775 2012 828 δια-

445 857 655 930 τριϐὰς,
675 859 724 910 εἰ
748 858 846 929 μὲν
867 859 964 912 τοῦ
983 861 1196 932 Πατρὸς
1215 861 1370 926 ἐκτὸς
1387 859 1474 934 ἦν,
1493 863 1600 928 ζῶν
1625 866 1718 919 καὶ
1744 866 2009 936 ὑφεστὼς,

446 950 540 1002 καὶ
576 949 672 1019 τὴν
716 949 898 1020 ,σάρκα
939 950 1102 1004 κινῶν
1149 951 1326 1022 ψυχῆς
1373 953 1546 1025 δίκην,
1581 954 1763 1023 ἕτερος
1809 957 2009 1029 δηλαδὴ

446 1041 593 1112 παρὰ
619 1040 707 1093 τὸν
736 1042 974 1115 Πατέρα,
1015 1044 1110 1104 καὶ
1142 1044 1236 1096 δύο
1266 1043 1426 1097 πάλιν
1469 1045 1811 1111 ὑποστάσεις,
1848 1047 2010 1113 αὑτός

442 1149 502 1186 τε
528 1132 618 1185 καὶ
645 1133 673 1184 6
697 1133 916 1206 Πατὴρ,
947 1134 1213 1206 ὑπῆρχον.
1242 1135 1477 1201 Μάταιός
1499 1154 1556 1188 τε
1583 1139 1690 1200 πᾶς
1709 1139 1736 1191 6
1755 1138 2007 1210 Μαρκέλ-

443 1221 532 1276 λου
583 1221 900 1294 πεφώραται
957 1224 1148 1289 πόνος,
1195 1224 1424 1297 οὐσιὼδη
1465 1227 1638 1296 Λόγον
1686 1227 1863 1292 ζῶντα
1914 1229 2008 1283 καὶ

443 1313 753 1380 ὑφεστῶτα,
792 1315 880 1367 τὸν
915 1317 971 1368 ἐν
988 1318 1065 1386 cf);
1080 1319 1238 1391 σαρκὶ
1273 1319 1557 1387 γενόμενον
1580 1320 1910 1391 ὁριζομένου.
1947 1322 2008 1374 El

434 1405 483 1459 6‘
502 1406 659 1470 ἐκτὸς
702 1408 910 1478 ὑπῆρχε
951 1408 1046 1462 τοῦ
1079 1409 1213 1464 Θεοῦ
1259 1411 1335 1483 (9)
1357 1415 1386 1465 6
1419 1414 1481 1465 ὲν
1517 1411 1595 1482 τῷ
1624 1412 1837 1483 σώματι
1869 1431 2006 1468 κατ-

435 1497 604 1550 οικῶν
661 1497 857 1566 Λόγος,
895 1499 1094 1570 ἥνωται
1127 1500 1186 1552 δὲ
1229 1502 1324 1559 καὶ
1359 1503 1597 1573 συνῆπτο
1634 1503 1720 1574 τῷ
1749 1504 1886 1575 Θεῷ,
1933 1504 2008 1568 ὡς

437 1587 497 1639 ἓν
522 1588 616 1640 καὶ
638 1589 828 1648 ταὺτὸν
856 1585 994 1642 εἷναί
1021 1607 1077 1642 τε
1107 1591 1334 1663 αὑτῷὲξ
1359 1594 1603 1666 ἀνάγκης
1623 1592 1813 1659 ⁴δώσει,
1839 1594 1872 1665 ἦ
1906 1595 2005 1648 αὑ-

436 1678 529 1732 τὸν
566 1674 703 1732 εἶναι
735 1680 824 1733 τὸν
863 1680 1080 1753 Πατέρα
1115 1683 1174 1736 ὲν
1202 1686 1267 1754 τῇ
1307 1686 1549 1757 σαρκὶ,ἢ
1594 1684 1708 1756 (10)
1745 1685 1835 1739 τὸν
1875 1685 2002 1739 Υἱὸν

439 1771 725 1839 ὑφεστῶτα
751 1772 869 1826 καθ’
902 1774 1092 1828 ἑαυτὸν
1119 1776 1212 1830 καὶ
1239 1777 1562 1848 ἐνεργοῦντα
1583 1780 1642 1832 ὲν
1667 1777 1746 1849 τῷ
1767 1777 1998 1849 σώματι,

435 1862 470 1932 ἢ
497 1863 671 1934 ψυχὴν
712 1864 1016 1936 ἀνθρώπου,
1062 1865 1172 1938 ἢεί
1219 1868 1385 1938 μηδὲν
1427 1868 1650 1933 τούτων,
1698 1869 2000 1941 αὐτόματον

437 1954 698 2008 κινεῖσθαι
733 1954 831 2027 τὴν
875 1956 1072 2030 σάρκα,
1113 1959 1319 2031 ἄψυχον
1361 1955 1525 2015 οὖσαν
1569 1961 1664 2014 καὶ
1693 1961 1905 2031 ἄλογον.
1937 1963 1999 2015 Εἰ

439 2045 538 2115 μὲν
566 2042 658 2099 οὖν
700 2047 791 2100 τὸν
813 2049 1037 2121 Πατέρα
1081 2050 1250 2119 λέγοι,
1297 2051 1451 2114 ἔσται
1499 2053 1528 2106 6
1575 2054 1764 2126 Πατὴρ
1789 2055 1937 2126 αὑτῷ
1973 2058 2001 2108 6

438 2137 712 2209 γεννηθεὶς
755 2141 850 2194 καὶ
887 2140 1072 2194 παθὼν
1110 2143 1201 2197 καὶ
1222 2145 1341 2206 πᾶν
1374 2143 1541 2216 ἔργον
1578 2145 2001 2219 ἀνθρωποπαθὲς

435 2229 748 2300 ὑπομείνας,
762 2231 790 2283 6
811 2230 873 2303 δὴ
895 2231 1262 2304 φθεγξάμενον
1275 2235 1557 2300 Σαβέλλιον
1573 2239 1827 2302 ἀσεϐείας
1841 2240 2001 2310 ἐγρά-

435 2319 572 2388 ψατο
605 2321 818 2394 γραφὴν
835 2323 932 2377 τοῦ
965 2324 1099 2378 Θεοῦ
1139 2327 1172 2397 ἡ
1207 2327 1520 2398 Ἐκκλησία.
1561 2330 1623 2382 Ei
1660 2330 1717 2384 δὲ
1762 2323 1852 2385 τὸν
1887 2332 1998 2382 Πα-

433 2408 567 2479 τέρα
599 2410 779 2480 ,λέγειν
823 2413 883 2464 οὑ
930 2412 1146 2484 θεμιτὸν
1189 2417 1697 2490 ὲνανθρωπήσαντα,
1739 2419 1829 2474 τὸν
1875 2420 2001 2472 Υἱὸν

433 2500 712 2570 ὁμολογεῖν
753 2503 986 2576 ἀνάγκη,
1029 2505 1178 2576 αὑτῷ
1225 2507 1694 2580 μαθητευομένους
1731 2510 1886 2564 τοῦτο
1927 2512 2001 2564 δι-

432 2595 698 2652 δάσκοντι.
738 2599 803 2651 Et
831 2598 895 2650 δὲ
930 2597 1127 2652 τοῦτον
1168 2601 1381 2672 ἀρνοῖτο
1418 2602 1734 2672 Μάρκελλος
1770 2603 2002 2672 ὑφεστά-

435 2705 542 2752 ναι,
567 2688 682 2758 ὥρα
711 2689 862 2758 ψιλὸν
887 2690 1169 2763 ἄνθρωπον
1211 2691 1372 2746 αὑτὸν
1411 2694 1759 2748 ὑποτίθεσθαι
1782 2695 1848 2747 ἐκ
1893 2694 1998 2747 σώ-

441 2796 606 2848 ματος
638 2780 732 2833 καὶ
764 2781 946 2852 ψυχῆς
991 2783 1316 2850 συνεστῶτα,
1360 2785 1436 2849 ὡς
1478 2785 1640 2858 μηδὲν
1682 2787 1781 2856 τῆς
1817 2788 2000 2856 κοινῆς

438 2869 738 2942 ἀνθρώπων
763 2873 1097 2929 διαλλάττειν
1125 2875 1356 2945 φύσεως.
1403 2879 1563 2933 ’Λλλά
1589 2881 1683 2933 καὶ
1707 2878 1866 2942 τοῦτο
1905 2880 2004 2950 τῆς

453 2962 771 3033 Ἐκκλησίας
783 2965 1112 3038 ἀπελήλαται
1121 2967 1185 3021 τὸ
1194 2969 1386 3044 δόγμαο
1403 2971 1433 3024 6
1443 2971 1502 3024 δὲ
1526 2971 1689 3026 πάλαι
1711 2971 1808 3042 μὲν
1821 2971 2010 3026 Ἐὔιωο

440 3057 598 3116 ναῖοι,
627 3056 818 3109 νεωστὶ
840 3057 894 3111 δὲ
926 3061 955 3112 ό
977 3060 1320 3131 Σαμοσατεὺς
1360 3061 1453 3116 καὶ⁵
1481 3063 1530 3116 οἰ
1565 3061 1791 3133 ἐπίκλην
1809 3061 1877 3127 ,ἐξ
1913 3062 2008 3116 αὑ-

2112 514 2230 550 cum
2261 500 2332 552 sit
2369 515 2528 552 unum
2555 511 2715 570 atque
2741 502 2876 562 idem
2910 519 3027 558 cum
3059 505 3182 569 Deo.
3205 521 3266 559 se
3299 505 3404 561 Deo
3431 512 3662 578 complu-

2109 589 2283 640 centia
2326 592 2583 658 perlicere
2633 602 2868 650 testatur
2895 595 2916 649 ?
2943 596 3096 662 Quod
3130 597 3174 652 si
3230 600 3551 666 respondeat
3597 604 3662 654 ad

2111 678 2223 730 haec
2249 678 2554 748 Marcellus,
2598 680 2832 740 Verbum
2879 702 3099 743 carnem
3147 689 3342 744 factum
3379 692 3493 747 haec
3536 708 3664 763 pro-

2110 770 2421 824 nuntiasse:
2449 781 2503 826 et
2529 774 2656 842 quid
2690 777 2828 832 istud
2861 778 3078 846 inquam
3123 781 3188 833 ad
3217 781 3367 849 illud,
3400 797 3504 839 non
3533 798 3664 840 con-

2113 858 2250 912 titeri
2277 874 2397 914 eum
2435 861 2624 917 Filium
2653 879 2789 930 esse,
2814 869 2907 923 sed
2934 868 3107 924 solum
3137 869 3391 932 Verbum.
3424 873 3664 941 Qualiter

2109 965 2234 1004 vero
2263 949 2316 1004 in
2357 966 2520 1008 carne
2557 955 2657 1018 fuit
2684 971 2805 1012 cum
2829 960 2944 1022 haec
2966 960 3374 1032 proloqueretur
3399 964 3422 1018 ἲ
3454 965 3663 1022 Numne

2110 1043 2316 1108 vivens,
2355 1042 2656 1101 subsistens
2676 1086 2691 1110 ,
2723 1057 2876 1106 extra
2933 1049 3143 1106 Patrem
3195 1055 3566 1114 consumtus?
3598 1057 3664 1110 Et

2106 1134 2249 1202 quis,
2265 1149 2463 1203 quaso,
2487 1145 2604 1190 erat
2631 1146 2738 1191 tum
2765 1139 2853 1193 ille
2880 1138 3063 1204 Pater.
3087 1142 3174 1211 qui
3195 1159 3352 1207 suum
3377 1145 3427 1198 in
3452 1152 3510 1200 se
3535 1145 3663 1200 Ver-

2109 1224 2230 1304 bum
2262 1231 2388 1277 tunc
2417 1240 2520 1278 non
2545 1226 2896 1295 possidebat?
2922 1231 3016 1284 sed
3040 1231 3156 1286 sine
3199 1246 3298 1285 suo
3331 1231 3505 1287 Verbo
3531 1235 3662 1290 sub-

2107 1313 2332 1368 sistebat
2367 1313 2390 1367 ?
2423 1330 2642 1371 carnem
2689 1331 2816 1375 vero
2864 1319 3098 1378 Verbum
3152 1330 3276 1380 tunc
3323 1321 3659 1388 inhabitans.

2104 1421 2228 1459 cum
2269 1407 2321 1460 in
2368 1408 2526 1463 terris
2563 1409 2653 1464 hic
2699 1421 3150 1480 conversaretur,
3198 1414 3460 1484 siquidem
3509 1426 3661 1473 extra

2107 1511 2260 1550 suum
2313 1497 2524 1555 Patrem
2573 1499 2784 1567 fuerat,
2819 1503 3043 1571 vivens,
3075 1507 3396 1572 subsistens,
3447 1523 3661 1563 carnem

2109 1601 2329 1646 movens
2351 1591 2418 1644 ad
2446 1590 2620 1645 instar
2650 1593 2864 1657 animat,
2893 1594 3112 1652 omnino
3137 1606 3254 1650 erat
3292 1596 3431 1652 alius
3453 1613 3480 1650 a
3507 1597 3666 1654 Patre

2107 1693 2224 1744 suo,
2246 1680 2572 1735 et-duae-tum
2589 1681 2933 1754 ihypostases,
2971 1687 3085 1756 ipse
3108 1695 3267 1756 atque
3287 1687 3465 1751 Pater,
3491 1689 3666 1746 subsi-

2031 1759 2073 1814 Β
2101 1771 2333 1825 alebant.
2360 1771 2715 1828 Frustraneus
2735 1775 3015 1846 eritporro
3038 1776 3272 1840 Marcelli
3297 1778 3446 1838 labor
3468 1781 3663 1845 omnis,

2100 1859 2190 1928 qui
2219 1860 2386 1928 illum,
2422 1864 2562 1932 quod
2604 1864 2654 1918 in
2691 1880 2857 1920 carne
2890 1865 2992 1920 fuit
3021 1867 3376 1926 substantiale
3407 1867 3662 1934 Verbum,

2099 1953 2300 2018 vivum,
2325 1963 2380 2010 et
2409 1955 2707 2024 subsistens
2729 1958 3129 2022 determinavit.
3156 1959 3311 2027 Quod
3345 1960 3392 2015 si
3428 1960 3659 2018 Verbum

2100 2045 2228 2100 illud
2255 2046 2396 2116 quod
2421 2047 2760 2104 inhabitabat
2790 2064 3032 2120 carnem,
3072 2062 3226 2107 extra
3267 2054 3430 2108 Deum
3470 2054 3662 2114 fuerat.

2100 2138 2307 2206 unitum
2361 2152 2490 2194 vero
2538 2137 2642 2194 fuit
2687 2150 2742 2196 ct
2778 2141 3085 2213 copulatum
3143 2143 3359 2208 eidem,
3407 2153 3661 2214 tauquam

2102 2233 2162 2291 >I<
2192 2243 2356 2283 unum
2395 2239 2554 2299 atque
2579 2230 2718 2286 idem
2734 2246 2865 2296 .cum
2911 2247 2976 2287 eo
3018 2233 3278 2288 :omnino
3305 2249 3664 2290 concessurus

2099 2331 2180 2374 est
2203 2318 2275 2374 illi
2303 2321 2692 2389 exsistentiam,
2719 2332 2773 2378 et
2802 2323 2973 2393 ipsum
2995 2338 3207 2394 quoque
3231 2339 3371 2392 esse,
3405 2340 3527 2380 cum
3558 2341 3672 2381 car.

2102 2424 2169 2464 ne
2193 2411 2537 2468 exsistentem
2563 2411 2801 2481 Patrem,
2831 2421 2887 2470 et
2909 2415 3107 2469 Filium
3131 2431 3163 2469 a
3187 2430 3247 2472 se
3265 2427 3322 2471 et
3352 2432 3446 2487 per
3467 2429 3527 2474 se
3551 2419 3673 2472 sub-

2101 2501 2402 2570 sistentem,
2422 2512 2484 2557 .et
2518 2504 2570 2558 in
2594 2518 2819 2573 corpore
2839 2517 3147 2576 operantem
3187 2527 3200 2562 :
3228 2518 3323 2568 aut
3347 2509 3538 2573 saltem
3569 2510 3666 2564 hu-

2103 2606 2314 2646 manam
2355 2592 2588 2648 animam
2623 2611 2641 2647 :
2673 2595 2717 2648 si
2745 2595 2886 2650 nihil
2937 2597 3168 2662 horum;
3224 2609 3333 2653 tum
3375 2609 3525 2655 certe
3570 2617 3664 2654 sua

2103 2693 2296 2754 sponte
2338 2699 2434 2754 per
2459 2699 2518 2740 se
2546 2687 2748 2740 moveri
2791 2702 3031 2751 carnem,
3075 2688 3306 2744 fateatur
3331 2705 3549 2752 necesse
3583 2704 3668 2746 est

2105 2776 2398 2836 inanimam
2450 2786 2506 2832 et
2536 2767 2919 2862 Vii‘rra'tioualem
2965 2797 2978 2834 :
3027 2781 3110 2836 sin
3157 2795 3286 2836 vero
3333 2787 3668 2845 concesserit

2106 2881 2226 2928 esse
2243 2866 2468 2929 Patrem
2501 2857 2646 2922 :érit
2674 2868 2746 2924 illi
2772 2868 2949 2935 Pater,
2982 2871 3215 2942 genitus,
3241 2881 3531 2942 passus,_et
3553 2887 3669 2928 om-

2070 3027 2073 3029 _
2108 2958 2197 3011 nia
2223 2958 2459 3020 humana
2480 2973 2649 3027 .opera
2687 2960 2778 3030 qui
2811 2962 3029 3016 subivit.
3070 2961 3223 3030 Quod
3248 2977 3379 3022 cum
3407 2963 3669 3024 Sabellius

2107 3049 2236 3105 olim
2280 3048 2588 3116 afﬁrmandi,
2624 3052 2900 3125 inscripsit
2934 3053 2983 3107 ei
3031 3053 3204 3111 dicam
3250 3053 3538 3123 impietatis
3569 3054 3670 3109 Ec—

438 3143 534 3196 τοῦ
565 3143 852 3199 Παυλιανοὶ
874 3119 1236 3219 φρονήσαντες
1271 3119 1402 3221 (ll),
1445 3119 1758 3220 6uatpﬁpmv'
1778 3119 2003 3218 ὑπέμει-

2109 3143 2267 3198 clesia
2321 3141 2438 3198 Dei.
2487 3142 2646 3210 ,Quod
2681 3119 2926 3201 si'nefas
2967 3145 3033 3198 sit
3073 3145 3274 3205 dicere.
3337 3146 3668 3200 incarnatum

436 3254 535 3290 ναν
555 3237 726 3309 δίκην.
746 3237 810 3291 Τί
831 3239 892 3311 δὴ
913 3235 1004 3294 οὖν
1029 3240 1272 3296 λείπεται
1296 3241 1434 3313 μετὰ
1453 3240 1677 3310 ταῦταῆ
1700 3240 1796 3312 τὴν
1825 3240 2002 3312 σάρκα

439 3330 597 3398 μόνον
625 3331 861 3401 εἰσάγειν
883 3333 1004 3405 δίχα
1031 3335 1230 3398 παντὸς
1266 3336 1473 3390 ἐνοίκου
1510 3334 1618 3388 τῶν
1655 3335 1812 3404 δίκην
1853 3333 2004 3404 παρὰ

434 3424 548 3486 τοῖς
573 3422 993 3494 Θαυματοποιοῖς
1036 3427 1342 3498 αὐτόματον
1368 3426 1725 3496 κινουμένην;
1750 3426 1860 3492 Kal.
1888 3427 2002 3490 πῶς

435 3515 469 3582 ἡ
495 3513 650 3586 σάρξ,
673 3516 767 3570 καὶ
798 3515 928 3570 αὑτὸ
951 3517 1072 3572 καθ’
1099 3517 1259 3572 ἑαυτὸ
1289 3519 1351 3573 τὸ
1385 3518 1564 3589 σῶμα,
1592 3518 1712 3588 δίχα
1739 3517 1832 3572 τοῦ
1852 3519 2004 3588 ἐνερ-

436 3604 656 3674 γοῦντος
704 3605 854 3662 εἶπεν
888 3609 997 3680 (12)
1030 3610 1116 3672 ἂν,
1162 3611 1366 3677 Καθὼς
1407 3610 1643 3675 ἐδίδαξέ
1679 3628 1775 3680 με,
1818 3609 2003 3664 ταῦτα

433 3697 640 3764 10-15;
669 3699 785 3763 πῶς
805 3701 912 3772 δὲή
946 3700 1100 3772 σὰρξ,
1135 3698 1285 3756 εἶπεν
1308 3701 1374 3756 ἂν
1393 3703 1496 3766 ὅτι,
1528 3702 1672 3771 Ἐγὼ
1693 3687 1764 3756 τά
1781 3701 2005 3770 ἀρεστὰ

435 3787 595 3853 αὑτῷ
636 3789 784 3846 ποιῶ
824 3789 1119 3855 minore;
1155 3792 1279 3855 Πῶς
1311 3791 1370 3844 δὲ
1411 3793 1444 3861 ἡ
1493 3791 1629 3862 σὰρξ
1673 3788 2002 3845 ἀπεστάλθαι

437 3879 633 3950 ἑαυτὴν
667 3881 816 3952 παρὰ
850 3880 944 3934 τοῦ
979 3882 1199 3953 Πατρδς
1233 3881 1455 3949 ἕλεγεν;
1496 3877 1643 3954 *Λρα
1691 3881 1748 3934 δὲ
1778 3879 2004 3950 ,Πατέρα

436 3969 538 4038 τῆς
567 3971 765 4041 σαρκὸς
792 3971 884 4025 τὸν
921 3970 1055 4025 Θεὸν
1099 3972 1276 4039 λέγειν
1319 3972 1484 4037 ὅσιον,
1519 3972 1551 4041 ἢ
1586 3971 1786 4040 μᾶλλον
1815 3970 1911 4024 τοῦ
1947 3972 2004 4021 ἐν

434 4061 577 4131 αὐτῇ
639 4061 1018 4126 κατοικοῦντος
1039 4080 1097 4116 τε
1132 4064 1224 4117 καὶ
1262 4061 1638 4134 ὲνεργοῦντοςς
1681 4063 1776 4126 Τίς
1803 4058 1904 4116 οὖν
1937 4058 2004 4132 ἦν

435 4143 624 4216 0610;;
651 4149 862 4223 Πότερα
907 4154 936 4206 6
970 4154 1027 4206 ὲν
1049 4153 1128 4224 τῷ
1156 4154 1265 4222 (15)
1292 4151 1412 4224 Θεῷ
1453 4153 1643 4221 Λόγος,
1667 4153 1826 4217 αὑτὸς
1868 4151 1941 4207 ὢν
1976 4155 2004 4204 6

435 4243 570 4307 θεδς
605 4243 748 4297 κατά
773 4244 1083 4307 Σαδέλλιονν
1132 4244 1187 4318 ἢ,
1229 4245 1364 4317 ὅπερ
1405 4245 1550 4300 ὅσιον
1582 4245 1674 4303 καὶ
1703 4244 1896 4315 ἀληθὲς
1920 4245 2003 4296 λέ-

437 4351 575 4403 γειν,
597 4336 627 4388 6
650 4334 758 4399 ζῶν
781 4337 872 4390 καὶ
896 4334 1140 4405 ὑφεστὼς
1163 4337 1476 4408 Μονογενὴς
1502 4336 1628 4400 Υἱὸς
1649 4336 1740 4389 τοῦ
1762 4335 1917 4396 Θεοῦ.
1942 4337 2004 4389 ΕΞ

2105 3231 2516 3296 fuisse-Patrem
2543 3251 2559 3300 ;
2592 3248 2814 3291 necesse
2847 3243 2930 3290 est
2962 3234 3029 3289 de
3063 3234 3199 3289 Filio
3228 3235 3331 3290 hoc
3360 3231 3674 3304 pronuntie-

2105 3341 2250 3390 mus,
2271 3326 2352 3384 ab
2381 3325 2550 3394 ipsius
2577 3325 2763 3388 schola
2786 3334 2844 3382 et
2875 3325 3180 3394 disciplina,
3209 3325 3300 3395 qui
3342 3327 3444 3381 hoc
3468 3325 3670 3385 docuit.

2103 3416 2347 3486 profecti.
2402 3416 2554 3482 Quod
2607 3418 2653 3471 si
2713 3416 2860 3480 illum
2889 3417 3241 3487 abnegaverit
3288 3416 3672 3481 subsistentem

2102 3506 2409 3574 Marcellus,
2445 3521 2652 3564 merum
2673 3508 2826 3578 illum
2857 3508 3125 3570 hominem
3149 3509 3412 3562 concedat
3439 3517 3649 3573 oportet

2101 3597 2170 3651 de
2206 3611 2432 3667 corpore
2452 3607 2625 3667 atque
2652 3597 2832 3652 anima
2857 3596 3206 3659 constitutum
3232 3615 3246 3649 :
3278 3597 3348 3650 ita
3387 3607 3498 3650 uta
3531 3587 3672 3657 com:

2106 3690 2250 3744 muni
2292 3700 2482 3744 natura
2514 3690 2788 3747 hominum
2826 3690 3133 3748 nullatenus
3185 3689 3422 3746 recedat.
3476 3689 3663 3745 Sedet

2107 3783 2296 3852 dogma
2325 3781 2428 3836 hoc
2471 3779 2713 3837 Ecclesia
2740 3781 2926 3848 reiecit
2955 3779 3120 3835 etiam
3161 3794 3176 3835 :
3207 3779 3348 3850 quod
3392 3795 3511 3835 cum
3542 3781 3668 3836 olim

2105 3872 2343 3928 Ebionaei
2379 3882 2692 3929 tuerentur:
2741 3883 2794 3928 et
2819 3887 2924 3928 non
2959 3872 3030 3927 ita
3066 3871 3273 3940 pridem
3303 3884 3669 3944 propugnaret

2106 3964 2512 4030 Samosatenus,
2541 3975 2597 4020 et
2624 3965 2718 4036 qui
2753 3965 2821 4019 ab
2869 3965 2958 4020 illo
2987 3965 3428 4030 denominantur,
3453 3965 3674 4024 Paulla-

2106 4059 2182 4123 ni,
2207 4056 2560 4127 blasphemiae
2579 4055 2925 4121 sententiam,
2951 4057 3016 4111 ab
3045 4055 3283 4112 Ecclesia
3313 4056 3474 4112 latam
3505 4057 3558 4112 in
3577 4071 3673 4111 eos

2106 4149 2406 4204 subierunt.
2432 4147 2571 4214 Quid
2607 4161 2736 4218 ergo
2767 4157 2933 4205 restat
2964 4146 3131 4210 aliud,
3162 4163 3323 4218 quam
3363 4158 3423 4204 ut
3451 4161 3668 4203 carnem

2109 4243 2409 4298 introducat
2437 4241 2637 4296 nudam
2669 4241 2819 4297 omni
2847 4256 3070 4309 prorsus
3107 4243 3457 4299 habitatore?
3487 4244 3672 4297 adum-

2106 4335 2231 4393 dum
2267 4349 2448 4390 eorum
2491 4347 2776 4402 puparum,
2823 4347 2961 4403 quos
2988 4333 3194 4402 seipsos
3233 4334 3560 4395 motitantes,
3609 4350 3670 4387 a-

434 4421 496 4476 δὲ
525 4421 789 4494 μηδέτερα
814 4424 1026 4478 τούτων
1046 4424 1305 4493 .λέ.γοι,.ὲξ
1342 4426 1588 4498 ἀνάγκης
1639 4427 2003 4497 ὑποστήσεται

2106 4436 2274 4498 syrtis
2307 4425 2739 4481 circumducunt.
2769 4423 2836 4477 Et
2862 4437 2969 4492 quo
3001 4431 3158 4492 pacto
3190 4437 3341 4488 caro,
3367 4432 3437 4477 et
3471 4423 3672 4492 ipsum-

441 4513 618 4586 ψυχὴν
654 4515 961 4588 ἀνθρώπου,
999 4517 1091 4570 καὶ
1121 4517 1273 4570 ἔσται
1307 4517 1455 4589 αὑτῷ
1490 4517 1642 4589 ψιλὸς
1669 4518 1951 4591 ἄνθρωπος
1975 4521 2003 4572 6

437 4605 690 4676 Χριστός.
733 4609 841 4663 Καὶ
869 4609 1050 4664 οὐκέτι
1104 4609 1408 4675 Σαϐἐλλιος,
1454 4611 1748 4676 Παυλιανὸς
1792 4611 2002 4682 δ’-ήμίν

434 4696 607 4762 ἔσται,
630 4700 659 4751 6
689 4698 805 4764 νέος
835 4699 1214 4772 συγγριιφεὺς.
1242 4703 1306 4760 El
1327 4701 1383 4760 δὲ
1411 4702 1512 4760 ⁴τὸν
1535 4705 1590 4758 ὲν
1621 4704 1698 4775 τῷ
1726 4705 1844 4775 θεῷ
1866 4707 1998 4777 φαίη

433 4789 606 4858 Λόγον
625 4791 906 4862 Δἐνοικῆσαι
934 4795 1000 4864 τῇ
1026 4794 1207 4864 σαρκὶ,
1225 4792 1736 4865 οὑδὲνέτερονιὸντα
1759 4796 1998 4867 ἣΛόγον,

435 4882 530 4937 καὶ
553 4884 727 4954 Λάγον
757 4886 1088 4957 σημαντικὸν
1105 4887 1152 4957 -ἢ
1176 4886 1552 4959 ἐνεργητικόν·
1581 4888 1674 4942 καὶ
1711 4888 1826 4952 πῶς
1845 4881 1997 4952 οὗτος

433 4967 589 5028 εἶπεν
610 4976 676 5036 ἂν
693 4976 791 5048 ζῇν
817 4976 1115 5042 ἰδιάζουσαν
1138 4977 1282 5049 ζωὴν
1305 4976 1457 5048 παρά
1485 4977 1583 5032 ’τὸν
1604 4977 1822 5049 Πατέρα
1843 4978 1995 5041 ;’Ποῦ

432 5063 490 5116 δὲ
515 5066 676 5128 αὑτὸς
695 5066 1000 5119 ἀπέσταλτο
1023 5066 1362 5137 συνημμένος
1389 5067 1482 5120 καὶ
1505 5066 1778 5136 ἡνωμένος
1803 5066 1889 5118 ἀεὶ
1922 5067 1997 5136 τῷ

511 5271 568 5328 ›Ῑ‹
608 5264 705 5320 Ed.
731 5265 903 5321 Paris.
930 5282 1050 5336 pag.
1082 5265 1172 5320 9i.

506 5446 583 5518 (9)
626 5450 829 5526 ’βροτὸς
879 5451 1132 5526 ὑπάρχει
1177 5452 1274 5516 rati
1328 5452 1495 5526 @5017.
1537 5453 1757 5526 Potius
1791 5456 2004 5526 ὑπῆρχε

435 5517 538 5589 [sic
559 5519 766 5596 c_odd.}.
799 5517 1114 5596 υι-ᾖνωτᾶι,
1147 5533 1202 5578 et
1228 5523 1517 5592 συνῆπται.
1544 5524 1613 5577 Μ.
1640 5556 1694 5568 -—
1711 5523 1825 5582 Mox
1851 5517 2007 5596 vulgo

437 5589 601 5654 σαρκὶ
632 5589 801 5654 καῖτ.
834 5589 980 5645 Υἱόν.

506 5658 619 5733 (Ψ)
650 5657 880 5733 νιιΙεοᾲῆ
919 5664 1088 5730 deest,
1122 5674 1176 5720 et
1201 5679 1322 5720 mox
1348 5662 1502 5733 vulgo
1521 5663 1612 5716 ὅδε
1636 5663 1821 5732 φθεγξ.
1847 5677 1897 5718 et
1930 5664 2011 5718 in-

435 5729 514 5782 fra
542 5729 736 5799 δόγμα·
762 5729 795 5782 6
822 5729 898 5785 δέ.

2107 4527 2218 4574 met
2241 4533 2334 4588 per
2361 4517 2598 4586 seipsum
2647 4529 2836 4583 corpus
2866 4514 3073 4584 absque
3108 4515 3214 4568 ullo
3251 4515 3566 4582 inoperante
3592 4515 3672 4568 di-

2099 4609 2267 4676 xerit,
2305 4608 2436 4674 Qua
2465 4606 2552 4661 ille
2584 4622 2663 4660 tne
2707 4607 2910 4672 docuit,
2961 4607 3378 4675 ea-proloquor?
3406 4607 3674 4672 quomodo

2085 4717 2232 4758 caro
2259 4699 2477 4763 dixerit,
2524 4697 2637 4768 Ego
2667 4715 2893 4765 semper,
2935 4707 2982 4750 et
3010 4697 3197 4767 ubique
3215 4713 3285 4753 ea
3311 4712 3523 4762 opnor,
3557 4711 3673 4765 qua:

2102 4801 2220 4852 sunt
2249 4788 2327 4844 illi
2360 4786 2922 4857 complacentiaP-Quo
2979 4796 3153 4855 pacto.
3188 4801 3247 4842 se
3293 4799 3422 4838 caro
3447 4785 3671 4850 missam

2104 4884 2297 4940 dixerit
2330 4896 2360 4935 a
2400 4883 2591 4948 patre?
2633 4883 2787 4936 Anne
2837 4881 3018 4936 carnis
3043 4889 3248 4949 patrem
3278 4880 3459 4934 dicere
3485 4879 3669 4940 Deum,

2101 4983 2345 5032 sanctum
2374 4972 2500 5028 est?
2535 4981 2631 5027 aut
2653 4970 2997 5042 potiusejus,
3022 4972 3114 5042 qui
3139 4985 3358 5026 carnem
3395 4971 3595 5032 insidet
3619 4985 3675 5026 et

2104 5065 2405 5122 inhabitet?
2433 5065 2564 5131 Quis
2597 5067 2810 5119 tandem
2857 5065 2944 5117 ille
2975 5064 3171 5118 fuerit?
3201 5063 3410 5119 Numne
3446 5064 3672 5118 Verbum

2184 5451 2293 5520 (ll)
2321 5448 2638 5521 Δυσφημίας
2667 5447 2738 5502 Μ.
2772 5450 2823 5505 in
2869 5465 3051 5514 corn;
3098 5466 3218 5506 mox
3253 5453 3408 5521 vulgo
3439 5453 3490 5505 τί
3529 5452 3584 5508 δέ
3618 5462 3678 5506 οι

2111 5520 2396 5593 δίκην-τῂν
2416 5535 2472 5568 π.

2187 5588 2298 5659 (l3)
2476 5588 2718 5650 εἴπειεν;
2752 5606 2871 5645 mox
2908 5591 3064 5660 vuigo
3093 5591 3157 5645 ἀν
3184 5590 3293 5658 ἐγὼ
3324 5594 3411 5646 τά.

2189 5649 2300 5735 ζίέᾑ
2326 5649 2496 5728 vulgo
2541 5660 2768 5729 θηκτῷ,
2805 5671 2858 5716 et
2912 5649 3046 5714 infra
3091 5649 3245 5732 vulgo
3280 5661 3670 5735 συνημμένοςῆ

2116 5729 2401 5798 ὴνομένος.
