4086 6202
439 304 539 359 879

1127 300 1386 356 ElISEBll
1426 297 1898 355 C/ESAIHENSIS
1934 297 2081 356 OPP.
2127 297 2302 354 PARS
2341 297 2429 357 lV.
2468 327 2536 339 --
2576 295 2990 354 DOGMATICA.

3549 290 3653 345 880

422 410 567 477 illud
589 422 730 491 quod
760 421 809 475 in
848 421 953 476 Deo
982 422 1174 485 fuerat,
1202 422 1426 491 ipsemet
1454 423 1591 476 idem
1621 420 1783 483 Deus,
1816 430 1872 474 ut
1899 420 1995 474 Sa-

2106 418 2246 491 Βεῴ;
2272 418 2394 481 Πῶς
2416 416 2727 471 διδάσκαλον
2750 413 2910 469 αὑτοῦ
2938 428 3100 483 φησιν
3123 404 3261 464 εἶναι
3289 408 3378 463 τὸν
3406 406 3618 479 Πατέρα
3638 425 3657 473 ;

440 512 601 566 hellio
638 513 829 581 placuit
857 513 995 564 ?aut
1026 512 1200 579 potius
1246 511 1405 582 (quod
1433 526 1552 566 cum
1586 513 1868 566 sanctitate
1888 522 1992 566 stat

441 614 493 655 et
528 602 769 669 veritate)
803 602 986 654 vivens
1034 609 1088 654 et
1123 599 1424 655 subsistens
1466 603 1775 671 unigenitus
1827 602 1993 656 Filius

446 696 537 752 Dei
560 696 582 722 “
609 695 756 759 Quod
786 694 828 746 si
868 692 995 745 nihil
1030 692 1221 745 horum
1256 693 1353 762 ipsi
1393 693 1657 758 arriserit,
1687 693 1993 747 omnimodo

443 787 727 841 substituet
762 784 849 837 hic
869 784 1154 836 humanam
1180 785 1449 849 animam;
1480 792 1637 853 atque
1665 785 1735 838 ita
1788 785 1891 838 erit
1922 784 1994 838 illi

445 878 615 930 nudus
647 876 805 928 homo
840 872 1101 927 Christus.
1137 872 1246 927 Nec
1276 873 1501 927 ulterius
1538 873 1690 927 nobis
1734 873 1996 928 Sabellius

441 966 694 1037 prodibit,
719 966 815 1019 sed
851 964 915 1018 de
939 974 1081 1018 secta
1107 963 1510 1028 Paulianorum,
1539 979 1708 1017 novus
1739 966 1993 1034 scriptor.

440 1059 590 1125 Quod
622 1058 665 1111 si
718 1058 947 1111 Verbum
1003 1056 1128 1109 illud
1162 1055 1360 1108 dixerit
1402 1056 1673 1109 hominem
1731 1057 1994 1122 habitare,

443 1148 580 1215 quod
612 1128 670 1201 in
704 1146 811 1200 Deo
870 1146 989 1213 fuit,
1037 1147 1164 1199 nihil
1198 1145 1343 1199 aliud
1400 1146 1595 1213 ipsum,
1628 1147 1725 1201 nisi
1766 1146 1993 1202 Verbum

443 1242 726 1302 exsistens,
760 1248 811 1292 et
834 1237 1060 1293 Verbum
1093 1236 1504 1305 signiticativum
1538 1238 1620 1292 vel
1642 1240 1993 1308 operativum.

443 1346 546 1397 quo
576 1338 729 1399 pacto
745 1331 847 1384 hoc
866 1329 1091 1391 dicatur,
1118 1330 1278 1382 vitam
1306 1328 1573 1398 propriam
1598 1340 1651 1384 et
1677 1330 1996 1398 peculiarem

442 1419 625 1472 vivere
672 1418 969 1486 sejunctam
1004 1433 1032 1470 a
1064 1417 1255 1471 Patre?
1288 1416 1404 1483 Quo
1437 1419 1632 1473 missus
1672 1420 1770 1473 fuit
1797 1420 1883 1473 ille
1909 1421 1999 1490 qui

446 1509 659 1579 quidem
713 1509 957 1563 counitus
984 1524 1216 1578 semper,
1245 1518 1297 1561 et
1336 1509 1611 1579 copulatus
1647 1511 1793 1565 Patri
1826 1513 2001 1565 consi-

446 1601 658 1655 stebat?
685 1600 798 1665 Quo
828 1610 982 1669 pacto
1004 1613 1380 1668 praaceptorem
1408 1616 1559 1655 suum
1583 1602 1806 1655 allirmat
1833 1602 1998 1656 Deum

449 1691 701 1745 Patrem?
732 1706 835 1759 quo
866 1702 1027 1759 pacto
1073 1706 1130 1745 se
1161 1706 1372 1759 semper
1413 1702 1468 1745 et
1518 1699 1573 1757 ὦ
1613 1694 1809 1763 ubique
1856 1694 1999 1749 Patri

2093 511 2214 573 Πῶς
2239 511 2295 564 δὲ
2316 511 2381 563 τὰ
2405 508 2608 580 ἀρεστά
2647 507 2724 577 τῷ
2768 509 2940 576 Πατρὶ
2964 506 3194 559 πάντοτε
3235 503 3493 574 πράττειν
3536 503 3664 553 ἐαυ-

2090 605 2181 657 τὸν
2204 603 2422 670 ἔλεγεν;
2469 594 2628 654 αὗται
2670 599 2776 671 γὰρ
2832 597 3126 669 διαρρήδην
3168 594 3299 648 Υἱοῦ
3352 595 3664 664 ὑφεστῶτος

2094 698 2184 749 καὶ
2207 695 2405 759 ζῶντος
2434 694 2543 763 (14)
2568 688 2676 745 εἷεν
2700 691 2765 744 ἂν
2789 691 2983 759 φωναὶ,
3003 690 3096 742 καὶ
3118 689 3184 741 δι’
3210 688 3330 740 ὅλου
3353 687 3409 740 δὲ
3431 687 3541 758 (15)
3568 686 3665 739 τοῦ

2093 787 2419 855 Εὐαγγελίου
2455 787 2483 837 6
2522 784 2806 855 εὐχόμενος
2846 782 2923 851 τῷ
2962 782 3151 851 Πατρὶ,
3189 780 3422 846 δοξάζων
3442 781 3530 832 τὸν
3555 780 3671 834 Πα-

2092 877 2224 946 τέρα
2248 880 2274 929 6
2303 875 2449 946 παρὰ
2485 873 2577 926 τοῦ
2612 872 2821 943 Πατρὸς
2843 870 3165 939 δοξασθῆναι
3189 869 3374 933 ἀξιῶν,
3398 869 3449 921 τί
3479 870 3670 938 ἕτερον

2096 966 2127 1036 ἦ
2158 965 2440 1034 ὑφεστῶτα
2469 964 2656 1016 ἑαυτὸν
2678 963 2934 1024 δείκνυσι,
2985 962 3077 1013 καὶ
3120 961 3353 1030 μάλιστα
3389 963 3476 1014 ὅτε
3508 960 3667 1029 φησὶ,

2098 1058 2210 1110 Δύο
2257 1054 2577 1123 ἀνθρώπιον
2614 1056 2650 1120 ’ὴ
2685 1054 2976 1121 μαρτυρία
3021 1050 3252 1118 ἀληθής
3292 1050 3480 1104 ἐστιν.
3520 1048 3672 1118 Ἐγώ

2095 1153 2208 1219 εἰμι
2240 1153 2272 1202 ό
2312 1145 2625 1217 μαρτυρῶν
2655 1146 2787 1213 περὶ
2823 1144 3108 1214 ἐμαυτοῦο
3144 1144 3256 1196 καί’
3316 1144 3376 1195 '0
3424 1143 3669 1211 πέμψας

2093 1259 2168 1312 με
2197 1241 2398 1308 Πατὴρ
2424 1238 2713 1309 μαρτυρεῖ
2734 1238 2863 1306 περὶ
2893 1236 3056 1306 ἐμοῦ.
3085 1235 3185 1288 Διά
3215 1233 3481 1288 τοσούτων
3504 1233 3668 1296 αὐτὸς

2098 1335 2127 1386 6
2177 1331 2362 1402 Σωτὴρ
2407 1329 2582 1394 ζῶντα
2642 1331 2830 1382 ἑαυτὸν
2872 1329 3247 1400 παραστήσας,
3285 1325 3521 1397 οὐδαμοῦ
3567 1325 3668 1396 μὲν

2100 1424 2293 1491 Λόγον
2314 1420 2501 1473 ἑαυτὸν
2525 1419 2826 1488 ὠνόμασεν,
2852 1417 2979 1468 Υἱὸν
3003 1416 3079 1479 δὲ,
3105 1415 3198 1468 καὶ
3222 1412 3356 1483 φῶς,
3382 1412 3474 1466 καὶ
3496 1412 3671 1465 Μονο-

2101 1517 2253 1584 γενῆ,
2278 1514 2371 1566 καὶ
2396 1512 2556 1583 ἄρτον
2581 1510 2723 1580 ζωῆς
2752 1508 2881 1579 (16).
2931 1507 3064 1579 [Kal
3087 1507 3266 1560 πάντα
3289 1506 3465 1573 λόγον,
3493 1504 3526 1574 ἢ
3561 1503 3668 1557 Λόο

2102 1604 2241 1675 γον,]
2286 1604 2393 1658 Καὶ
2435 1602 2590 1670 λόγον
2638 1602 2735 1671 μὲν
2770 1600 2911 1670 ἔχειν
2960 1599 3195 1652 διδάσκει
3244 1596 3486 1665 φάσκων,
3526 1592 3670 1648 Ἐάν

2103 1712 2191 1760 τις
2219 1693 2418 1763 ἀγαπᾷ
2443 1711 2537 1763 με,
2578 1693 2681 1746 τὸν
2710 1694 2902 1760 Λόγον
2930 1708 3046 1759 μου
3080 1689 3355 1757 τηρήσει·
3392 1683 3580 1739 ἑαυτὸν
3607 1683 3670 1735 δὲ

448 1797 543 1836 suo
573 1782 954 1849 complacentia
988 1781 1185 1837 fecisse
1217 1783 1390 1837 dicet?
1429 1782 1562 1837 Sunt
1605 1786 1746 1838 enim
1795 1787 1875 1839 hee
1905 1802 2000 1839 vo-

2106 1787 2269 1854 Λόγον
2304 1782 2437 1837 εἶναι
2477 1783 2534 1837 οὗ
2569 1800 2750 1853 φησιν.
2788 1784 2908 1846 Πῶς
2950 1777 3040 1834 οὖν
3077 1780 3211 1851 μετά
3254 1779 3424 1832 ταῦτα
3469 1776 3667 1834 πάντα,

449 1892 540 1931 ces
578 1877 709 1930 satis
742 1876 901 1929 clarae
933 1884 985 1929 et
1020 1874 1318 1928 manifesta:
1347 1874 1437 1927 ﬁlii
1484 1875 1624 1930 illius
1656 1876 1757 1930 vivi
1792 1886 1844 1932 et
1873 1878 2003 1932 sub-

451 1968 708 2029 sistentis,
744 1967 833 2035 qui
867 1967 1061 2035 ubique
1109 1978 1255 2020 certe
1292 1982 1386 2036 per
1441 1967 1785 2036 Evangelium
1810 1969 2002 2037 depre-

451 2070 604 2112 catur
648 2058 883 2125 Patrem,
945 2069 1000 2111 et
1035 2073 1063 2111 a
1096 2058 1276 2117 Patre,
1328 2067 1387 2111 ut
1436 2073 1494 2111 se
1524 2058 1804 2127 glorificet,
1849 2061 1999 2128 petit.

451 2153 577 2215 Qum
629 2150 843 2219 quidem
915 2148 1114 2214 omnia,
1172 2149 1300 2218 quid
1370 2148 1510 2202 aliud
1567 2148 1782 2214 docent,
1840 2167 2000 2220 quam

452 2243 622 2310 ipsum
672 2255 856 2294 revera
888 2240 1230 2294 substitisse?
1277 2239 1542 2308 imprimis
1572 2239 1658 2293 tibi
1705 2241 1779 2293 ait
1814 2241 2003 2295 :Duo-

450 2350 564 2387 rum
603 2334 865 2386 hominum
904 2332 1247 2384 testimonium
1278 2347 1453 2384 rerum
1480 2340 1572 2384 est.
1618 2330 1727 2401 Ego
1756 2349 1891 2397 sum,
1917 2334 2004 2402 qui

451 2424 798 2478 testimonium
844 2422 1083 2490 perhibeo
1118 2422 1448 2489 mihimetipsi
1501 2436 1518 2473 :
1547 2431 1593 2474 et
1640 2423 1725 2491 qui
1759 2423 1899 2475 misit
1926 2438 2005 2476 me

448 2515 633 2578 Pater,
657 2514 719 2566 de
740 2529 818 2567 me
844 2514 888 2566 is
912 2514 1140 2580 perhibet
1163 2512 1511 2565 testimonium
1530 2512 1572 2563 ".
1603 2511 1703 2565 Tot
1726 2510 1856 2565 locis
1883 2526 2002 2565 cum

453 2619 511 2659 se
543 2604 719 2658 vivum
751 2602 1121 2671 pnedicaverit
1149 2602 1422 2667 Servator,
1457 2615 1718 2671 nusquam
1741 2616 1798 2655 se
1828 2610 2002 2655 tamen

464 2694 682 2751 Verbum
720 2695 1030 2758 nominavit,
1076 2694 1167 2747 sed
1210 2692 1423 2756 Filium,
1476 2702 1530 2745 et
1566 2692 1757 2756 lucem,
1805 2702 1858 2745 et
1893 2694 2005 2745 uni-

453 2788 710 2857 genitum,
733 2795 787 2840 et
821 2799 1010 2854 partem
1038 2788 1176 2837 vitae.
1221 2780 1392 2836 Verba
1427 2792 1604 2837 autem
1636 2796 1728 2835 sua
1768 2790 1821 2835 et
1847 2784 2005 2836 verba

454 2893 512 2931 se
548 2876 744 2931 habere
777 2876 988 2945 quidem
1041 2874 1217 2937 docet,
1272 2872 1362 2925 ubi
1394 2873 1488 2935 ait,
1524 2870 1584 2926 Si
1629 2872 1742 2941 quis
1787 2868 2006 2925 Verbum

454 2982 623 3020 meum
671 2963 1042 3019 custodiverit'
1071 2979 1085 3014 :
1117 2972 1169 3014 at
1190 2961 1564 3030 semetipsum,
1602 2960 1833 3016 Verbum
1882 2977 2008 3015 nus-

454 3072 613 3125 quam
658 3055 917 3110 nominat.
962 3054 1024 3106 Et
1055 3046 1200 3107 certe
1234 3052 1652 3106 erubescendum
1690 3052 1762 3105 illi
1811 3052 2002 3109 fuerat.

453 3147 567 3215 qui,
598 3146 743 3200 hisce
783 3145 1029 3198 omnibus
1060 3158 1165 3195 non
1197 3142 1552 3210 obstantibus,
1601 3141 1828 3196 Verbum
1862 3144 2006 3197 illum

453 3247 506 3289 et
538 3235 667 3289 nihil
709 3233 850 3288 aliud
877 3234 978 3288 nisi
1021 3232 1251 3287 Verbum
1300 3234 1616 3302 designavit.
1640 3234 1857 3289 Audisis
1882 3250 2008 3307 ergo

453 3343 571 3396 quae
605 3326 840 3395 scripsit,
879 3325 1030 3380 dixit.
1062 3326 1150 3398 [ιι.
1193 3323 1481 3396 xxxvnq
1521 3345 1539 3377 ‹
1569 3327 1716 3381 Adeo
1751 3335 1809 3380 ut
1832 3327 2009 3380 omni-

460 3418 662 3471 imodo
709 3415 1051 3471 manifestum
1116 3417 1297 3480 fuerit,
1372 3417 1572 3470 nullum
1628 3417 1767 3472 aliud
1817 3433 2007 3472 nomen

461 3528 478 3558 ι
508 3508 665 3564 Verbi
693 3510 975 3563 aeternitati
1002 3519 1512 3579 congruereprzeter
1536 3510 1635 3564 hoc
1658 3510 1851 3579 ipsum,
1876 3509 2011 3579 quod

457 3619 477 3652 ι
502 3600 874 3656 sanctissimus
905 3601 993 3656 Dei
1048 3601 1339 3670 discipulus
1388 3610 1443 3654 et
1480 3604 1754 3668 apostolus
1781 3600 2013 3655 Joannes

459 3711 477 3742 ε
508 3694 557 3745 in
585 3692 855 3763 principio
904 3691 1176 3763 Evangelii
1227 3692 1541 3745 nominavit.
1584 3712 1602 3743 ι
1631 3691 1695 3745 ΕΙ.
1735 3692 2008 3745 secundo:

458 3803 475 3834 ι
513 3783 577 3839 Ut
608 3784 934 3848 ostenderet,
987 3783 1127 3851 quod
1173 3783 1213 3837 si
1241 3797 1433 3836 novum
1488 3796 1679 3836 nomen
1720 3781 1931 3849 aliquod
1958 3791 2011 3837 et

459 3892 477 3923 ι
510 3889 680 3942 nuper
711 3873 892 3926 datum
920 3874 967 3925 ei
1007 3872 1374 3934 conveniebat,
1405 3886 1433 3924 a
1456 3885 1593 3925 novo
1619 3880 1673 3924 et
1706 3884 1873 3941 nuper
1900 3881 2008 3925 tra-

459 3984 477 4018 (
508 3966 616 4021 dito
656 3976 994 4029 tesumento,
1028 3965 1128 4018 huc
1163 3974 1280 4018 erat
1325 3964 1497 4033 ipsum
1525 3978 1820 4034 congruum
1850 3965 1920 4017 illi
1958 3966 2009 4019 in

456 4078 475 4108 ς
501 4073 663 4112 carne
694 4057 1096 4124 dispensationi.
1128 4074 1145 4106 ι
1183 4055 1246 4109 Et
1268 4054 1805 4121 tertio:rQuocirca,
1832 4057 2011 4125 prius-

457 4173 475 4199 ι
500 4164 659 4219 quam
696 4149 1061 4212 desectideret,
1091 4158 1145 4202 et
1171 4148 1235 4200 de
1260 4145 1480 4217 Virgine
1509 4157 1842 4200 nasceretur.
1875 4146 2010 4202 Ver—

457 4261 477 4289 i
496 4240 621 4292 hum
639 4247 755 4292 erat
778 4238 1164 4291 tantummodo.
1191 4236 1327 4302 Quid
1349 4238 1489 4291 enim
1509 4248 1650 4291 esset
1671 4236 1811 4291 aliud
1835 4238 2010 4307 prius-

2102 1878 2200 1931 οὐκ
2236 1877 2458 1948 ἐρυθριᾷ
2485 1880 2511 1928 ό
2543 1876 2698 1946 μόνον
2744 1874 2931 1941 Λόγον,
2976 1874 3066 1925 καὶ
3109 1873 3258 1925 οὐδὲν
3299 1872 3482 1941 ἕτερον
3529 1865 3669 1922 εἶναι

2104 1969 2262 2021 αὐτὸν
2291 1968 2739 2037 άποφηνάμενος;
2778 1965 3103 2017 Ἐπάκουσον
3120 1963 3245 2029 γοῦν
3269 1964 3413 2024 ὅπως
3440 1961 3667 2033 ἔγραφε,

2104 2060 2293 2127 λέγων,
2333 2078 2350 2108 ι
2378 2059 2537 2110 Ὥστε
2582 2056 2910 2124 πανταχόθεν
2946 2054 3100 2124 δῆλόν
3144 2055 3258 2105 ἐστι
3292 2051 3451 2122 μηδὲν
3484 2050 3671 2117 ἕτερον

2111 2169 2127 2199 ι
2156 2153 2219 2219 τῇ
2259 2150 2515 2219 ἀϊδιότητι
2548 2147 2638 2200 τοῦ
2668 2148 2845 2215 Λόγου
2876 2144 3163 2216 ἁρμόττειν
3208 2143 3397 2213 ὄνομα,
3428 2142 3461 2212 ἢ
3498 2140 3668 2202 τοῦθ’,

2112 2260 2129 2291 ι
2153 2242 2287 2311 ὅπερ
2306 2242 2333 2292 6
2357 2238 2657 2307 ἀγιώτατος
2677 2238 2770 2292 τοῦ
2794 2237 2926 2291 Θεοῦ
2959 2236 3203 2308 μαθητὴς
3235 2237 3329 2287 καὶ
3378 2232 3673 2294 ἀπόστολος

2112 2353 2127 2383 ι
2171 2332 2438 2402 Ἰωάννης,
2466 2333 2522 2383 ὲν
2556 2333 2695 2402 ἀρχῇ
2731 2330 2823 2382 τοῦ
2854 2329 3178 2398 Εὑαγγελίου
3209 2325 3508 2397 εἶπεν(ν17).
3534 2325 3673 2397 [Καὶ

2112 2445 2130 2476 ‹
2151 2423 2357 2494 πάλινο]
2380 2426 2491 2476 Ἳνα
2513 2423 2659 2495 δείξῃ
2680 2425 2759 2476 ὅτι
2774 2422 3081 2490 εἴτιικαινὸν
3101 2421 3193 2474 καὶ
3207 2420 3462 2489 νεώτερον
3476 2418 3670 2487 ὄνομα,

2114 2534 2132 2565 ι
2154 2514 2295 2567 τοῦτ’
2331 2514 2436 2567 ἀπὸ
2464 2514 2562 2583 τῆς
2604 2515 2793 2583 καινῆς
2825 2512 2976 2581 αὐτῷ
3010 2513 3103 2565 καὶ
3142 2512 3267 2574 νέας
3299 2511 3504 2581 ὑπῆρξε
3532 2506 3673 2562 κατὰ

2114 2627 2130 2655 ι
2158 2606 2334 2676 σάρκα
2362 2606 2685 2675 οἰκονομίας.
2707 2602 2839 2675 [Καὶ
2855 2600 3054 2676 αὖθις]
3079 2602 3285 2655 Οὐκοῦν
3317 2601 3420 2671 πρὸ
3452 2599 3549 2670 μὲν
3574 2596 3672 2651 τοῦ

2115 2719 2132 2750 ι
2163 2698 2456 2757 κατελθεῖν,
2474 2699 2564 2751 καὶ
2592 2698 2678 2750 διά
2699 2699 2793 2768 τῆς
2827 2698 3095 2768 Παρθένου
3121 2695 3394 2767 τεχθῆναι,
3412 2693 3579 2762 Λόγος
3603 2688 3675 2763 ἦν

2115 2812 2132 2843 t
2161 2795 2337 2863 μόνον.
2380 2792 2532 2843 Ἐπεὶ.
2558 2792 2608 2843 τί
2638 2792 2723 2843 ἓτε
2735 2808 2823 2861 ρον
2852 2786 2942 2860 ἦν,
2970 2791 3072 2860 πρὸ
3096 2788 3187 2842 τοῦ
3214 2787 3311 2857 τὴν
3332 2786 3673 2858 ἀνθρωπίνην

2116 2905 2131 2937 ι
2156 2884 2439 2937 ἀναλαϐεῖν
2472 2884 2667 2952 σάρκα,
2685 2884 2744 2934 τὸ
2774 2881 3036 2951 κατῆλθον
3060 2882 3144 2932 ἐπ’
3171 2879 3410 2948 ἐσχάτων
3438 2877 3542 2929 τῶν
3565 2874 3674 2945 (18)

2116 2993 2132 3025 t
2164 2972 2381 3044 ἡμερῶν
2400 2989 2412 3036 ;
2433 2972 2506 3034 ὡς
2534 2974 2627 3025 καὶ
2654 2972 2813 3034 αὐτὸς
2841 2972 3102 3042 γέγραφε.
3122 2969 3229 3022 Καὶ
3250 2969 3311 3020 τὸ
3338 2965 3591 3037 γεννηθὲν
3612 2965 3678 3016 ὲκ

2116 3077 2133 3107 ι
2167 3059 2263 3129 τῆς
2292 3058 2564 3129 Παρθένου
2594 3058 2741 3110 οὐδὲν
2770 3059 2953 3129 ἕτερον
2977 3054 3045 3128 ἦν
3073 3058 3105 3128 ἢ
3143 3056 3332 3124 Λόγος.
3364 3074 3383 3107 ι
3431 3052 3677 3107 Τοσαῦτα

2113 3149 2413 3221 Μαρκέλλῳ
2454 3151 2624 3201 εἰπεῖν
2674 3148 2763 3201 καὶ
2802 3146 3173 3217 ἀποφήνασθαι
3217 3146 3467 3216 πάρεστι,
3492 3142 3577 3195 διὰ
3618 3142 3679 3195 τὸ

2117 3242 2191 3313 μὴ
2216 3241 2495 3311 ὁμολογεῖν
2524 3242 2613 3294 τὸν
2654 3241 2779 3293 Υἱὸν
2817 3239 2909 3293 τοῦ
2948 3238 3102 3302 Θεοῦ,
3137 3238 3270 3309 πρὸς
3298 3238 3357 3290 ὃν
3385 3234 3532 3290 εἶπεν
3560 3234 3626 3287 ἂν
3644 3235 3675 3285 6

2114 3331 2515 3401 Εὑαγγελιστὴς
2572 3332 2709 3401 μέγα
2747 3330 3059 3399 ὲπιὸοήσας.
3103 3328 3166 3379 Τί
3201 3328 3334 3397 φῄς,
3388 3324 3668 3394 ἄνθρωπε;

2114 3424 2186 3476 υῦ
2214 3424 2407 3492 Λόγον
2458 3424 2615 3475 αὐτὸν
2654 3424 2786 3492 ἔφην
2825 3422 2981 3491 μόνον
3008 3461 3020 3482 ,
3070 3419 3228 3473 ἀλλὰ
3271 3416 3364 3470 καὶ
3396 3414 3539 3468 Θεὸν
3566 3411 3665 3464 καὶ

2113 3512 2238 3582 φῶς
2261 3513 2325 3566 τὸ
2358 3512 2605 3581 φωτίζον
2646 3512 2841 3565 πάντα
2887 3511 3199 3579 ἄνθρωπον
3237 3507 3551 3576 ἐρχόμενον
3575 3504 3661 3567 εἱς

2112 3604 2218 3656 τὸν
2250 3604 2499 3671 κόσμον,
2532 3603 2627 3657 καὶ
2657 3602 2964 3672 Μονογενῆ
3004 3602 3139 3655 Υιὸν
3169 3599 3271 3655 τόν
3291 3600 3375 3662 εις
3405 3594 3508 3649 τὸν
3528 3594 3668 3646 κόλ-

2112 3713 2229 3750 πον
2259 3678 2364 3750 τοῦ
2407 3696 2651 3762 Πατρός.
2674 3696 2763 3766 Μὴ
2783 3696 2846 3764 δὴ
2881 3696 3037 3766 μόνον
3065 3689 3155 3747 οὖν
3180 3686 3569 3760 συκοφαντείτω
3589 3702 3668 3748 τις

2112 3787 2200 3839 τὸν
2217 3786 2461 3854 θεολόγον
2482 3787 2614 3856 (l9),
2636 3787 2747 3839 ἀλλ’
2775 3788 3013 3857 ἀκριϐῶς
3041 3787 3279 3839 επαῐέτω
3303 3781 3673 3846 αὐτοῦ,όποὶον

2112 3878 2336 3930 ὑπέθετο
2366 3878 2555 3947 Λόγον,
2573 3879 2721 3949 παρά
2755 3879 2918 3941 πόδας
2942 3878 3199 3947 συνάψας,
3244 3876 3351 3931 Καὶ
3380 3872 3523 3937 Θεὸς
3545 3868 3623 3941 ἦν
3642 3873 3675 3923 ό

2113 3976 2301 4043 Λόγος
2320 3991 2333 4004 ⁸
2362 3974 2452 4025 καὶ
2476 3972 2779 4043 προστιθεὶς
2806 3970 2885 4032 τὸ,
2907 3968 3105 4022 Πάντα
3123 3967 3195 4019 δι’
3212 3964 3398 4020 αὐτοῦ
3421 3960 3673 4031 ἐγένετο.

2113 4063 2267 4115 Κατὰ
2302 4064 2358 4115 δὲ
2412 4063 2570 4116 αὑτὸν
2618 4061 2707 4114 τὸν
2758 4059 2862 4112 τῶν
2903 4060 3036 4111 ὅλων
3078 4056 3308 4127 Σωτῆρα
3359 4052 3478 4106 οὐδὲ
3528 4048 3673 4113 ἆπαξ

2112 4154 2425 4224 ὠνόμασται
2456 4154 2643 4220 Λόγος,
2696 4150 2831 4203 ἀλλά
2864 4150 2991 4211 Υἱὸς
3022 4146 3177 4210 Θεοῦ,
3213 4146 3305 4199 καὶ
3343 4140 3669 4209 Μονογενὴς,

2115 4247 2208 4299 καὶ
2242 4245 2375 4315 φῶς,
2424 4246 2517 4299 καὶ
2559 4246 2690 4316 ζωὴ,
2738 4245 2831 4296 καὶ
2863 4241 3104 4313 ἀλήθεια,
3141 4240 3235 4292 καὶ
3268 4237 3443 4291 πάντα
3477 4231 3671 4304 μᾶλλον

457 4346 657 4399 «quam
714 4345 932 4385 carnem
1002 4321 1295 4383 humanam
1372 4331 1701 4394 assumebat,
1759 4331 1824 4396 is,
1893 4332 2006 4400 qui,
2041 4325 2369 4406 ΒῆΛόγος.

458 4424 643 4493 equod
686 4422 752 4477 ab
792 4424 905 4492 ipso
951 4424 1209 4492 scriptum
1274 4430 1375 4486 est,
1443 4422 1721 4477 descendit
1759 4423 1810 4476 in
1887 4425 2196 4482 novissimis
2252 4429 2617 4497 temporibus?
2668 4439 2812 4481 certe
2869 4435 3023 4479 natus
3058 4425 3123 4478 de
3181 4421 3400 4490 Virgine
3446 4417 3577 4473 nihil
3619 4433 3676 4469 a-

457 4538 475 4569 ι
502 4519 609 4573 liud
637 4526 773 4570 erat.
808 4534 824 4567 ι
854 4516 978 4570 lltcc
1014 4514 1169 4568 facile
1190 4513 1289 4568 fuit
1354 4514 1586 4569 sciscere
1623 4524 1672 4567 et
1736 4516 1940 4570 sentire
1997 4515 2273 4582 Marcello,
2327 4530 2608 4589 propterea
2664 4520 2804 4587 quod
2832 4516 3024 4570 Filium
3075 4514 3165 4569 Dei
3204 4528 3306 4566 non
3342 4510 3676 4579 proﬁteatur,

451 4612 516 4665 ad
550 4620 707 4679 quem
740 4622 833 4661 sua
886 4606 1149 4661 referebat
1198 4607 1542 4675 evangelista.
1594 4605 1733 4671 Quid
1783 4609 1882 4671 ais,
1949 4609 2019 4661 mi
2061 4609 2263 4665 homo?
2331 4610 2443 4665 Non
2491 4611 2637 4663 illum
2699 4609 3034 4663 solummodo
3080 4601 3379 4658 nominavit
3426 4596 3673 4664 Verbum.

448 4702 539 4755 sed
564 4710 611 4753 et
646 4699 850 4751 Deum:
882 4700 970 4749 sed
997 4702 1184 4759 lucem,
1211 4697 1598 4751 illuminantem
1658 4712 1858 4748 omnem
1898 4698 2156 4751 hominem
2202 4702 2256 4753 in
2325 4701 2459 4753 hunc
2529 4702 2781 4753 mundum
2846 4702 3129 4754 venientem
3170 4717 3189 4754 :
3226 4703 3320 4755 sed
3353 4699 3677 4769 unigenitum

454 4792 670 4854 Filium,
710 4790 797 4857 qui
834 4788 933 4857 fuit
971 4789 1026 4840 in
1064 4790 1183 4841 sinu
1226 4786 1465 4841 Patris’.
1511 4786 1678 4841 Nemo
1736 4789 1937 4843 idcirco
1962 4790 2029 4843 de
2067 4790 2192 4846 hinc
2241 4794 2541 4864 theologum
2612 4803 2663 4847 et
2711 4795 3088 4864 evangelistam
3136 4794 3516 4853 calumnietur,
3580 4792 3677 4859 sed

451 4899 571 4937 cum
623 4881 971 4935 accuratione
1010 4877 1157 4932 illum
1210 4877 1411 4939 audiat,
1462 4878 1751 4946 qualenam
1787 4877 2022 4931 Verbum
2063 4880 2398 4951 designabat,
2462 4900 2584 4937 cum
2613 4885 2795 4937 statim
2825 4882 3087 4949 intulerit,
3118 4882 3181 4936 Et
3223 4882 3360 4936 Deus
3385 4891 3499 4935 erat
3555 4878 3681 4932 Ver-

449 4979 590 5030 bum.
648 4973 745 5029 (Σιιὶ
795 4983 850 5026 et
890 4972 1087 5041 adjecit
1129 4970 1276 5035 illud,
1334 4968 1521 5024 Omnia
1560 4988 1649 5039 per
1684 4972 1837 5025 illum
1875 4974 2013 5041 facta
2051 4986 2171 5028 sunt
2198 4978 2262 5029 '°.
2318 4979 2386 5032 At
2435 4977 2504 5032 ab
2554 4980 2784 5048 ipsoniet
2845 4979 3135 5033 Servatore
3200 4976 3584 5038 universitatis,
3617 4990 3685 5028 ne

524 5122 581 5178 ᾖ
620 5115 715 5167 Ed.
756 5113 930 5165 Paris.
959 5126 1077 5178 pag.
1107 5109 1198 5162 9'3.

520 5176 724 5240 "wJoan.
748 5199 866 5245 vnn,
907 5176 992 5246 Π,
1024 5182 1105 5233 18.
1182 5180 1201 5207 ⁸
1238 5178 1366 5231 ibid.
1399 5177 1488 5240 5|,
1511 5176 1599 5231 52.
1675 5180 1694 5208 ⁹
1726 5177 1879 5232 Joan.
1920 5195 1957 5241 ι,

2106 5181 2141 5241 ι,
2184 5176 2270 5230 18.
2349 5176 2392 5206 ’°
2417 5176 2547 5230 ibid.
2575 5178 2628 5231 5.

519 5325 631 5393 (ιι)
655 5323 820 5393 Vulgo
845 5321 1042 5386 ζῶντος
1076 5320 1169 5373 καὶ
1205 5320 1407 5393 ὑφεοτἒ

2110 5332 2162 5386 p.
2508 5315 2624 5393 Moit
2661 5314 2818 5393 vulgo
2847 5315 3071 5393 Ejpcxﬂaa.

517 5379 627 5459 [155
654 5379 826 5459 Vulgo
854 5379 940 5455 άν,
969 5379 1038 5446 δι’
1060 5406 1181 5443 mox
1209 5379 1438 5458 οῦδαμῆ.
1503 5457 1510 5459 ξ
1718 5456 1757 5459 _
1809 5456 1817 5459 _

2111 5379 2125 5386 ’
2182 5386 2295 5459 (lj)
2314 5379 2719 5459 _Ebar7e.llov_
2732 5379 2941 5459 έὶπξξῐόλ.
2969 5379 3109 5459 [lege
3133 5379 3305 5459 εἶπεν.
3325 5382 3414 5459 ΑΜ.

520 5454 626 5535 [16)
680 5454 787 5535 Kai'
854 5462 1049 5535 πάντα
1092 5454 1999 5535 ,λόγοιςμ’ἦλόγονζιςὲηἰιςιηίιιη

2107 5526 2132 5535 _
2173 5454 2625 5535 [l8)_Vulgn_'om.
2654 5455 2931 5535 tibvah‘l‘oa
2958 5454 3118 5535 vulgo
3152 5455 3390 5535 mres);
3412 5471 3469 5535 τ.
3518 5469 3572 5535 φ.
3611 5465 3671 5501 π.

448 5524 569 5587 sunt
598 5524 719 5595 ista,
757 5533 894 5584 forte
923 5524 1218 5597 legendum,
1249 5530 1341 5581 καὶ
1376 5524 1646 5598 πανταχοῦ
1662 5526 1814 5593 λόγον
1841 5528 1997 5611 στρέ-

450 5622 580 5647 ιιων-
618 5602 711 5647 καὶ
743 5602 937 5647 πάντα-
968 5601 999 5647 ἢ
1042 5598 1134 5647 καὶ
1166 5599 1326 5647 αὑτὸν
1362 5598 1517 5647 λόγον
1547 5599 1641 5647 μὲν
1674 5597 1814 5647 ἔγειν
1851 5595 1998 5647 διοά-

2106 5524 2593 5647 ἄνθ-ρὲρχδείςτ.
2625 5544 2679 5579 κ.
2715 5528 2807 5609 καὶ
2829 5525 2959 5580 Θεὸν
2992 5526 3087 5613 καξι
3128 5544 3184 5594 μ.
3225 5527 3350 5605 Υῑὸν
3377 5524 3468 5611 τὸν
3500 5524 3575 5581 εἰς
3619 5536 3674 5569 κ.

2106 5615 2146 5647 :.
2226 5636 2263 5647 ..
2300 5597 2391 5647 καὶ
2421 5615 2481 5647 ου
2508 5597 2661 5647 λόγον
2698 5613 2850 5647 ιιονον
2880 5595 2980 5647 ἔφη
3013 5596 3193 5647 αυτόν.
3231 5598 3320 5647 Μὴ
3349 5612 3462 5647 ουν.

450 5622 581 5671 φων,
618 5591 715 5659 καῖ
743 5602 939 5665 πάντα,
1042 5598 1134 5653 καὶ
1166 5599 1326 5672 αὑτὸν
1362 5591 1641 5672 λόγονμεν
1674 5591 1814 5666 ἔχειν
1851 5591 1998 5672 διδά-
2099 5615 2146 5649 τ.
2300 5591 2481 5672 καὶ-οὑ
2508 5597 2661 5672 λόγον
2696 5595 2981 5672 μόνονὲφῆ
3013 5591 3193 5672 αὐτόν.
3231 5591 3462 5672 Μὴςοῦν.

448 5665 591 5729 σκων
621 5673 836 5737 φάσκει.
869 5665 1070 5723 δειιέιις
1094 5670 1283 5733 opinor
1311 5679 1392 5721 cst
1423 5670 1489 5718 ah
1529 5665 1643 5720 istis
1681 5665 1783 5719 non
1812 5668 1992 5737 admn-

2173 5668 2283 5737 (l9)
2317 5668 2485 5735 Vulgo
2502 5666 2753 5735 θεολόγον
2784 5665 2871 5719 καὶ
2902 5665 3311 5737 εὐαγγελιστήν.

446 5748 568 5801 dum
594 5734 852 5797 diversus.
876 5740 1015 5794 M.-—
1035 5738 1164 5809 [Καὶ
1189 5740 1363 5791 πάντα
1395 5738 1591 5808 μᾶλλον
1611 5738 1641 5807 ἢ
1663 5738 1827 5805 ,λόγον
1865 5736 1905 5788 Ι¹ι
1933 5740 2000 5788 ιιι.
