4086 6202
438 315 537 369 881

1388 310 1474 364 DE
1509 311 2039 367 ECCLESIASTICA
2088 312 2469 368 IﬂEOLOGlA
2513 313 2637 367 LIB.
2680 312 2721 366 l.

3558 314 3662 369 832

440 430 623 487 semel.
649 429 863 499 quidem
899 415 1131 483 Verbum
1170 429 1502 495 nominatur,
1533 432 1627 486 sed
1685 430 1852 487 Filius
1894 432 2006 500 Dei,
2046 431 2139 486 sed
2171 433 2496 504 unigenitus.
2537 434 2632 487 sed
2661 431 2772 497 lux,
2837 430 2931 487 sed
2974 430 3105 495 vita,
3162 430 3254 485 sed
3289 430 3532 484 veritas:
3567 434 3659 487 sed

438 525 619 578 otunia
650 524 825 592 potius
855 537 1012 592 quam
1043 522 1298 577 Verbum.

511 622 581 686 η’.
617 614 679 667 Ei
711 612 765 666 δὲ
795 612 939 681 λέγοι
954 612 1125 667 ταῦτα
1157 614 1221 667 ἐκ
1253 613 1353 684 τῆς
1378 616 1584 686 Καινῆς
1616 617 1887 688 Διαθήκης
1918 618 1996 670 εξ-

2168 614 2220 667 8.
2251 613 2400 681 Quod
2418 613 2460 667 si
2479 612 2565 667 hic
2586 621 2837 681 opponat,
2856 613 2954 666 has
2978 608 3041 665 de
3073 608 3219 664 Novo
3235 607 3574 663 Testamento
3599 614 3656 670 Ψ

445 703 660 775 ρῆσθαι,
686 702 1000 775 λεχθήσεται
1025 703 1191 773 αὐτῷ,
1223 704 1305 757 ὅτι
1337 705 1431 758 καὶ
1460 706 1543 768 16,
1592 707 1693 761 Ἐν
1709 706 1865 774 ἀρχῇ
1881 704 1957 777 ἦν
1974 710 2005 760 ό

442 796 649 863 Λόγος,
676 794 780 846 οὐδ’
810 794 1072 865 ἑτέρωθεν
1099 790 1166 866 ἦν
1191 795 1223 865 ἦ
1253 794 1312 859 ἐξ
1344 796 1530 867 αὐτῆς.
1565 798 1658 850 ’Ἑν
1683 797 1791 867 (20)
1825 798 1888 868 δὴ
1914 794 2005 852 οὗν

442 884 536 935 καὶ
563 882 623 935 16
653 881 781 936 αὐτὸ
818 881 1166 950 Εὐαγγέλιον,
1197 885 1224 934 6
1258 883 1417 946 αὑτός
1454 901 1511 936 τε
1544 882 1947 953 εὐαγγελιστὴς,
1978 885 2006 936 6

443 974 611 1042 Λόγον
652 972 811 1027 αὐτὸν
840 973 1029 1039 εἰπὼν,
1063 974 1158 1026 καὶ
1188 974 1255 1027 τὰ
1287 974 1445 1028 λοιπά
1475 977 1649 1029 πάντα
1681 974 1808 1046 περὶ
1841 974 2003 1028 αὑτοῦ

445 1064 833 1135 συνεγράψατο.
894 1066 1004 1119 Καὶ
1064 1065 1271 1128 Παῦλος
1321 1067 1377 1120 δὲ
1431 1070 1459 1121 6
1506 1068 1644 1130 θεῖος
1688 1066 2006 1131 Ἀπόστολος

445 1155 634 1223 λέγων·

509 1331 572 1385 θ’.
609 1333 771 1402 Ἡμῖν
798 1327 884 1398 εἷς
917 1334 1058 1400 Θεὸς
1080 1337 1112 1388 ὁ
1137 1334 1357 1402 Πατὴρ,
1377 1335 1446 1400 ἐξ
1470 1331 1540 1391 οὗ
1572 1336 1641 1390 τὰ
1663 1336 1875 1400 πάντα,
1908 1338 2004 1391 καὶ

436 1418 526 1489 εἷς
551 1424 765 1492 Κύριος
798 1425 1036 1493 Ἰησοῦς
1061 1427 1334 1493 Χριστὸς,
1363 1426 1436 1479 δι’
1467 1424 1537 1483 οὗ
1570 1428 1642 1481 τὰ
1669 1428 1882 1493 πάντα,
1915 1428 2007 1498 δῆ-

437 1515 531 1578 λός
565 1517 680 1568 ἐστι
716 1516 806 1568 τὸν
842 1517 946 1588 πρὸ
974 1518 1071 1588 τῆς
1103 1520 1365 1589 ὲνσάρκου
1406 1521 1707 1591 παρουσίας
1756 1520 1881 1573 Υἱὸν
1914 1521 2005 1573 τοῦ

439 1605 601 1669 Θεοῦ,
643 1607 708 1659 δι’
751 1599 811 1659 οὗ
843 1607 911 1661 τὰ
944 1609 1119 1662 πάντα
1153 1610 1387 1677 ἐγένετο,
1416 1612 1476 1663 οὐ
1510 1612 1678 1680 Λόγον
1707 1612 2005 1682 ὀνομάζων,

441 1697 577 1751 ἀλλὰ
596 1697 796 1768 Κύριον
829 1698 1032 1769 Ἰησοῦν
1068 1700 1157 1752 καὶ
1180 1702 1431 1771 Χριστόν.
1464 1701 1601 1753 Ἀλλ’
1627 1701 1739 1771 (21)
1770 1704 1819 1754 εἰ
1866 1701 2007 1755 κατὰ

442 1789 758 1860 Μάρκελλον
785 1784 863 1853 εἷς
890 1793 982 1844 καὶ
1010 1794 1038 1844 6
1063 1792 1220 1855 αὐτὸς
1245 1787 1312 1863 ἦν
1344 1794 1372 1845 6
1407 1792 1557 1856 Θεὸς,
1593 1794 1685 1847 καὶ
1714 1794 1742 1845 6
1776 1796 1832 1847 ὲν
1862 1794 2008 1865 αὑτῷ

444 1879 613 1949 Λόγος
636 1881 767 1951 (22),
796 1883 1027 1955 ἐπήρκει
1053 1882 1130 1953 τῷ
1158 1883 1462 1955 Ἀποστόλῳ
1492 1885 1652 1953 φάναι
1673 1902 1687 1916 ⁸
1726 1884 1896 1954 Ἡμῖν
1919 1882 2008 1952 εἷς

448 1969 591 2034 Θεὸς
619 1972 651 2022 ό
682 1969 905 2038 Πατὴρ,
939 1970 1007 2036 ἐξ
1038 1969 1109 2028 οὗ
1140 1974 1210 2025 τὰ
1242 1971 1455 2026 πάντα.
1488 1973 1707 2045 Πλήρης
1734 1974 1841 2046 γὰρ
1875 1972 1943 2047 ἦν
1975 1978 2009 2048 ἡ
2043 1955 2085 2009 Β

446 2059 668 2124 διάνοια,
707 2062 801 2114 καὶ
832 2065 859 2115 6
896 2063 1064 2131 Λόγος
1108 2064 1418 2137 αὐτοτελὴς,
1454 2066 1545 2119 τὸν
1585 2067 1717 2120 Θεὸν
1765 2068 2016 2139 εἰσηγού-

451 2166 606 2220 μενος
650 2150 875 2223 ποιητὴν
906 2153 1011 2207 τῶν
1043 2154 1197 2209 ὅλων.
1255 2156 1412 2209 Ἀλλὰ
1437 2157 1592 2211 τοῦτο
1621 2159 1715 2212 καὶ
1765 2158 2013 2224 Ἰουδαῖος

448 2242 512 2295 ἄν
544 2258 626 2307 τις
665 2244 826 2297 εἴποι.
879 2245 937 2298 Ὁ
977 2244 1032 2298 δὲ
1076 2246 1173 2318 τῆς
1188 2248 1510 2319 Ἑκκλησίας
1556 2250 1733 2322 κήρυξ
1765 2252 1899 2323 πρὸς
1934 2254 2013 2325 τῷ

446 2334 694 2405 προτέρῳ
727 2328 818 2388 καὶ
847 2336 905 2389 τὸ
936 2336 1184 2410 δεύτερον
1220 2341 1293 2412 μὴ
1322 2342 1535 2411 ἀγνοεῖν
1566 2342 1825 2398 διδάσκει.
1861 2346 1925 2398 Τί
1954 2346 2013 2399 δὲ

445 2420 513 2496 ἦν
555 2426 741 2495 τοῦτο;
768 2428 879 2482 Καὶ
924 2423 1011 2493 εἷς
1057 2431 1269 2499 Κύριος
1312 2432 1549 2502 Ἰησοῦς
1586 2436 1856 2503 Χριστός.
1921 2437 2014 2489 Διὸ

448 2516 764 2588 προστίθησι
800 2518 862 2572 τὸ
911 2518 1155 2590 δεύτερον
1193 2519 1317 2592 ἑξῆς
1359 2522 1551 2590 λέγων,
1582 2523 1726 2592 ἡμῖν
1748 2542 1761 2555 ο
1801 2526 1848 2577 ει
1880 2524 2012 2597 γὰρ,

448 2609 541 2660 καὶ
571 2608 644 2678 μὴ
668 2609 851 2670 πᾶσιν,
881 2608 995 2662 ἀλλ’
1024 2608 1186 2679 ἡμῖν,
1214 2612 1397 2683 φησὶν,
1425 2608 1513 2679 εἷς
1540 2615 1750 2682 Κύριος
1785 2615 2014 2682 Ἰησοῦς

450 2699 717 2764 Χριστός,
767 2698 866 2752 Διὰ
898 2700 949 2752 τί
988 2698 1045 2753 δὲ
1093 2702 1228 2771 μετὰ
1259 2702 1350 2756 16v
1387 2703 1495 2756 ἕνα
1534 2703 1683 2758 Θεὸν
1727 2707 1821 2759 καὶ
1860 2700 2013 2770 οὗτος

450 2788 594 2856 ἡμῖν
642 2784 727 2855 εἷς
770 2790 983 2859 Κύριος
1025 2794 1369 2864 παρίστησιν,
1404 2795 1691 2864 ἐπιλέγων,
1731 2797 1806 2850 δι’
1838 2794 1908 2854 οὗ
1940 2800 2013 2853 τὰ

453 2878 644 2932 πάντα
664 2896 681 2944 ;
699 2880 907 2951 Ἐπειδὴ
923 2882 1027 2953 γὰρ
1044 2884 1115 2937 τὰ
1133 2883 1328 2939 πάντα
1353 2885 1425 2939 δι’
1442 2888 1626 2942 αὐτοῦ
1654 2888 1902 2960 ἐγένετο,
1934 2895 2011 2945 εἰ-

456 2968 625 3033 κότως
664 2972 810 3041 ἡμῖν,
858 2976 967 3037 τοῖς
1003 2974 1145 3029 τοῦτ’
1179 2977 1581 3047 ἐπισταμένοις,
1626 2981 1830 3052 Κύριος
1873 2978 2011 3037 εἶναι

454 3058 559 3111 τῶν
587 3059 720 3113 ὅλων
767 3062 901 3132 μετὰ
933 3064 1025 3118 τὸν
1072 3065 1166 3117 ὲπ)⁸
1205 3066 1420 3122 πάντων
1461 3069 1591 3123 Θεὸν
1637 3074 2008 3131 πεπίστευται.

457 3151 577 3204 Ὅτι
612 3151 667 3204 δὲ
694 3154 754 3206 οὐ
786 3155 908 3225 περὶ
932 3156 1031 3226 τῆς
1064 3158 1263 3227 σαρκὸς
1298 3158 1448 3213 ταῦτ’
1484 3160 1594 3232 (25)
1641 3162 1844 3233 ἔλεγεν,
1874 3166 2010 3222 ἀλλὰ

453 3245 578 3314 περὶ
608 3245 701 3297 τοῦ
732 3245 865 3299 Θεοῦ
893 3248 1086 3318 Λόγου,
1121 3249 1277 3320 δῆλός
1307 3251 1455 3305 ἐστιν
1484 3255 1547 3306 ἐκ
1572 3253 1666 3307 τοῦ
1706 3257 2006 3330 ἐπιφέρειν,

450 3334 522 3389 δι’
564 3332 637 3392 οὗ
662 3336 733 3390 τὰ
774 3338 985 3394 πάντα.
1016 3371 1086 3379 -
1114 3341 1283 3410 Ἡμῖν
1321 3342 1450 3412 γὰρ,
1486 3346 1669 3415 φησὶν,
1698 3341 1786 3414 εἷς
1816 3349 1958 3417 Θεὸς
1977 3354 2009 3404 ὁ

448 3426 668 3497 Πατὴρ,
715 3430 782 3493 ἐξ
817 3426 887 3486 οὗ
916 3431 988 3485 τὰ
1024 3430 1239 3499 πάντα,
1282 3435 1380 3487 καὶ
1411 3430 1497 3501 εἷς
1523 3436 1733 3505 Κύριος
1786 3438 2010 3507 Ἰησοῦς

447 3521 715 3587 Χριστὸς,
753 3521 825 3575 δι’
864 3519 935 3578 οὗ
970 3523 1040 3577 τὰ
1068 3524 1282 3580 πάντα.
1316 3528 1381 3581 Ὃ
1408 3528 1471 3598 δὴ
1496 3528 1604 3599 (24)
1633 3530 1726 3583 καὶ
1760 3533 1886 3605 περὶ
1917 3533 2009 3586 τοῦ

448 3612 641 3680 φωτὸς,
682 3616 775 3667 καὶ
808 3616 934 3685 περὶ
969 3615 1062 3670 τοῦ
1097 3618 1371 3689 περιόντος
1412 3621 1583 3689 Λόγου
1628 3623 1737 3695 (25)
1776 3626 2005 3697 εἴρηται.

450 3703 616 3766 Αὐτὸς
646 3700 738 3757 οὖν
763 3700 830 3777 ἦν
870 3706 1074 3777 Ἰησοῦς
1107 3708 1335 3780 Χριστὸς
1376 3710 1436 3763 16
1482 3712 1595 3782 φῶς
1620 3715 1712 3767 καὶ
1760 3718 1788 3769 ό
1818 3716 2005 3785 Λόγος,

447 3794 514 3846 δι’
550 3786 610 3847 οῦ
638 3797 705 3850 τὰ
731 3797 905 3852 πάντα
932 3799 1173 3868 γέγονεν,
1204 3801 1317 3854 ἀλλ’
1347 3805 1444 3874 οὐχ
1472 3806 1505 3873 ἡ
1533 3805 1688 3875 σάρξ.
1715 3807 1789 3859 Οὐ
1816 3808 1922 3878 γὰρ
1944 3807 2009 3860 ἂν

450 3888 575 3956 περὶ
606 3887 705 3957 τῆς
746 3891 943 3959 σαρκὸς
975 3893 1354 3963 άσυναρτήτως
1394 3895 1505 3963 (26)
1545 3896 1715 3960 οὕτως
1750 3896 1900 3952 εἶπεν
1944 3901 2008 3955 ἂν

452 3980 527 4045 τὸ,
545 3980 618 4032 δι’
652 3976 721 4036 οὗ
756 3980 827 4034 τὰ
853 3981 1065 4039 πάντα.
1488 4002 1495 4009 ·

516 4068 637 4124 υἷδὲ
687 4073 743 4124 δὲ
797 4075 886 4126 τὸν
921 4075 1020 4145 τῆς
1056 4077 1255 4145 σαρκὸς
1298 4081 1716 4151 προϋπάρχοντα
1748 4082 1840 4135 τοῦ
1873 4084 2007 4137 Θεοῦ

450 4161 576 4213 Υιὸν
617 4163 845 4234 Χριστὸν
884 4164 1164 4235 ὀνομάζειν
1208 4169 1236 4218 6
1282 4169 1442 4232 αὐτὸς
1488 4170 1716 4235 Παῦλος,
1766 4175 1903 4227 κατὰ
1946 4175 2009 4228 16

448 4253 597 4317 αὐτὸ,
620 4253 850 4324 Πέτραν
876 4257 1037 4309 αὑτὸν
1084 4258 1392 4325 ἀποκαλῶν,
1426 4261 1492 4314 δι’
1538 4255 1612 4316 ὧν
1644 4263 1842 4334 γράφει
1881 4268 2007 4338 περὶ

447 4343 552 4397 τῶν
579 4348 635 4398 ὲν
657 4348 722 4417 τῇ
748 4347 937 4418 ἐρήμῳ
960 4348 1447 4421 συνδιατριψάντων
1458 4352 1535 4424 τῷ
1550 4356 1786 4417 Μωῡσεῖ,
1812 4357 2004 4426 λέγων,

451 4438 701 4489 Ἔπινον
729 4436 837 4507 γὰρ
855 4440 921 4491 ἐκ
954 4440 1352 4510 πνευματικῆς
1393 4444 1847 4514 ἀκολουθούσης
1900 4449 2003 4501 πέ-

445 4543 605 4595 τρας,
645 4528 682 4594 η
716 4528 784 4581 δὲ
805 4530 985 4599 πέτρα
1010 4528 1086 4601 ἦν
1121 4536 1152 4585 ό
1184 4536 1453 4601 Χριστός.
1486 4538 1592 4590 Καὶ
1619 4540 2006 4610 ὲπισςρραγίζε-

2105 711 2413 775 desumptas
2441 718 2562 759 esse
2610 702 3064 765 nomenclaturas,
3115 700 3400 755 dicendum
3450 698 3524 752 illi
3562 709 3663 761 est,

2106 798 2247 868 quod
2287 807 2341 851 et
2365 795 2493 849 illud
2526 795 2911 857 testimonium,
2975 791 3041 845 In
3075 791 3333 860 principio
3379 800 3491 842 erat
3537 782 3668 841 Ver-

2106 889 2223 941 bum
2248 888 2312 952 “,
2348 901 2452 941 non
2482 894 2565 940 est
2595 886 2926 951 deSumptum
2956 881 3185 945 aliunde,
3215 890 3273 934 ut
3306 895 3470 933 unum
3506 886 3668 947 atque

2106 980 2243 1034 idem
2272 977 2635 1048 Evangeliunn,
2663 987 2821 1044 atque
2842 977 3065 1043 ipsemet
3086 973 3430 1043 evangelista,
3454 972 3543 1041 qui
3573 986 3668 1025 no-

2106 1068 2329 1124 minavit
2362 1067 2528 1128 illum.
2560 1066 2818 1129 Verbum,
2857 1066 2944 1119 illa
2985 1074 3175 1119 cmtera
3219 1064 3285 1117 de
3315 1062 3500 1116 eodem
3528 1061 3667 1115 scri-

2106 1160 2211 1229 ptis
2256 1156 2610 1213 mandaverit.
2662 1156 2765 1212 Sed
2796 1164 2849 1208 et
2898 1155 3108 1209 divinus
3159 1154 3440 1222 Apostolus
3470 1151 3665 1206 Paulus

2105 1251 2260 1310 dixit,

2175 1342 2227 1396 9.
2260 1340 2403 1395 Unus
2446 1342 2584 1394 Deus
2648 1339 2803 1393 Pater
2838 1354 2863 1391 e
2906 1355 3006 1406 quo
3060 1346 3179 1391 sunt
3209 1336 3402 1400 omnia,
3449 1346 3496 1390 et
3532 1351 3667 1389 unus

2109 1433 2358 1486 Dominus
2391 1430 2545 1486 Iesus
2580 1430 2841 1495 Christus,
2898 1447 2988 1499 per
3024 1444 3171 1499 quem
3234 1436 3353 1481 sunt
3394 1426 3564 1479 omnia
3592 1427 3677 1491 ¹²;χ

2106 1524 2240 1578 satis
2263 1526 2427 1584 clare,
2463 1520 2556 1575 Dei
2587 1519 2803 1585 Filium,
2828 1533 2923 1588 per
2954 1532 3109 1587 quem
3138 1518 3317 1570 omnia
3347 1514 3487 1569 facta
3519 1524 3646 1569 sunt

2106 1616 2267 1669 etiam
2317 1620 2443 1667 ante
2499 1611 2667 1680 ipsius
2721 1611 2773 1663 in
2807 1624 2973 1665 carne
3028 1610 3337 1667 adventum,
3376 1622 3481 1662 non
3517 1621 3649 1661 voca

2108 1705 2361 1769 Verbum,
2387 1703 2479 1758 sed
2510 1702 2791 1757 Dominum
2844 1701 3023 1754 Iesum
3054 1700 3345 1755 Christum.
3403 1697 3555 1765 Quod
3602 1698 3671 1760 si,

2107 1794 2556 1865 quemadmodum
2592 1789 2842 1846 Marcello
2874 1790 3069 1859 placet,
3107 1789 3249 1844 idem
3276 1798 3396 1842 erat
3422 1797 3475 1843 et
3505 1788 3666 1851 Deus,

2108 1899 2160 1941 et
2181 1887 2234 1940 in
2265 1886 2375 1940 Deo
2399 1884 2657 1948 Verbum,
2681 1881 2981 1937 suﬂ’ecisset
3011 1879 3265 1949 Apostolo
3287 1878 3413 1932 illud
3448 1878 3670 1937 dixisse,

2116 1978 2280 2032 Nobis
2321 1994 2453 2032 unus
2485 1976 2623 2031 Deus
2658 1974 2839 2038 Pater,
2873 1990 2899 2027 e
2950 1990 3049 2044 quo
3078 1982 3196 2026 sunt
3237 1972 3429 2025 omnia.
3469 1970 3671 2024 Sensus

2110 2070 2309 2125 etenim
2356 2069 2522 2146 plene.
2556 2066 2836 2122 constabat
2882 2084 2894 2116 :
2931 2074 2984 2117 et
3032 2078 3209 2119 sermo
3238 2061 3505 2132 perfectus
3534 2072 3669 2146 erat,

2112 2178 2218 2232 quo
2242 2136 2382 2216 Deus
2411 2137 2646 2215 uniuersi
2691 2157 2938 2213 conditor
2969 2155 3284 2225 ponebatur.
3332 2152 3436 2208 Sed
3476 2136 3671 2206 γευο-

2113 2256 2260 2311 ἀιευε
2289 2257 2363 2309 ita
2396 2251 2705 2308 aﬂirmarct.
2744 2248 2997 2303 Ecclesia
3047 2261 3176 2317 ergo
3211 2260 3407 2315 praeco,
3455 2246 3519 2298 ad
3545 2244 3674 2298 illud

2112 2347 2282 2417 prius,
2306 2346 2407 2400 hoc
2438 2344 2669 2414 positum
2714 2342 2765 2394 in
2798 2338 3049 2395 secundis
3072 2352 3169 2393 nos
3202 2336 3374 2391 noluit
3401 2337 3670 2405 ignorare.

2113 2440 2389 2504 Quodnam
2431 2453 2561 2491 vero
2592 2434 2759 2491 illud?
2790 2433 2859 2487 Et
2889 2448 3025 2486 unus
3049 2430 3306 2485 Dominus
3334 2428 3489 2483 Iesus
3522 2426 3676 2503 Chri-

2112 2544 2242 2587 stus.
2282 2529 2573 2597 Quocirca,
2607 2528 2660 2581 in
2685 2524 2938 2580 secundis
2985 2523 3165 2593 posuit
3209 2520 3364 2583 illud,
3394 2520 3542 2572 nobis
3571 2521 3673 2573 hoc

2112 2639 2296 2691 sensu,
2341 2630 2420 2686 ut,
2473 2636 2579 2676 non
2627 2602 2702 2673 Isit
2728 2616 3012 2682 omnibus,
3051 2624 3106 2669 at
3158 2615 3306 2683 nobis
3354 2622 3533 2665 tamen
3566 2621 3669 2675 est,

2114 2732 2247 2769 unus
2288 2713 2541 2769 Dominus
2571 2710 2727 2765 Iesus
2761 2708 3023 2762 Christus.
3054 2705 3319 2771 Quorsum
3352 2717 3483 2758 vero
3522 2712 3674 2771 post-

2112 2822 2269 2875 quam
2301 2804 2561 2866 edixerat,
2607 2786 2741 2855 unus
2770 2799 2930 2864 Deus,
2967 2805 3020 2853 et
3058 2812 3219 2849 unum
3254 2809 3466 2864 quoque
3487 2791 3672 2845 Domi-

2113 2913 2235 2951 num
2266 2893 2461 2964 adjecit
2506 2893 2645 2948 idem
2692 2891 2956 2961 inquiens,
3005 2904 3095 2958 per
3119 2903 3270 2956 quem
3304 2896 3423 2939 sunt
3461 2877 3672 2937 omnia?

2111 2988 2266 3045 Certe
2293 2986 2416 3056 quia
2440 3001 2532 3055 per
2552 2983 2700 3038 illum
2728 2982 2904 3036 omnia
2949 2980 3092 3049 facta
3118 2978 3349 3049 fuerant,
3382 2990 3486 3031 non
3530 2973 3671 3042 inju-

2113 3081 2212 3145 ria,
2249 3087 2366 3149 post
2392 3076 2557 3131 Deum
2595 3074 2741 3129 illum
2766 3072 3161 3134 universorum,
3198 3083 3228 3121 a
3251 3066 3426 3149 nobis,
3454 3063 3543 3134 qui
3569 3062 3672 3117 hoc

2111 3170 2274 3241 probe
2296 3159 2619 3227 noverimus.
2652 3164 2910 3219 Dominus
2936 3162 3308 3217 universorum
3331 3162 3671 3229 agnoscetur.

2112 3261 2333 3317 Constat
2378 3274 2509 3314 vero
2545 3259 2679 3322 haec,
2716 3250 2818 3311 non
2847 3256 2911 3310 de
2951 3268 3111 3309 carne
3142 3252 3342 3308 dixisse
3383 3250 3551 3312 illum,
3576 3250 3672 3303 sed

2110 3356 2176 3407 de
2211 3354 2301 3408 Dci
2344 3352 2527 3415 verbo,
2554 3362 2836 3420 propterea
2869 3346 3007 3414 quod
3042 3344 3361 3407 subinferat,
3400 3358 3490 3411 per
3520 3354 3673 3411 quem

2109 3454 2228 3497 sunt
2260 3443 2454 3495 omnia.
2489 3469 2557 3479 -—
2588 3438 2778 3503 Nobis,
2819 3438 3085 3505 inquiens,
3140 3451 3277 3487 unus
3310 3433 3449 3499 Deus
3490 3431 3668 3497 Pater,

2109 3553 2136 3590 e
2162 3551 2263 3599 quo
2296 3541 2418 3587 sunt
2446 3531 2639 3593 omnia,
2674 3539 2719 3583 et
2754 3544 2884 3581 unus
2927 3527 3183 3581 Dominus
3220 3524 3377 3578 Iesus
3407 3524 3669 3586 Christus,

2107 3643 2198 3694 per
2222 3640 2372 3695 quem
2423 3633 2542 3677 sunt
2588 3622 2783 3675 omnia.
2816 3620 2968 3685 Quod
3014 3619 3188 3686 ipsum
3240 3618 3303 3671 de
3342 3616 3478 3677 luce,
3524 3624 3577 3666 ct
3606 3616 3671 3667 de

2108 3718 2290 3784 verbo,
2327 3716 2466 3787 quod
2490 3714 2763 3779 circumit,
2791 3713 2972 3767 omnia
3012 3711 3215 3765 dictum
3247 3719 3353 3765 est.
3395 3708 3524 3761 Erat
3551 3707 3670 3761 ideo

2109 3813 2219 3881 ipse
2242 3809 2397 3865 Jesus
2426 3808 2670 3863 Christus
2711 3807 2821 3870 lux,
2863 3815 2918 3859 et
2948 3801 3205 3867 Verbum,
3229 3816 3325 3870 per
3345 3814 3505 3871 quem
3544 3807 3671 3852 sunt

2107 3902 2304 3969 omnia,
2342 3916 2447 3956 non
2473 3910 2649 3954 autem
2680 3912 2826 3952 caro.
2852 3895 3032 3966 Neque
3055 3895 3197 3950 enim
3220 3894 3292 3947 ita
3322 3891 3667 3947 indistinctim

2108 3997 2173 4050 de
2229 4007 2393 4049 carne
2439 3994 2663 4055 diceret,
2719 4006 2810 4060 per
2838 3988 2989 4058 quem
3018 3996 3134 4041 sunt
3167 3987 3362 4040 omnia.

2178 4082 2282 4139 Sed
2304 4096 2404 4139 nec
2427 4078 2724 4137 Dei'Filium
2752 4088 2878 4133 ante
2905 4092 3123 4131 carnem
3146 4076 3495 4130 exsistentem
3513 4071 3667 4127 Chri-

2107 4183 2246 4230 stum
2262 4174 2594 4229 nominasset
2622 4172 2759 4225 idem
2785 4148 2998 4235 Paulus,
3045 4168 3110 4222 ad
3150 4166 3395 4220 eumdem
3429 4165 3665 4227 modum,

2106 4268 2193 4321 ubi
2221 4280 2339 4320 eum
2357 4263 2805 4334 appellatpetram
2832 4262 2884 4313 in
2912 4263 3099 4315 eodem
3117 4261 3255 4321 loco,
3293 4259 3359 4312 de
3376 4255 3572 4327 populo
3601 4256 3670 4323 Ιο-

2105 4372 2274 4427 quens
2291 4357 2378 4425 qui
2396 4370 2516 4410 cum
2536 4354 2714 4424 Moyse
2730 4354 2783 4406 in
2800 4353 3013 4407 deserto
3026 4352 3398 4407 versabantur.
3416 4347 3666 4401 Bibebant

2105 4450 2168 4502 de
2184 4448 2447 4516 spirituali
2478 4447 2709 4514 sequenti
2737 4462 2822 4499 eos
2850 4456 3035 4514 petra;
3059 4455 3203 4515 petra
3237 4454 3411 4497 autem
3435 4442 3526 4495 illa
3556 4450 3669 4494 erat

2105 4540 2340 4595 Christus
2367 4540 2429 4591 “.
2472 4538 2624 4606 Quod
2670 4538 2841 4608 ipsum
2888 4539 3170 4608 consignat
3205 4536 3344 4591 idem
3371 4535 3550 4589 statim
3580 4532 3667 4584 in-

444 4636 533 4673 ται
558 4622 619 4673 16
648 4622 797 4688 αὐτὸ,
843 4623 959 4692 μεθ’
995 4624 1155 4696 ἔτερα
1198 4626 1439 4695 φάσκων
1470 4630 1634 4696 Μηδὲ
1666 4631 2008 4700 ἐκπειράζω-

2111 4635 2321 4703 quiens,
2372 4631 2482 4687 Nec
2533 4634 2877 4694 tentemus'rﬁ
2924 4629 3187 4684 Christum
3224 4638 3277 4680 ut
3317 4624 3669 4679 nonnulli'eo-

437 4728 553 4780 μεν
575 4714 680 4766 τόν
706 4715 978 4782 Χριστὸν,
1016 4717 1203 4783 καθώς
1233 4735 1390 4785 τινες
1426 4719 1620 4775 αὐτῶν
1650 4724 1993 4791 ἐπείρασαν,

444 4805 540 4857 καὶ
578 4806 694 4859 ὑπὸ
734 4805 849 4859 τῶν
900 4807 1091 4876 ὄφεων
1138 4809 1469 4868 ἀπώλοντο.
1522 4815 1631 4866 Καὶ
1675 4814 1755 4868 ἔτι
1801 4815 1997 4885 μᾶλλον

441 4894 583 4946 τοῦτ’
616 4897 743 4948 αὐτὸ
774 4896 978 4966 βεϐαιοῖ
1004 4897 1190 4967 λέγων·
1218 4900 1423 4955 Πίστει
1445 4904 1703 4973 Μωῠσῆς
1711 4905 1897 4975 μέγας
1910 4925 2000 4977 γε-

443 4986 711 5051 νόμενος,
752 4984 1058 5051 ἠρνήσατο
1088 4988 1365 5057 λέγεσθαι
1398 4992 1528 5058 υἱὸς
1565 4995 1853 5063 θυγατρὸς
1884 5000 1995 5049 Φα-

434 5072 578 5139 ραώ·
605 5075 843 5142 μείζονα
869 5077 1132 5130 πλοῦτον
1158 5080 1536 5151 ἡγησάμενος
1556 5084 1674 5137 τῶν
1696 5089 1995 5155 Αἰγύπτου

441 5166 755 5235 θησαυρῶν
786 5168 890 5223 τὸν
915 5168 1252 5240 ὀνειδισμὸν
1286 5175 1390 5229 τοῦ
1426 5178 1698 5245 Χριστοῦ.
1744 5181 1993 5251 Ἐναργέ-

514 5311 571 5377 >11
595 5306 693 5377 Ed.
728 5307 898 5362 Paris.
940 5324 1058 5377 pag.
1090 5309 1266 5371 93.94.

2104 4743 2218 4778 rum
2244 4734 2570 4780 tentaverunt
2612 4736 2657 4778 et
2695 4742 2726 4778 a
2761 4724 3078 4793 serpentibus
3109 4720 3263 4773 occisi
3297 4729 3415 4771 sunt
3446 4718 3508 4773 “.
3554 4715 3660 4771 Sed

2104 4819 2387 4873 conﬁrmat
2431 4818 2556 4872 illud
2609 4820 2778 4887 ipsum
2843 4817 2931 4871 ubi
2983 4817 3074 4876 ait,
3123 4812 3228 4866 Per
3271 4812 3427 4879 ﬁdem
3462 4809 3666 4878 Moyses

2103 4910 2353 4977 grandior
2390 4910 2582 4978 factus,
2626 4908 2828 4978 negavit
2856 4925 2910 4961 se
2940 4922 3047 4960 esse
3068 4904 3236 4972 ﬁlium
3270 4902 3397 4969 filiae
3425 4899 3667 4953 Pharao-

2104 5003 2203 5055 nis.
2256 5000 2486 5069 Majores
2521 5002 2731 5054 divitias
2775 4999 3039 5053 wstimans
3083 4997 3341 5050 thesauris
3377 4980 3662 5064 Egyptia-

2104 5108 2215 5144 rum
2249 5092 2615 5160 improperium
2653 5090 2847 5145 Christi
2874 5090 2936 5145 ".
2981 5086 3086 5142 Sed
3108 5099 3162 5141 et
3187 5086 3327 5141 idem
3360 5087 3529 5155 ipsum
3561 5084 3660 5138 ade

2103 5182 2206 5238 huc
2234 5182 2499 5238 elﬁcacius
2554 5184 2793 5238 insinuat
2821 5180 2908 5234 ubi
2948 5180 3061 5235 ait:
3103 5178 3213 5233 Hoc
3239 5182 3374 5235 idem
3402 5183 3657 5234 sentiatur

514 5340 571 5365 rp
600 5340 693 5361 uu.
729 5340 745 5361 ι
769 5340 898 5362 ων.
940 5340 1058 5377 ναίεις.
1091 5340 1266 5371 θυμω.
2190 5340 2193 5345 ’

514 5376 551 5405 ¹¹
582 5375 734 5430 Joan.
765 5394 802 5441 ι,
841 5379 890 5431 1.
970 5378 1044 5431 "'l
1069 5380 1190 5435 Cor.
1220 5398 1333 5446 vnt,
1367 5381 1416 5435 6.
1498 5382 1584 5436 "l
1620 5382 1742 5437 Cor.
1776 5400 1827 5449 Χ,
1858 5387 1910 5439 it.
1990 5386 2032 5416 “
2064 5386 2189 5441 ibid.
2216 5389 2268 5444 9.
2351 5389 2575 5445 "Hebr.
2617 5388 2800 5449 καίει,
2832 5389 2919 5442 26.

508 5538 618 5605 (20)
644 5537 814 5608 Vulgo
836 5541 915 5595 δέ.

513 5610 622 5671 ιέι)
649 5608 817 5676 Vulgo
842 5627 950 5663 (ηιι.
986 5613 1117 5665 ἀλλ’.

511 5679 622 5752 at)
654 5678 822 5752 Yulso

515 5748 623 5817 (25)
653 5750 819 5818 Vulgo
849 5748 1007 5804 1050‘.

2172 5552 2283 5623 (et)
2320 5551 2485 5621 Vulgo
2511 5552 2537 5603 δ
2559 5552 2635 5603 δέ.

2172 5618 2279 5689 ('35)
2309 5618 2621 5693 Περὶόντος
2646 5623 2848 5690 λόγου.
2884 5621 3043 5680 Forte
3074 5622 3350 5693 προόντος.
3385 5618 3456 5676 Μ.

2173 5693 2282 5762 (ἓοὶ)
2310 5692 2474 5761 Vulgo
2506 5693 2886 5764 ἀσπαρτήτως.
