4086 6202
422 235 529 288 883

1359 242 1446 295 DE
1487 244 2015 301 ECCLESIASTICA
2056 246 2442 303 'l‘HEOLOGlA
2477 247 2604 304 ΜΒ.
2644 248 2685 303 Ι.

3540 256 3643 311 88:3

425 349 634 417 μάζων,
673 350 876 420 μεταξὺ
917 351 1005 404 τὸν
1046 352 1267 424 μεσίτην
1314 356 1543 425 εἰσάγει,
1588 336 1777 428 λέγων·
1829 362 1889 413 '0
1926 362 1975 415 δε

2094 378 2235 426 rem,
2270 362 2356 417 ubi
2397 362 2489 426 ait,
2521 361 2624 416 Sed
2656 363 2911 415 mediator
2933 362 3087 416 unius
3128 380 3228 417 non
3255 372 3353 419 est.
3382 364 3644 421 Eratideo

416 440 673 504 μεσίτης
698 440 836 507 ἐνὸς
855 444 961 495 οὐκ
989 443 1179 496 ἐστιν.
1210 439 1316 496 ἸἮν
1341 447 1448 519 ἄρα
1470 449 1563 502 καὶ
1585 451 1690 521 πρὸ
1712 452 1808 521 τῆς
1838 454 1986 506 ὲναν-

424 530 760 601 Θρωπήσεως
803 532 940 586 κατά
966 534 1088 597 τοὺς
1116 537 1390 601 Μωῦσέως
1423 541 1643 610 χρόνους
1694 545 1987 614 μεσιτεύων

422 623 493 693 τῇ
518 621 821 691 νομοθεσίᾳ.

498 708 582 779 ιβ’.
625 712 729 764 Καὶ
770 712 1028 783 ἀρχιερέα
1078 715 1134 769 δὲ
1181 718 1343 771 αὑτὸν
1383 720 1412 771 ὁ
1456 721 1618 785 αὑτὸς
1675 723 1986 789 Ἀπόστολος

429 802 690 855 ἀποκαλεῖ
713 801 1191 874 λέγων’Ἑχοντες
1210 805 1322 865 οὖν
1340 811 1612 879 ἀρχιερέα
1632 814 1840 883 μέγαν,
1868 816 1983 870 διε-

426 896 727 959 ληλυθότα
758 895 897 962 τοὺς
925 900 1237 965 οὐρανοὺς,
1293 902 1531 969 Ἰησοῦν
1562 904 1666 958 τὸν
1718 908 1852 960 Υἰὸν
1880 908 1984 962 τοῦ

428 982 591 1037 Θεοῦ.

495 1082 580 1143 ιγ’.
622 1078 696 1128 Οὑ
744 1078 850 1149 μὴν
900 1082 1033 1136 ἀλλά
1091 1086 1183 1138 καὶ
1228 1088 1591 1155 ἀπαύγασμα
1635 1090 1744 1158 τῆς
1777 1091 1979 1159 δόξης,

424 1167 514 1219 καὶ
543 1170 889 1239 χαρακτῆρα
918 1175 1022 1229 τοῦ
1055 1177 1202 1233 Θεοῦ
1236 1181 1329 1237 καὶ
1364 1180 1517 1246 my,
1548 1183 1642 1235 ml.
1689 1188 1979 1251 κληρονό-

412 1275 546 1324 μον,
570 1257 659 1311 τὸν
693 1261 852 1313 αὑτὸν
877 1258 1003 1327 οἶδε,
1037 1264 1227 1333 λέγων,
1262 1266 1371 1319 [ἔπ’
1396 1268 1668 1338 ἐσχάτων
1702 1270 1820 1324 τῶν
1845 1274 1982 1342 ἠμε-

410 1346 537 1415 ρῶν
556 1351 779 1404 τούτων
794 1352 1100 1422 ἐλάλησεν
1122 1357 1268 1426 ἡμῖν
1284 1360 1352 1412 ἐν
1387 1359 1517 1426 Υιῷ,
1546 1361 1619 1415 ὃν
1634 1364 1811 1431 ἔθηκε
1836 1369 1980 1433 auin-

408 1440 675 1506 ρονόμον
690 1440 948 1510 πάντων,
976 1444 1050 1497 δι’
1079 1443 1150 1502 οὗ
1176 1450 1273 1502 καί
1297 1450 1546 1519 ἐποίησε
1576 1452 1714 1519 τοὺς
1740 1454 1977 1522 αἰῶνας,

416 1524 485 1591 ὃς
517 1526 607 1580 ὢν
637 1530 997 1602 ἀπαύγασμα
1028 1535 1134 1603 τῆς
1174 1538 1359 1608 δόξης
1389 1542 1489 1596 καὶ
1534 1545 1832 1615 χαρακτὴρ
1871 1546 1979 1615 τῆς

416 1616 809 1709 ὑποστάσεως
837 1625 1041 1679 αὐτοῦ.
1078 1628 1183 1680 Καὶ
1231 1630 1458 1684 ἐνταῦθα
1501 1632 1685 1707 ὥσπερ
1727 1637 1978 1709 ἀνωτέρω

2094 461 2219 505 ante
2242 454 2664 507 incarnationem
2684 468 2833 507 suam
2871 468 2965 519 per
2984 464 3195 507 atatem
3224 452 3421 523 Moysis
3447 456 3644 510 media-

2093 544 2225 597 toris
2251 542 2465 597 functus
2496 558 2717 598 munere
2750 543 2803 597 in
2832 543 3052 598 ferendo
3081 544 3273 613 legem.

2162 717 2249 771 12.
2279 717 2383 773 Sed
2414 727 2468 772 et
2497 719 2801 785 pontificem
2836 732 2995 776 vocat
3031 722 3277 776 eumdem
3331 723 3469 777 idem
3502 723 3644 791 Apo-

2090 810 2280 864 stolus.
2348 808 2611 865 [labentes
2667 812 2824 881 igitur
2872 813 3162 880 pontiﬁcem
3220 830 3498 883 magnum,
3553 818 3643 884 qui

2091 900 2241 956 celos
2262 903 2567 971 penetrauit,
2600 901 2783 956 Iesum
2816 900 2861 954 F
2866 904 3012 957 ilium
3041 903 3136 956 Dei
3167 904 3227 956 ιθ.

2159 1082 2246 1135 15.
2281 1079 2504 1149 Insuper
2555 1082 2882 1149 splendorem
2934 1082 3149 1155 glorite,
3192 1092 3247 1138 et
3289 1084 3641 1140 characterem

2088 1166 2186 1220 Dei
2201 1177 2267 1220 -et
2293 1165 2340 1218 F
2344 1167 2511 1233 ilium,
2572 1176 2625 1222 et
2657 1168 2914 1223 Itteredem
2956 1171 3205 1224 eumdem
3238 1181 3414 1237 vocat,
3457 1172 3525 1229 In
3557 1190 3641 1225 no-

2086 1257 2305 1312 vissimis
2333 1258 2469 1312 hisce
2498 1259 2674 1312 diebus
2706 1259 2911 1315 locutus
2934 1273 3009 1314 est
3040 1264 3186 1316 nobis
3238 1265 3293 1317 in
3340 1263 3480 1317 Filio
3521 1282 3639 1330 suo,

2084 1364 2234 1417 quem
2280 1348 2545 1401 constituit
2596 1349 2855 1404 hwredem
2901 1352 3130 1406 omnium
3162 1367 3180 1404 :
3210 1369 3300 1420 per
3325 1370 3473 1423 quem
3521 1354 3642 1423 fecit

2084 1449 2129 1491 et
2156 1438 2351 1491 stecula
2376 1454 2394 1501 ;
2425 1439 2517 1509 qui
2549 1456 2668 1493 cum
2704 1451 2835 1495 esset
2872 1442 3119 1510 splendor
3143 1444 3349 1514 glorite,
3380 1456 3426 1498 et
3449 1445 3639 1499 chara-

2083 1538 2193 1581 cter
2214 1530 2521 1585 substantite
2546 1530 2658 1599 ejus
2684 1532 2750 1585 ¹⁰.
2787 1530 2887 1586 Hic
2922 1534 2995 1587 uti
3035 1543 3091 1587 et
3138 1534 3387 1603 superius
3438 1536 3639 1591 dictum

2081 1628 2169 1675 est
2198 1619 2262 1674 de
2295 1620 2492 1686 Verbo,
2529 1620 2672 1691 quod
2697 1621 2875 1675 omnia
2902 1637 2995 1691 per
3019 1624 3191 1693 ipsum
3217 1623 3357 1679 facta
3389 1626 3517 1680 sint.
3552 1624 3642 1697 [Et

422 1705 643 1774 ὲλέγετο
676 1712 802 1783 περὶ
844 1714 936 1766 τοῦ
983 1716 1179 1785 Λόγου,
1221 1721 1283 1774 τὸ
1314 1722 1448 1794 (55),
1478 1705 1660 1779 πάντα
1704 1727 1770 1780 δι’
1820 1705 1975 1782 αὑτοῦ

2083 1711 2148 1766 de
2179 1712 2297 1765 luce
2336 1727 2453 1780 quae
2483 1711 2536 1766 in
2576 1713 2774 1767 mundo
2819 1714 2921 1768 fuit
2957 1730 2973 1769 :
3004 1724 3060 1771 et
3085 1719 3314 1772 mundus
3346 1733 3440 1788 per
3471 1720 3640 1787 ipsam

425 1796 787 1890 ὲγένετοβϐ),
820 1805 912 1858 καὶ
940 1810 1180 1876 περὶτοῦ
1213 1815 1388 1880 φωτὸς
1402 1815 1483 1880 τὸ,
1511 1817 1569 1869 ὲν
1595 1817 1673 1888 τῷ
1701 1818 1888 1889 κόσμῳ
1914 1817 1981 1890 ἦν

414 1888 510 1982 καὶ
559 1891 588 1942 ὁ
634 1893 834 1963 κόσμος
876 1898 942 1949 δι’
986 1900 1148 1954 αὑτοῦ
1193 1904 1429 1971 ἐγένετο,
1461 1908 1552 1960 καὶ
1613 1911 1740 1981 περὶ
1808 1888 1979 1982 Ἰησοῦ

415 1980 671 2070 Χριστοῦ,
700 1986 781 2047 τὸ,
826 1986 994 2057 Ἡμῖν
1019 1986 1107 2057 εἷς
1125 1995 1339 2061 Κύριος
1354 1999 1583 2065 Ἰησοῦς
1608 1980 1879 2070 Χριστὸς,
1906 2003 1979 2057 δι’

416 2066 487 2125 οὗ
517 2072 587 2126 τὰ
608 2074 821 2138 πάντα,
855 2078 952 2133 θέα
973 2119 986 2141 ,
1012 2081 1157 2147 ὅπως
1187 2086 1314 2157 περὶ
1339 2089 1431 2142 τοῦ
1476 2066 1872 2163 αὑτοῦνὸμοίως
1902 2096 1979 2148 εἴ-

415 2180 573 2255 ρηται
612 2165 691 2229 τὸ,
744 2165 818 2221 δι’
865 2165 936 2225 οὗ
967 2171 1077 2244 (57)
1122 2176 1221 2229 καί
1264 2178 1514 2248 ἐποίησε
1549 2184 1690 2250 τοὺς
1738 2185 1974 2255 αἰῶνας.

426 2254 742 2325 Ἐπιστῆσαι
774 2257 830 2311 δὲ
869 2260 979 2332 (38)
1011 2263 1103 2317 τὸν
1141 2264 1264 2320 νοῦν
1292 2268 1350 2322 ὲν
1382 2270 1588 2336 τούτοις
1615 2273 1783 2340 ἀξιον,
1830 2279 1977 2341 ὅπως

410 2346 721 2417 ὠνόμασται
752 2349 1111 2425 ἀπαύγασμα.
1159 2351 1326 2428 Οἶμαι
1363 2363 1469 2432 γὰρ
1496 2364 1593 2435 τῆς
1633 2368 1697 2420 ὲκ
1728 2367 1820 2422 τοῦ
1868 2370 1980 2425 Πα-

410 2439 537 2509 τρὸς
566 2438 659 2493 τοῦ
694 2440 824 2496 Υἰοῦ
850 2446 1153 2516 γεννήσεως
1182 2456 1581 2523 παραστατικὸν
1608 2454 1745 2513 εῖναι
1772 2461 1862 2514 τὸν
1890 2463 1976 2516 λό-

410 2544 522 2593 γον.
589 2530 857 2596 Πολλάκις
917 2535 1027 2607 γὰρ
1080 2539 1468 2613 ὠνομασμένοι)
1520 2547 1670 2613 Υἰοῦ,
1736 2552 1828 2605 καὶ
1879 2553 1976 2607 τοῦ

409 2617 543 2671 Θεοῦ
572 2620 782 2692 Πατρός
804 2629 1235 2697 χρηματίσαντος
1262 2634 1393 2704 (59),
1421 2636 1543 2689 ἐπεὶ
1571 2639 1668 2703 τὰς
1688 2641 1796 2694 τῶν
1824 2644 1975 2707 ζώων

412 2710 653 2801 γενέσεις
682 2716 919 2772 τοιοῦτόν
948 2737 1068 2775 τινα
1094 2724 1295 2794 τρόπον
1326 2727 1697 2801 ὲπιλάϐοιμεν,
1736 2736 1843 2789 ὑπὸ
1881 2737 1973 2790 τοῦ

412 2800 547 2895 Θεοῦ
592 2803 1027 2895 θεοπρεπεστέρᾳ
1074 2815 1333 2888 κέχρηται
1365 2800 1589 2876 εἰκόνιό
1633 2825 1969 2895 ’Δπόστολος,

415 2892 554 2982 περί
566 2894 663 2982 μὲν
679 2896 768 2949 τοῦ
795 2899 1025 2972 Πατρὸς,
1061 2903 1248 2971 εἰπὼν,
1282 2906 1410 2975 Φῶς
1430 2910 1609 2965 οἰκῶν
1626 2892 1969 2982 ἀπρόσιτονλ

414 2979 504 3032 τὸν
534 2980 591 3034 δὲ
624 2982 769 3076 ϊίὸν,
793 2988 1130 3064 ἀπαύγασμα
1160 2995 1252 3049 τοῦ
1285 3001 1550 3071 πατρικοῦ
1589 2979 1764 3072 (more;
1787 3007 1972 3076 ὁρισά-

417 3087 598 3139 μενος,
632 3072 770 3170 ᾦστε
800 3075 932 3132 εἶναι
958 3082 1017 3135 τὸ
1047 3084 1384 3160 ἀπαύγασμα
1426 3090 1671 3165 γέννημα
1701 3095 1792 3149 τοῦ

412 3178 506 3218 του
542 3166 736 3235 φωτὸς,
771 3170 830 3223 οὐ
856 3172 991 3229 κατά
1018 3176 1117 3246 τὴν
1134 3178 1241 3233 τῶν
1261 3179 1465 3253 θνητῶν
1491 3182 1644 3247 ζώων
1665 3166 1971 3245 ὑποστάντα

412 3258 645 3323 γένεσιν,
676 3262 815 3317 κατά
844 3263 900 3317 δὲ
932 3267 993 3319 τὸ
1021 3268 1182 3338 ῥηθὲν
1219 3271 1583 3345 παράδειγμα.
1617 3276 1853 3343 Εἰκότως
1878 3276 1969 3335 οὖν
2038 3273 2042 3277 θ

409 3347 501 3399 καὶ
542 3346 723 3404 εἰκόνα
778 3353 940 3407 αὑτὸν
975 3356 1069 3407 τοῦ
1102 3356 1235 3409 Θεοῦ
1285 3357 1378 3412 τοῦ
1411 3360 1642 3431 ἀοράτου
1682 3364 1964 3431 ἀποκαλεῖ,

404 3437 493 3527 διὰ
511 3440 570 3494 τὸ
590 3443 647 3495 ἐν
674 3446 853 3515 μορφῇ
876 3444 1006 3498 Θεοῦ
1030 3446 1313 3519 ὑπάρχειν,
1338 3452 1429 3504 καὶ
1447 3451 1532 3505 διὰ
1550 3453 1610 3506 τὸ
1630 3454 1971 3527 ἀπαύγασμα

405 3526 542 3585 εἶναι
566 3535 659 3587 καὶ
689 3540 1130 3622 χαρακτῆρςτῆς
1159 3540 1526 3607 ὑποστάσεως.

477 3624 555 3678 ιδ’.
595 3626 693 3680 Διά
734 3628 905 3682 ταῦτα
952 3630 1061 3703 γὰρ
1106 3634 1233 3705 περὶ
1280 3634 1443 3690 αὑτοῦ
1494 3636 1720 3708 γράφων
1761 3639 1965 3707 ἔλεγεν·

409 3716 512 3781 Ὄς
535 3717 706 3771 ἐστιν
730 3721 907 3773 εἰκὼν
936 3722 1040 3776 τοῦ
1072 3725 1219 3779 Θεοῦ
1244 3727 1346 3781 τοῦ
1375 3727 1651 3796 ἀοράτου,
1675 3718 1969 3799 Πρωτότο-

404 3826 510 3874 κος
552 3808 753 3877 πάσης
803 3812 1068 3878 κτίσεως.
1109 3816 1238 3868 Ὀτι
1288 3818 1356 3871 ἐν
1391 3817 1549 3884 αὐτῷ
1598 3821 1847 3890 ἐκτίσθη
1899 3822 1970 3877 τὰ

404 3900 619 3964 πάντα,
652 3902 725 3959 τὰ
756 3903 825 3956 ἐν
856 3906 1130 3973 οὐρανοῖς
1161 3909 1260 3963 καί
1288 3910 1359 3963 τὰ
1395 3912 1496 3965 ἐπὶ
1535 3911 1640 3981 τῆς
1679 3912 1813 3982 γῆς,
1847 3914 1968 3968 εἴτε

402 3990 643 4058 ἀόρατα,
674 3995 793 4052 εἶτε
824 3997 1043 4067 θρόνοι,
1070 3997 1190 4052 εἶτε
1232 4002 1592 4069 κυριότητες,
1614 4001 1736 4055 εἶτε
1765 4003 1963 4070 ἀρχαὶ,

402 4085 524 4138 εἰτε
546 4085 847 4150 ἐξουσίαι·
886 4091 959 4145 τὰ
1003 4089 1196 4145 πάντα
1230 4090 1303 4145 δι’
1340 4093 1549 4159 αὑτοῦ,
1596 4094 1695 4147 καὶ
1740 4097 1827 4161 εἰς
1848 4097 1967 4165 [au-

402 4173 509 4226 τὸν
525 4176 805 4245 ἔκτισται,
848 4181 1061 4253 (40)καὶ
1084 4185 1265 4248 αὑτός
1285 4182 1418 4237 ἐστι
1443 4183 1557 4252 πρὸ
1584 4184 1841 4249 πάντων,
1869 4187 1967 4241 καὶ

402 4264 595 4321 πάντα
621 4268 692 4323 ἐν
730 4272 891 4337 αὐτῷ
921 4272 1278 4342 συνέστηκε.
1314 4275 1499 4330 Ταῦτα
1545 4276 1653 4347 γὰρ
1692 4278 1820 4350 περὶ
1869 4280 1964 4349 τῆς

2082 1799 2259 1859 factus
2300 1800 2444 1871 fuit.]
2483 1802 2545 1857 Et
2577 1806 2642 1858 de
2672 1804 2795 1861 Jcsu
2828 1805 3066 1873 Christo,
3104 1806 3268 1861 Nobis
3292 1824 3425 1861 unus
3457 1806 3640 1861 Domi-

2081 1911 2176 1948 nus
2209 1894 2365 1951 Jesus
2409 1896 2653 1955 Christus
2698 1918 2791 1968 per
2828 1919 2983 1970 quem
3024 1904 3199 1956 omnia
3231 1904 3297 1956 “.
3347 1903 3423 1958 De
3449 1906 3637 1960 eodem

2078 1987 2298 2053 videsis,
2331 1991 2779 2057 quemadmodum
2813 1995 3032 2061 dicitur,
3076 2010 3169 2063 per
3210 2012 3359 2065 quem
3415 1998 3535 2066 fecit
3590 2008 3636 2051 et

2077 2082 2290 2137 saecula.
2318 2083 2418 2141 Hic
2450 2100 2577 2143 vero
2608 2102 2786 2157 operae
2814 2090 3045 2159 pretium
3093 2099 3179 2147 est
3215 2094 3494 2146 advertere
3522 2092 3639 2145 ani-

2079 2189 2220 2227 mum
2264 2175 2330 2231 ad
2371 2176 2423 2231 id
2467 2178 2608 2246 quod
2638 2178 2835 2235 dicitur
2866 2181 3151 2250 splendor;
3187 2182 3260 2237 ita
3290 2184 3431 2237 enim
3457 2191 3638 2238 statuo

2077 2279 2260 2319 vocem
2292 2266 2455 2322 istam
2494 2269 2838 2326 subindicare
2859 2312 2874 2335 ,
2907 2271 3053 2328 illam
3090 2273 3161 2330 de
3198 2273 3357 2334 Patre
3385 2272 3505 2328 Filii
3543 2290 3633 2342 ge-

2076 2357 2434 2417 nerationem.
2471 2357 2606 2415 Cum
2632 2360 2776 2417 enim
2816 2361 2937 2417 Filii
2980 2378 3173 2420 nomen
3224 2364 3421 2434 saepius
3447 2380 3639 2420 occur-

2077 2456 2243 2513 rerat,
2274 2458 2328 2503 et
2362 2448 2523 2504 Pater
2554 2450 2718 2505 etiam
2752 2452 3086 2521 frequentius
3132 2455 3274 2511 Deus
3303 2456 3581 2511 audiverat
3614 2474 3628 2510 :

2076 2550 2141 2590 ne
2174 2537 2387 2591 modum
2405 2538 2545 2593 forte
2572 2539 2803 2611 aliquem
2842 2543 2930 2599 hic
2950 2543 3307 2614 imaginemur
3327 2547 3419 2614 qui
3449 2547 3504 2600 in
3545 2563 3637 2614 ge-

2076 2626 2354 2683 neratione
2404 2643 2583 2683 rerum
2632 2634 2994 2689 animatarum
3028 2634 3300 2700 occurrit,
3343 2634 3634 2704 Apostolus

2072 2718 2478 2777 similitudinem
2515 2721 2836 2777 diviniorem
2881 2723 3121 2791 adhibet,
3152 2724 3241 2780 ubi
3265 2724 3333 2780 de
3362 2724 3471 2781 Deo
3500 2727 3630 2797 agit,

2073 2813 2139 2869 ad
2169 2812 2383 2868 Patrem
2431 2813 2562 2870 illud
2594 2814 2873 2885 applicans
2899 2855 2917 2880 ,
2953 2815 3213 2873 Habitans
3271 2817 3437 2871 lucem
3480 2819 3630 2871 ina:-

2071 2923 2267 2962 cesssm
2288 2924 2307 2961 :
2335 2906 2530 2962 Filium
2560 2922 2693 2963 vero
2724 2906 3053 2978 compellans
3080 2907 3422 2977 splendorem
3452 2916 3631 2977 pater-

2073 3014 2153 3054 nae
2177 2999 2343 3064 lucis;
2371 3007 2428 3054 ut
2455 2999 2710 3069 splendor
2754 3000 2822 3055 sit
2853 3000 3011 3071 primi
3058 3000 3201 3055 illius
3240 3000 3457 3055 luminis
3484 3002 3630 3071 geni-

2073 3098 2193 3144 tura
2218 3108 2233 3146 :
2262 3091 2457 3146 nonad
2488 3092 2703 3147 modum
2734 3093 3003 3155 creaturis
3038 3092 3357 3148 mortalibus
3404 3105 3631 3159 usurpa-

2071 3190 2183 3235 tum
2219 3181 2512 3247 exsistens,
2544 3183 2669 3239 dum
2698 3193 3051 3255 generantur,
3090 3200 3279 3240 verum
3309 3178 3470 3254 juxta
3500 3184 3629 3239 alla-

2070 3278 2177 3326 tam
2213 3272 2641 3330 similitudinem.
2670 3274 2864 3333 Merito
2883 3292 3006 3333 eum
3039 3276 3227 3348 igitur,
3259 3288 3314 3334 et
3338 3278 3626 3350 imaginem

2070 3364 2304 3434 appellat
2334 3366 2623 3423 invisibilis
2645 3373 2702 3429 >14
2738 3367 2833 3423 Dei
2867 3387 2881 3421 :
2914 3377 3203 3439 propterea
3229 3372 3373 3440 quod
3394 3373 3628 3428 exsiste-

2067 3467 2170 3522 ret,
2204 3457 2259 3512 in
2288 3458 2460 3513 forma
2483 3458 2577 3512 Dei
2605 3476 2619 3512 :
2654 3467 2709 3512 et
2733 3459 2858 3529 quia
2886 3468 3005 3515 erat
3034 3460 3290 3529 splendor
3334 3473 3389 3517 et
3426 3465 3624 3519 chara-

2068 3556 2182 3602 cter
2202 3548 2539 3605 substantiae.

2139 3640 2223 3695 14.
2258 3639 2407 3697 Hanc
2432 3640 2504 3697 ob
2530 3654 2745 3697 causam
2776 3640 2841 3696 de
2882 3641 2973 3696 illo
2995 3641 3243 3697 scribens
3268 3642 3341 3696 ait
3374 3661 3387 3696 :
3419 3643 3521 3708 Qui
3549 3657 3625 3699 est

2067 3735 2237 3805 imago
2271 3733 2366 3789 Dei
2401 3733 2683 3789 invisibilis
2730 3750 2749 3789 .'
2786 3734 3163 3807 primogenitns
3203 3736 3368 3789 omnis
3417 3748 3624 3791 creatu-

2068 3848 2161 3887 rte.
2190 3831 2452 3898 Quoniam
2479 3832 2535 3885 in
2566 3832 2679 3900 ipso
2717 3840 2895 3885 creata
2931 3841 3052 3885 sunt
3087 3832 3297 3897 omnia,
3347 3849 3465 3902 qua:
3502 3848 3621 3887 sunt

2068 3923 2122 3975 in
2153 3920 2298 3986 caelo,
2334 3931 2380 3975 et
2415 3938 2530 3993 qua:
2562 3938 2716 3989 super
2762 3933 2979 3989 terram,
3008 3924 3115 3979 sive
3152 3924 3396 3989 visibilia,
3426 3943 3518 3982 seu
3551 3929 3626 3981 in-

2066 4012 2324 4076 visibilia;
2363 4013 2467 4066 sive
2501 4012 2677 4066 throni
2698 4050 2713 4075 ,
2748 4028 2840 4065 seu
2874 4013 3258 4068 dominationes
3291 4031 3309 4067 :
3340 4016 3442 4069 sive
3476 4018 3622 4084 prin-

2065 4103 2290 4169 cipatus,
2327 4117 2418 4154 seu
2455 4110 2732 4171 potestates
2758 4118 2777 4155 :
2811 4103 2988 4157 omnia
3007 4120 3099 4172 per
3127 4108 3320 4176 ipsum,
3353 4116 3402 4163 et
3432 4110 3486 4162 in
3509 4111 3620 4177 ipso

2066 4196 2275 4249 condita
2311 4204 2452 4259 sunt,
2481 4204 2531 4247 et
2560 4195 2669 4260 ipse
2708 4205 2828 4247 ante
2865 4202 2942 4246 est
2981 4198 3180 4261 omnia,
3214 4207 3263 4251 et
3295 4202 3348 4251 in
3376 4200 3486 4267 ipso
3507 4215 3619 4251 om-

2066 4287 2157 4340 nia
2190 4285 2476 4342 subsistunt
2507 4286 2573 4339 ”.
2608 4282 2729 4338 Haec
2766 4286 2947 4338 omnia
2974 4284 3004 4351 ,’
3026 4285 3151 4341 licet
3184 4301 3339 4344 secus
3368 4287 3621 4345 Marcello

402 4358 650 4430 θεότητος
672 4361 767 4415 τοῦ
792 4364 921 4419 Υἰοῦ
943 4365 1036 4418 τοῦ
1059 4365 1215 4430 Θεοῦ,
1244 4367 1347 4421 κᾶν
1374 4367 1449 4438 μὴ
1474 4368 1777 4440 Μαρκέλλῳ
1806 4370 1957 4441 δοκῇ,

2072 4377 2330 4439 videatur.
2359 4377 2425 4431 de
2445 4376 2563 4431 Filii
2580 4376 2862 4431 divinitate
2879 4377 3150 4433 dicuntur.
3178 4377 3359 4448 Neque
3375 4382 3516 4436 enim
3546 4393 3622 4439 tot

400 4446 634 4519 εἴρηται.
668 4448 745 4505 Οὐ
774 4451 882 4523 γὰρ
924 4455 1051 4526 περί
1078 4458 1175 4525 τῆς
1216 4456 1416 4526 σαρκὸς
1443 4451 1593 4510 εἴπεν
1625 4457 1691 4512 ἂν
1723 4458 1959 4512 τοσαῦτα

2072 4472 2115 4517 et
2143 4462 2267 4516 talia
2285 4461 2511 4519 dixisset
2558 4463 2622 4518 de
2656 4478 2819 4518 carne
2863 4465 3173 4534 Apostolus.
3217 4446 3452 4523 Stultum
3471 4473 3615 4527 enim

399 4542 427 4589 ὁ
456 4539 595 4605 θεῖος
628 4542 965 4608 Ἀπόστολος.
984 4547 1179 4617 Μωρὸν
1204 4546 1312 4619 γὰρ
1335 4547 1491 4601 τοῦτο
1506 4550 1598 4602 καὶ
1621 4549 1951 4621 ἀδιανόητον,

2072 4553 2202 4610 roret
2252 4569 2427 4625 neque
2474 4552 2709 4626 cogitatu
2745 4556 2942 4622 facile,
2979 4569 3038 4613 ut
3090 4575 3157 4615 ne
3204 4559 3382 4615 dicam
3430 4561 3617 4617 incon-

403 4628 537 4696 πρὸς
571 4628 649 4701 τῷ
695 4634 787 4685 καὶ
836 4634 1201 4705 ἀσυνάρτητον
1234 4634 1372 4692 εῖναι
1403 4638 1515 4710 (41)
1562 4641 1660 4710 τῆς
1702 4641 1952 4712 φράσεως

2072 4657 2268 4712 gruum,
2293 4645 2436 4715 quod
2465 4648 2531 4707 ad
2557 4645 2847 4705 dictionem
2881 4651 3074 4706 attinet
3103 4661 3159 4707 et
3194 4654 3428 4710 nominis
3452 4655 3619 4710 inter-

400 4718 497 4787 τὴν
533 4722 844 4791 ἑρμηνείαν.
890 4724 1011 4788 Πῶς
1051 4726 1159 4797 γάρ
1202 4729 1327 4796 περί
1364 4730 1460 4799 τῆς
1510 4732 1708 4802 σαρκὸς
1744 4730 1951 4801 ἥρμοζε

2072 4737 2435 4801 pretationem.
2469 4738 2571 4806 Qui
2609 4742 2756 4795 enim
2785 4753 3147 4811 congruenter
3188 4746 3253 4800 de
3293 4762 3455 4802 carne
3508 4751 3619 4805 dici

474 4879 532 4948 g4
554 4875 663 4948 βό.
694 4876 865 4935 Paris.
891 4893 1023 4948 pag.
1059 4880 1147 4934 96.

472 4943 513 4973 ”
551 4942 711 5000 Hebr.
745 4962 818 5014 tv,
842 4942 927 5002 Μ’.
974 4942 1048 4980 ’²⁶
1081 4950 1239 5006 Hebr.
1261 4968 1301 5018 ι,
1333 4955 1445 5009 1-5.
1533 4956 1575 4986 ²¹
1607 4953 1627 5007 l
1657 4957 1781 5009 Cor.
1812 4960 1975 5023 vm,£

2099 4961 2142 4991 "
2169 4961 2373 5016 Coloss.
2408 4979 2447 5027 ι,
2490 4965 2683 5020 15-17.

403 5075 613 5171 nescio,-
631 5076 771 5171 fgrte
792 5081 1065 5171 anthea,-
1093 5094 1143 5136 ut
1174 5086 1269 5171 sit...
1290 5086 1377 5139 ubi
1407 5086 1570 5171 [leum
1592 5090 1869 5171 .nominat,
1895 5102 1948 5145 et
2054 5095 2220 5171 ῥεια-
2250 5096 2515 5164 scriptura
2576 5103 2706 5171 πρός

401 5144 615 5213 angelos
652 5160 934 5213 memorat,
993 5144 1363 5209 intermedium
1430 5158 1630 5213 inducit
1684 5144 1945 5213 media'toé

403 5214 607 5300 renum.
636 5245 707 5258 --
733 5216 935 5300 §cripsi
966 5237 1086 5300 cum
1114 5225 1273 5300 codd.
1318 5224 1460 5291 ἰδίως
1480 5244 1499 5293 ;
1520 5242 1641 5283 mox
1675 5229 1828 5300 vulgo
1857 5231 1947 5282 ἐπὶ

398 5284 622 5351 ἐσχάτου
645 5296 699 5340 et
723 5284 910 5361 ὥσπερ
945 5292 1037 5343 καὶ
1058 5293 1331 5365 ἀνωτέρω.

608 5353 772 5423 Vulgo
799 5358 878 5411 ὅτι
906 5362 991 5413 τά.

655 5372 772 5413 υιαο
799 5372 878 5411 οτι
906 5372 991 5413 τα.

470 5372 580 5423 too)
616 5372 772 5426 volgo
799 5372 878 5411 οτι
906 5372 991 5413 τα.

611 5423 793 5499 Χαίεο
815 5428 906 5499 καξι
933 5429 1095 5483 αὑτοῦ
1127 5433 1343 5499 ἐγένετο
1366 5450 1474 5488 om.

611 5493 710 5564 Mp.
725 5492 923 5551 ἀύτοῦ.

616 5561 973 5645 Ἐπιστήσας
1013 5569 1097 5624 δέ.
1133 5570 1365 5645 Legend.
1402 5575 1685 5645 ἐπιστῆσαι
1729 5580 1806 5632 δέ.
1852 5581 1916 5633 Μ.

474 5633 584 5701 (39)
612 5634 717 5686 Καὶ
750 5635 895 5703 πρὸς
924 5633 1418 5711 χρηματίσῖῑιτιις.
1451 5633 1611 5701 Error
1643 5664 1706 5702 ex
1760 5651 1949 5706 abbre-

2759 5113 2909 5159 ortus
2961 5116 3083 5159 est:
3146 5108 3422 5175 legendum
3467 5113 3619 5165 enim

2014 5178 2015 5181 ‘
2053 5165 2265 5246 ρατρὸς
2288 5165 2767 5246 ιχρηματίσοζντς,
2802 5175 2887 5227 ἵνα
2949 5176 3022 5246 μὴ
3079 5177 3171 5228 ἐπὶ
3197 5165 3307 5240 ’τὰς
3335 5189 3388 5230 et
3416 5179 3611 5234 ὑπολά-

2054 5184 2265 5234 ιιατρος
2287 5184 2767 5288 ᾒχρηματισαντος,
2802 5184 2887 5227 ἵνα
2949 5184 3022 5246 μὴ
3079 5184 3171 5228 ἐπὶ
3210 5184 3307 5258 τὰς
3335 5189 3388 5230 et
3416 5184 3611 5234 ὑπολά-

2054 5233 2261 5318 ϐοιμεν.
2281 5307 2293 5318 Ι
2341 5238 2720 5318 .—-E_Jmendavn
2741 5245 2914 5318 locum
2935 5262 2998 5318 ex
3014 5246 3167 5318 codd.
3182 5288 3196 5306 .
3215 5245 3302 5302 ubi
3323 5248 3477 5318 vulgo
3492 5253 3612 5305 τινὰ

2053 5317 2178 5376 ante
2200 5307 2397 5376 τρόπον
2428 5309 2578 5363 deest
2602 5319 2655 5364 et
2685 5314 2943 5367 scribitur
2964 5314 3312 5373 ὲπιλάὁοιαεν
3338 5307 3461 5374 ὑπ’ό.
3488 5321 3605 5376 Mox

2051 5375 2362 5451 ναι-ἕσπερί
2382 5376 2481 5451 τοῦ.
2510 5380 2605 5451 μέν
2630 5392 2691 5451 et
2707 5381 3032 5451 ὁριζόμενος.

2268 5445 2434 5527 Vltlgo
2466 5445 2684 5527 ἐκτίσθη
2709 5445 2759 5506 εἰ
2782 5445 2902 5527 mox
2934 5445 3079 5527 δοκεῖ
3101 5466 3155 5509 et
3179 5458 3313 5527 πρὸς
3338 5462 3418 5514 τό.

2126 5515 2260 5599 (Η).
2296 5515 2410 5583 Τῆς
2456 5515 2727 5599 φράσεως
2784 5521 2901 5599 τὴν.
2950 5515 3259 5599 ἁρμονίαν.
3293 5515 3392 5583 ἰιιι
3436 5533 3611 5599 potius

2056 5598 2216 5671 quam
2244 5586 2721 5671 éepn‘leii‘l.uNatll
2756 5586 3036 5661 sequitur,
3055 5595 3169 5659 πῶς
3219 5598 3325 5669 γὰρ
3365 5586 3487 5671 περὶ
3517 5602 3613 5667 τῆς

2060 5656 2255 5723 σαρκὸς
2286 5658 2507 5726 ἥρμοσε.
2539 5657 2609 5713 Ill.
