4086 6202
426 244 520 298 887
1159 241 1425 297 EUSEBII
1465 239 1925 299 CESARIENSIS
1962 238 2109 293 OPP.
2149 237 2325 293 PARS
2362 238 2449 294 1V.
2476 268 2545 279 ——
2575 236 2993 293 DOGMATICA.

3563 236 3661 291 883

428 372 647 434 posset,
688 365 778 433 qui
815 372 898 419 est
944 363 1169 432 imago?
1210 362 1435 417 dixisset
1481 364 1704 431 utique,
1750 376 1867 432 qua:
1914 369 1996 415 est

2101 359 2297 426 λέγειν,
2334 360 2393 421 ὃς
2425 361 2569 411 ἐστιν
2596 357 2789 421 εῐκὼν;
2828 355 2953 409 δέον
2978 357 3029 408 εἰν
3059 353 3167 425 ἄρα
3208 352 3398 423 φῆσαι,
3431 352 3466 423 ἥ
3518 354 3666 405 ἐστιν

426 469 626 524 imago.

499 546 582 601 15.
614 546 753 602 Alibi
795 559 1010 615 quoque
1056 545 1195 600 idem
1242 546 1490 599 eumdem
1542 545 1776 615 appellat
1806 544 1994 614 imagi-

430 654 548 691 nem
601 639 715 701 Dei.
753 656 771 690 ι
808 636 958 704 Quod
1006 638 1052 692 si
1100 638 1475 692 absconditum
1528 638 1598 691 sit
1644 637 1993 706 Evangelium

434 748 453 780 ‹
492 741 732 786 nostrum
760 772 773 794 ,
806 731 872 783 ah
903 730 967 784 iis
994 739 1080 784 est
1112 730 1484 784 absconditum
1518 732 1608 800 qui
1644 739 1902 799 pereunt,
1942 731 1993 783 in

434 840 452 871 ε
490 824 683 889 quibus
725 823 866 877 Deus
900 823 1079 879 saeculi
1129 822 1284 877 istius
1321 823 1619 877 obczecavit
1664 824 1995 877 intellectum

434 933 451 963 ι
490 914 885 969 iucredulorum
911 956 926 980 ,
960 930 1025 969 ne
1066 915 1350 969 irradiaret
1388 916 1438 967 in
1470 915 1725 969 cordibus
1752 915 1997 983 ipsorum

436 1025 454 1057 ι
492 1007 812 1063 illuminatio
841 1008 1115 1078 Evangelii
1143 1006 1269 1061 Jesu
1322 1007 1548 1068 Christi,
1590 1007 1681 1075 qui
1713 1016 1797 1060 est
1821 1008 1998 1076 imago

434 1117 452 1148 s
486 1098 603 1153 Dei.
661 1118 679 1151 ι
738 1099 837 1154 Ubi
889 1099 1271 1153 advertendum
1309 1098 1464 1151 nobis
1497 1099 1679 1152 animo
1710 1107 1833 1164 est,
1857 1099 1996 1167 quod

428 1190 639 1245 divinus
657 1191 946 1259 Apostolus
974 1189 1444 1245 determinativum
1475 1189 1539 1244 de
1559 1188 1775 1245 Christo
1792 1204 2000 1244 sermo-

428 1296 549 1334 nem
575 1281 825 1345 instituit,
860 1282 1146 1349 imaginem
1172 1280 1264 1333 Dei
1286 1279 1490 1333 scilicet
1510 1280 1784 1349 appellans
1804 1280 1996 1349 ipsum,

429 1386 497 1426 ne
529 1373 648 1440 quis
678 1372 811 1425 duos
836 1371 1119 1441 imaginari
1151 1370 1281 1425 deos
1311 1370 1622 1439 posset,sed
1644 1385 1829 1435 unum,
1852 1384 2001 1423 nem—

429 1476 495 1531 pe
522 1476 642 1515 eum
669 1462 757 1531 qui
791 1476 949 1529 supra
986 1461 1163 1515 omnia
1190 1472 1288 1516 est.
1313 1461 1369 1516 Si
1394 1462 1536 1515 enim
1565 1475 1705 1514 unus
1732 1470 1815 1513 est
1838 1460 2000 1527 Deus,

432 1567 481 1607 et
512 1566 704 1625 praeter
731 1554 880 1609 illum
910 1569 1015 1609 non
1042 1560 1125 1608 est
1152 1553 1312 1620 alius,
1349 1552 1517 1622 ipsius
1544 1551 1615 1606 sit
1638 1562 1873 1619 oportet,
1909 1552 1998 1619 qui

432 1662 529 1715 per
549 1646 741 1700 Filium
781 1663 935 1701 suum
963 1656 1219 1715 tanquam
1242 1660 1336 1715 per
1356 1644 1646 1712 imaginem
1667 1643 1993 1713 agnoscitur.

431 1740 771 1805 Quapropter
792 1746 846 1790 et
883 1736 1052 1791 Filius
1094 1748 1307 1806 quoque
1340 1736 1479 1789 Deus
1500 1742 1605 1797 εει,
1640 1743 1858 1803 propter
1896 1732 1997 1786 Pa-

432 1828 527 1880 tris
557 1830 803 1897 liguram,
846 1829 897 1882 in
927 1828 1062 1897 ipso,
1091 1838 1147 1880 ut
1176 1828 1227 1881 in
1253 1827 1509 1896 imagine,
1534 1824 1905 1879 resultantem.
1942 1825 1996 1878 ld

430 1920 571 1989 quod
606 1920 818 1973 divinus
852 1919 1145 1987 Apostolus
1168 1919 1391 1982 indicat,
1422 1920 1547 1973 dum
1596 1916 1887 1989 aliquando
1925 1918 1999 1970 in-

430 2012 589 2079 quit,
619 2012 712 2079 qui
765 2027 883 2064 cum
922 2012 978 2063 in
1017 2010 1117 2064 Dei
1164 2011 1333 2077 {arma
1370 2020 1542 2063 esset:
1575 2008 1863 2078 aliquando
1896 2023 1995 2061 au-

429 2110 559 2167 tem,
592 2116 714 2156 eum
747 2101 1033 2168 imaginem
1070 2102 1159 2155 Dei
1208 2100 1395 2156 deﬁnit
1428 2114 1569 2155 esse.
1599 2102 1779 2167 Atque
1810 2100 1879 2152 ita
1913 2100 1996 2152 in-

437 2201 519 2244 ter
546 2201 775 2245 caeteras
803 2191 1243 2245 nomenclaturas
1289 2189 1459 2245 Filius
1512 2198 1570 2245 et
1600 2200 1719 2244 erat
1752 2200 1805 2245 et
1850 2190 1998 2244 dice-

431 2283 591 2336 batur
648 2283 823 2351 imago
858 2282 995 2348 Dei,
1031 2282 1339 2351 priusquam
1385 2282 1438 2335 in
1488 2296 1652 2335 carne
1699 2282 1993 2335 adveniret.

431 2378 606 2445 Atque
625 2376 726 2431 ista
756 2376 971 2445 quidem
1009 2390 1177 2445 pauca
1214 2375 1280 2429 de
1328 2375 1647 2439 innumeris,
1684 2389 1748 2429 ne
1784 2377 1996 2429 modum

430 2465 777 2531 excedamus,
817 2480 847 2519 e
868 2464 1015 2520 Novo
1048 2463 1395 2520 Testamento
1446 2466 1673 2519 adducta
1708 2466 1837 2519 sint.
1862 2463 1997 2530 Quin

431 2569 486 2612 et
517 2558 644 2612 olim
670 2559 992 2613 exsistentes
1018 2558 1292 2627 prophetae
1320 2556 1438 2620 Dei,
1472 2559 1719 2613 eumdem
1769 2558 1998 2612 diversis

434 2650 754 2720 theologicis
782 2650 1089 2705 nominibus
1112 2650 1468 2704 honorarunt.

503 2741 591 2795 16.
624 2740 719 2795 Est
742 2741 831 2810 qui
861 2754 979 2793 eum
1003 2781 1018 2804 ,
1051 2739 1311 2808 Spiritum
1358 2740 1450 2794 Dei
1483 2748 1639 2794 vocat
1663 2780 1676 2801 ,
1706 2739 1954 2808 inquiens
1985 2730 1995 2792 Ξ

433 2832 744 2902 Egredietur
770 2832 916 2898 virga
944 2834 1006 2886 de
1035 2834 1209 2886 radice
1248 2832 1390 2887 Iesse
1430 2850 1446 2886 :
1492 2839 1550 2896 ὦ
1592 2846 1639 2886 et
1668 2836 1767 2902 flos
1812 2838 1875 2885 de
1917 2849 2002 2885 ra-

431 2926 546 2977 dice
570 2924 680 2993 ejus
707 2925 972 2990 ascendet,
1009 2935 1057 2976 et
1092 2925 1372 2992 requiescet
1408 2940 1564 2991 super
1590 2924 1736 2976 illum
1773 2924 2001 2992 Spiritus

2096 469 2120 503 ε
2130 451 2255 504 ἰκών
2264 492 2275 503 .

2171 550 2250 595 ιε’.
2294 543 2403 596 Καὶ
2453 543 2510 595 ὲν
2556 541 2723 612 ἑτέρῳ
2776 540 2831 593 δὲ
2882 540 3041 592 πάλιν
3084 539 3113 590 ὁ
3158 535 3317 599 αὐτὸς
3359 535 3541 589 εἰκόνα
3574 534 3670 587 τοῦ

2099 633 2232 687 Θεοῦ
2250 634 2407 686 αὑτὸν
2422 632 2667 703 ὠνόμαζε
2698 632 2889 700 λέγων,
2914 651 2932 683 ι
2962 631 3025 685 Εἰ
3053 630 3109 683 δὲ
3140 631 3230 682 καὶ
3252 628 3364 681 ἐστι
3394 627 3673 697 κεκαλυμ-

2107 749 2124 779 s
2160 728 2316 797 μένον
2332 724 2392 778 τὸ
2412 724 2521 796 (42)
2538 724 2865 793 Εὑαγγέλιον
2888 724 3063 793 ἡμῶν,
3084 726 3137 774 ὲν
3154 725 3264 784 τοῖς
3280 721 3481 774 ἀπολλυ
3490 721 3674 792 μένοις

2109 839 2125 870 ι
2161 817 2729 888 ἐστίοιεκαλυμμένον,
2750 819 2808 869 ὲν
2828 811 2908 879 οἷς
2931 818 2959 869 ὁ
2981 816 3112 878 Θεὸς
3139 814 3233 867 τοῦ
3263 815 3453 878 αἰῶνος
3475 816 3671 867 τούτου

2105 934 2123 963 ‹
2160 912 2434 980 ἐτύφλωσε
2467 909 2534 963 τὰ
2565 912 2809 981 νοήματα
2837 909 2943 962 τῶν
2994 908 3255 969 ἀπίστων,
3302 906 3437 977 πρὸς
3478 906 3539 958 τὸ
3597 907 3673 977 μὴ

2108 1021 2125 1052 ι
2160 1000 2505 1068 καταυγάσαι
2531 998 2642 1069 (45)
2678 1001 2867 1062 ὲνταῖς
2892 998 3139 1071 καρδίαις
3169 996 3346 1049 αὐτῶν
3380 997 3470 1050 τὸν
3504 1014 3675 1066 φωτι-

2109 1112 2125 1143 ι
2166 1090 2300 1160 σμὸν
2326 1090 2420 1144 τοῦ
2452 1088 2782 1159 Εὑαγγελίου
2812 1088 2905 1141 τοῦ
2938 1087 3196 1157 Χριστοῦ,
3232 1088 3289 1150 ὃς
3329 1090 3473 1141 ἐστιν
3508 1085 3674 1140 εἰκὼν

2111 1203 2128 1234 ι
2164 1183 2255 1236 τοῦ
2274 1183 2429 1237 Θεοῦ.
2461 1202 2481 1232 ι
2511 1180 2680 1234 Ἔνθα
2700 1181 2794 1234 καὶ
2816 1182 3080 1252 προσήκει
3107 1180 3197 1232 τὸν
3220 1178 3341 1231 νοῦν
3362 1179 3671 1249 ἐπιστῆσαι,

2100 1277 2173 1339 ὡς
2207 1280 2235 1330 ὁ
2266 1278 2405 1340 Θείος
2455 1276 2770 1338 Ἀπόστολος
2801 1276 2983 1347 ὁρικὸν
3003 1274 3327 1348 ἐξηνέγκατο
3356 1274 3510 1341 λόγον
3541 1273 3673 1343 περί

2103 1370 2195 1422 τοῦ
2232 1368 2489 1439 Χριστοῦ,
2512 1367 2677 1420 εἰπὼν
2712 1366 2871 1420 αὑτὸν
2921 1366 3101 1418 εἰκόνα
3131 1364 3225 1417 τοῦ
3266 1363 3419 1427 Θεοῦ,
3456 1364 3542 1415 ἵνα
3592 1364 3671 1433 μή

2102 1479 2184 1523 τις
2216 1461 2307 1513 δύο
2340 1461 2492 1521 Θεοῦς
2530 1458 2789 1511 ὑπολάϐοι
2820 1455 2954 1510 εἶναι
2976 1498 2989 1523 ,
3019 1456 3132 1511 ἀλλ’
3170 1456 3265 1507 ἕνα
3295 1455 3386 1507 τὸν
3416 1456 3505 1507 ἐπὶ
3532 1454 3673 1507 πάν-

2102 1570 2229 1606 των.
2260 1553 2320 1605 Εἰ
2348 1552 2455 1623 γὰρ
2484 1547 2563 1615 εἷς
2586 1551 2738 1613 Θεὸς,
2772 1549 2865 1602 καὶ
2896 1549 2994 1601 οὐκ
3026 1546 3170 1599 ἔστιν
3197 1545 3379 1614 ἕτερος
3404 1544 3542 1614 πλὴν
3567 1544 3672 1596 αὑ-

2104 1645 2217 1707 τοῦ,
2260 1645 2420 1706 αὐτὸς
2450 1643 2515 1696 ἂν
2546 1643 2631 1712 εἴη
2660 1644 2687 1694 ό
2731 1642 2823 1694 καὶ
2852 1639 2938 1692 διὰ
2969 1639 3062 1691 τοῦ
3098 1637 3225 1690 Υἰοῦ
3252 1636 3327 1699 ὡς
3360 1636 3423 1689 δι’
3463 1636 3674 1699 εἰκόνος

2102 1736 2515 1807 γνωριζόμενος.
2546 1734 2635 1785 Διὸ
2670 1733 2762 1785 καὶ
2796 1736 2823 1785 ὁ
2857 1732 2980 1794 Υἱὸς
3010 1729 3162 1793 Θεὸς,
3194 1728 3281 1782 διὰ
3307 1728 3403 1799 τὴν
3438 1729 3492 1779 ὲν
3527 1726 3674 1797 αὐτῷ

2098 1829 2191 1882 τοῦ
2222 1828 2433 1899 [ἰατρὸς
2465 1828 2540 1890 ὡς
2567 1829 2622 1879 ἐν
2649 1826 2815 1879 εἰκόνι
2843 1825 3142 1895 μόρφωσιν.
3173 1824 3236 1873 Ὃ
3259 1820 3323 1892 δὴ
3344 1820 3674 1890 παρίστησιν

2098 1926 2126 1975 ὁ
2162 1922 2301 1986 Θείος
2340 1920 2678 1983 Ἀπόστολος,
2720 1918 2839 1971 τοτὲ
2874 1917 2975 1987 μὲν
3012 1915 3203 1983 λέγων,
3243 1912 3311 1978 ὃς
3357 1914 3426 1966 ἐν
3471 1910 3677 1981 μορφῇ

2101 2014 2249 2068 Θεοῦ
2276 2013 2579 2082 ὑπάρχων,
2622 2010 2742 2064 τοτὲ
2770 2010 2827 2062 δὲ
2858 2009 3017 2062 αὐτὸν
3061 2008 3239 2060 εἰκόνα
3266 2005 3359 2058 τοῦ
3390 2005 3525 2057 Θεοῦ
3555 2008 3673 2076 opt-

2100 2109 2339 2177 ζόμενος.
2393 2105 2600 2158 Οὐκοῦν
2657 2102 2793 2174 μετὰ
2841 2101 2949 2154 τῶν
2999 2098 3171 2152 ἄλλων
3218 2095 3525 2168 ὲπηγοριῶν
3579 2093 3677 2148 καὶ

2100 2200 2260 2253 εἰκὼν
2300 2198 2392 2251 τοῦ
2428 2196 2562 2249 Θεοῦ
2595 2196 2700 2266 πρὸ
2728 2194 2831 2264 τῆς
2874 2193 3139 2263 ἐνσὰρκου
3169 2189 3468 2260 παρουσίας
3490 2190 3518 2240 ὁ
3547 2186 3675 2249 Υἱὸς

2097 2290 2164 2365 ἦν
2188 2310 2246 2345 τε
2279 2292 2371 2345 καὶ
2395 2289 2724 2360 ὠνόμασται.
2756 2286 2914 2340 Ἀλλά
2946 2282 3118 2338 ταῦτα
3145 2283 3241 2354 μὲν
3270 2281 3377 2334 ἀπὸ
3406 2280 3504 2349 τῆς
3531 2281 3673 2332 Και-

2100 2386 2195 2455 νῆς
2235 2383 2523 2454 Διαθήκης,
2556 2380 2709 2448 ὀλίγα
2740 2379 2845 2432 ἀπὸ
2880 2376 3085 2449 μυρίων
3110 2378 3241 2446 ἡμῖν
3267 2373 3426 2442 λόγου
3460 2389 3672 2443 συμμε-

2107 2478 2263 2547 τρίας
2289 2476 2447 2547 χάριν
2478 2472 2759 2542 συνῆκται.

2173 2751 2266 2809 ις’.
2288 2743 2397 2795 Καὶ
2425 2744 2473 2794 οἰ
2502 2740 2668 2793 πάλαι
2699 2740 2795 2809 μὲν
2816 2739 3093 2809 γενόμενοι
3120 2736 3213 2789 τοῦ
3237 2736 3373 2789 Θεοῦ
3399 2736 3675 2807 προφῆται

2101 2839 2191 2890 τὸν
2225 2835 2385 2889 αὐτὸν
2420 2833 2529 2904 (14)
2562 2832 2837 2903 διαφόροις
2880 2830 3081 2900 ὲτίμων
3110 2828 3427 2897 Θεολογίαις.
3477 2829 3533 2880 Ὁ
3577 2829 3677 2897 μὲν

2104 2927 2210 2998 γὰρ
2241 2924 2504 2980 ἀπεκάλει
2536 2922 2697 2976 αὐτὸν
2750 2921 2964 2990 πνεῦμα
3000 2918 3093 2972 τοῦ
3123 2918 3281 2983 Θεοῦ,
3312 2919 3503 2987 λέγων,
3550 2918 3675 2982 Ἐξ-

432 3015 663 3081 Domini,
704 3016 917 3083 spiritus
941 3015 1210 3082 sapientia:
1238 3025 1285 3067 et
1326 3013 1677 3083 intelligentia:
1705 3016 1770 3080 ³³,
1795 3026 1849 3068 et
1878 3030 1995 3083 qua:

2101 3024 2402 3080 ελεύσεται
2418 3015 2638 3085 ῥάϐδος
2652 3016 2719 3068 ἐκ
2742 3014 2851 3083 τῆς
2864 3014 3029 3082 ῥίζης
3044 3013 3272 3068 Ἰεσσαί
3278 3030 3290 3042 ’
3307 3012 3401 3065 καί
3422 3010 3597 3077 ἄνθος
3608 3012 3677 3064 ἐκ

432 3116 752 3175 sequuntur.
800 3106 1088 3175 Perspicue
1110 3107 1376 3175 siquidem
1409 3106 1461 3160 in
1490 3106 1606 3161 istis
1630 3106 1996 3161 manifestavit

431 3213 552 3252 eum
581 3199 669 3265 qui
702 3197 767 3252 de
784 3199 988 3253 semine
1012 3198 1177 3253 David
1216 3197 1393 3252 fuerat
1427 3199 1720 3253 secundum
1755 3215 1991 3265 carnem,

434 3301 489 3342 et
524 3290 836 3345 inhabitans
870 3290 1031 3344 etiam
1071 3291 1123 3344 in
1164 3290 1254 3344 illo
1285 3290 1375 3344 Dei
1426 3290 1682 3344 Verbum.
1721 3290 1873 3346 Unde
1912 3293 1998 3346 di-

438 3382 593 3433 vinus
619 3378 907 3447 Apostolus
935 3395 1075 3435 nunc
1116 3380 1381 3450 loquitur,
1404 3379 1655 3436 Dominus
1688 3391 1863 3435 autem
1897 3384 1999 3451 spi-

434 3472 565 3524 ritus
593 3479 667 3523 est
700 3472 773 3533 ";
818 3486 961 3525 nunc
994 3471 1187 3525 iterum
1210 3512 1223 3534 ,
1275 3470 1509 3525 Christus
1544 3471 1637 3525 Dei
1674 3475 1925 3540 potentia,
1950 3486 1997 3526 et

432 3562 692 3629 sapientia
739 3561 831 3615 Dei
872 3563 937 3615 ’⁵.
992 3562 1147 3617 Alius
1194 3563 1414 3632 insuper
1464 3562 1723 3631 propheta
1770 3541 1888 3617 eum
1932 3566 1997 3617 ad

433 3651 681 3705 eumdem
722 3652 936 3706 modum
974 3652 1221 3721 spiritum
1273 3651 1533 3722 appellat,
1583 3653 1813 3721 Spiritus
1844 3654 1998 3723 faciei

432 3754 625 3797 nostra:
645 3742 885 3797 Christus
920 3742 1169 3796 Dominus
1203 3744 1266 3797 ".
1293 3743 1357 3796 Et
1394 3744 1447 3797 iu
1487 3742 1778 3812 Evangelio
1808 3744 1875 3798 de
1906 3760 1999 3797 eo-

430 3836 551 3888 dem
599 3835 957 3901 liquidissimo
1008 3834 1248 3888 dicitur:
1290 3832 1425 3888 Ecce
1482 3851 1611 3903 puer
1655 3852 1795 3888 meus
1846 3853 1996 3904 quem

433 3926 583 3996 elegi,
622 3927 841 3981 dilectus
883 3944 1027 3980 meus
1070 3928 1123 3980 in
1149 3943 1249 3996 quo
1296 3928 1419 3981 bene
1457 3928 1767 3994 complacuit
1807 3931 1997 3983 animo:

431 4033 579 4071 mem.
600 4016 806 4072 Ponam
835 4018 1077 4083 spiritum
1118 4034 1286 4071 meum
1312 4033 1467 4085 super
1499 4034 1636 4085 eum,
1655 4027 1703 4071 et
1728 4018 1996 4085 judicium

430 4110 667 4177 gentibus
704 4108 965 4161 nuntiabit
982 4110 1047 4163 ’⁷.

502 4289 590 4341 Π.
623 4288 772 4341 Alius
801 4304 961 4357 porro
998 4289 1255 4355 propheta
1285 4288 1451 4341 vitam
1487 4302 1609 4342 eum
1637 4300 1812 4348 vocat.
1838 4298 1885 4342 et
1911 4290 1994 4342 lu-

2098 3116 2206 3183 τῆς
2222 3109 2509 3181 ῥίζηςμὸ)
2528 3107 2913 3174 ἀναϐήσεται,
2934 3106 3033 3159 καὶ
3052 3105 3539 3159 ἐπαι·απαύσεται
3565 3104 3675 3173 (46)

2098 3208 2188 3261 ἐπ’
2231 3202 2417 3259 αὑτὸν
2445 3200 2683 3269 πνεῦμα
2712 3199 2815 3253 τοῦ
2849 3198 3017 3259 Θεοῦ,
3045 3196 3282 3266 πνεῦμα
3311 3196 3545 3264 σοφίας,
3576 3194 3677 3246 καί

2099 3296 2428 3357 συνέσεως,
2455 3292 2546 3344 καὶ
2576 3290 2644 3343 τὰ
2682 3290 2827 3360 ἑξῆς.
2857 3287 3054 3357 Σαφῶς
3082 3287 3192 3357 γὰρ
3224 3286 3312 3339 τὸν
3338 3288 3398 3338 ἐκ
3427 3285 3673 3354 σπέρμα-

2097 3406 2187 3451 τος
2234 3386 2416 3447 Δαὸὶδ,
2469 3381 2610 3436 κατὰ
2645 3382 2821 3453 σάρκα
2866 3381 2959 3432 καὶ
3001 3378 3090 3431 τὸν
3128 3378 3475 3445 ὲνοικήσαντα
3520 3374 3667 3443 αὐτῷ

2099 3482 2227 3533 Θεὸν
2252 3476 2544 3547 Λόγον,διὰ
2570 3474 2772 3527 τούτων
2801 3473 3009 3543 ἐδήλου.
3042 3472 3228 3524 Ἔνθεν
3256 3471 3283 3521 ὁ
3323 3467 3463 3528 θεῖος
3505 3466 3667 3518 Ἀπό-

2102 3571 2284 3634 στολος
2314 3569 2442 3622 ποτὲ
2480 3568 2577 3637 μὲν
2615 3566 2821 3633 ἔλεγεν
2880 3564 2933 3616 ’0
2974 3563 3042 3616 δὲ
3058 3564 3293 3630 Κύριος
3330 3560 3395 3613 τὸ
3436 3559 3670 3628 πνεῦμά

2098 3664 2285 3716 ἐστιν·
2345 3660 2473 3713 ποτὲ
2518 3658 2595 3722 δὲ,
2627 3656 2879 3726 Χριστὸς
2926 3656 3073 3709 Θεοῦ
3111 3654 3361 3722 δύναμις
3387 3651 3485 3705 καὶ
3526 3651 3671 3704 Θεοῦ

2099 3754 2303 3822 σοφία.
2327 3752 2437 3804 Καὶ
2457 3750 2640 3819 ἕτερος
2664 3747 2719 3800 δὲ
2748 3749 2946 3817 ὁμοίως
2968 3744 3184 3816 πνεῦμα
3206 3745 3367 3797 αὑτὸν
3392 3742 3672 3803 ἀποκαλεῖ,

2098 3845 2289 3912 λέγων,
2326 3842 2565 3911 Πνεῦμα
2596 3838 2916 3908 προσώπου
2947 3837 3117 3907 ἡμῶν
3146 3835 3399 3905 Χριστὸς
3440 3836 3671 3903 Κύριος.

2099 3935 2207 3987 Καὶ
2236 3937 2293 3987 ὲν
2319 3934 2396 4005 τῷ
2430 3932 2743 4002 Εὑαγγελίῳ
2774 3931 2828 3983 δὲ
2863 3931 2989 3999 περὶ
3027 3928 3189 3982 αὐτοῦ
3224 3928 3410 3996 σαφῶς
3441 3928 3670 3998 εἴρηταν

2113 4024 2267 4079 Ἰδοὺ
2300 4028 2332 4078 ὁ
2358 4025 2496 4091 παῖς
2512 4042 2651 4093 μου,
2699 4022 2771 4075 ὃν
2803 4020 3051 4089 ᾑρέτισα
3074 4038 3087 4050 ·
3137 4023 3171 4074 ὁ
3210 4020 3518 4089 ἀγαπητός
3556 4034 3673 4084 μου

2098 4118 2185 4181 εἰς
2210 4116 2280 4168 ὃν
2309 4114 2656 4183 ηὐδόκησεν
2676 4115 2714 4180 ἠ
2746 4110 2913 4181 ψυχή
2933 4128 3071 4181 μου.
3100 4109 3327 4163 Ἐδωκα
3352 4108 3418 4161 τὸ
3442 4105 3673 4174 πνεῦμά

2094 4225 2210 4273 μου
2243 4207 2335 4260 ἐπ’
2378 4206 2582 4272 αὐτὸν,
2616 4206 2816 4273 κρίσιν
2848 4203 2969 4267 τοῖς
2996 4202 3237 4255 ἔθνεσιν
3265 4201 3505 4265 ἐξοίσει.

2173 4298 2254 4360 ιζ’.
2292 4296 2591 4368 Προφητῶν
2615 4296 2670 4348 δὲ
2696 4295 2851 4358 ἄλλος
2901 4293 3045 4364 ζωὴν
3073 4292 3255 4355 αὑτὸν,
3280 4294 3373 4345 καὶ
3407 4290 3515 4360 φῶς
3544 4289 3672 4343 ove.

429 4393 571 4444 cem,
602 4379 689 4433 ubi
727 4378 893 4433 Deum
942 4380 1021 4433 sic
1048 4378 1338 4447 alloquitur
1368 4379 1647 4447 inquiens,
1676 4380 1828 4447 Apud
1852 4389 1901 4432 te
1922 4391 1995 4434 est

2106 4389 2241 4458 μαζε
2273 4388 2406 4459 (47),
2436 4390 2491 4439 ἐν
2537 4386 2615 4456 τῷ
2668 4385 3004 4457 προσφωνεῖν
3040 4382 3117 4453 τῷ
3149 4381 3286 4453 Θεῷ,
3333 4384 3424 4436 καί
3474 4382 3671 4449 λέγειν,

429 4470 547 4539 fons
571 4471 712 4535 vita’,
751 4478 799 4523 et
828 4470 879 4521 in
918 4469 1116 4521 lumine
1151 4479 1241 4520 tuo
1282 4468 1567 4520 videbimus
1593 4466 1769 4520 lumen
1786 4467 1996 4533 ".Qui-

430 4580 551 4617 nam
583 4572 699 4617 erat
730 4562 815 4615 ille
836 4562 960 4615 vitae
1006 4561 1125 4613 fons
1158 4560 1297 4629 apud
1344 4560 1554 4613 Deum?
1602 4558 1723 4627 quis
1770 4559 1946 4613 lumen
1970 4560 1995 4610 ?

430 4646 599 4725 ipsius
632 4670 844 4723 nempe,
869 4655 959 4722 qui
988 4653 1041 4707 in
1082 4652 1372 4723 Evangelio
1404 4651 1559 4715 dixit,
1587 4650 1698 4719 Ego
1736 4667 1850 4703 sum
1900 4651 1994 4704 tua:

430 4748 612 4800 mundi
636 4748 680 4778 ”
707 4762 721 4812 ;
750 4756 825 4811 et,
854 4744 963 4813 Ego
994 4760 1107 4796 sum
1130 4746 1211 4796 via
1238 4753 1285 4795 et
1309 4744 1515 4803 veritas,
1549 4752 1597 4793 et
1632 4741 1736 4793 vita
1761 4740 1825 4791 ³⁰.
1856 4742 1991 4806 Quo-

503 4916 560 4973 )14
595 4911 689 4963 Ed.
729 4910 903 4964 Paris.
934 4926 1053 4980 pag.
1091 4909 1179 4980 97.

503 4981 668 5035 "Isa.
714 4981 869 5044 n.1,
907 4980 962 5033 2.
1010 4977 1026 4980 ⁷
1060 4980 1103 5010 ’³
1132 4977 1173 5031 ll
1198 4977 1324 5031 Cor.
1359 4993 1440 5037 ιιι.
1473 4979 1555 5031 l7.

430 5066 596 5117 xxxv,
638 5052 723 5104 10.
799 5052 842 5081 ²⁹
869 5048 1024 5104 Joan.
1058 5066 1173 5111 vm,
1203 5048 1300 5113 1‘3;
1338 5062 1414 5110 Ix,
1451 5050 1503 5103 5.

503 5256 613 5322 (ἰῖ)
636 5256 803 5325 Vulgo
835 5256 991 5308 τοῦτο

503 5328 612 5395 (42.)
658 5322 811 5393 Πρὸς
871 5326 935 5378 τὸ
992 5324 1076 5394 μὴ
1132 5322 1519 5395 καταγυτάσαι.
1568 5324 1997 5395 Apostolusiull

433 5397 555 5447 (lor.
586 5412 657 5459 IV,
684 5398 735 5454 5.
772 5398 923 5450 habet
952 5416 962 5448 :
991 5398 1086 5459 Εἰς
1136 5395 1195 5445 τὸ
1221 5394 1305 5462 μὴ
1356 5396 1613 5462 αὐγάσαι
1660 5394 1862 5460 αὐτοῖς
1893 5396 1998 5448 τὸν

432 5468 736 5534 φωτισμὸν
769 5467 885 5519 τῶν
914 5469 1094 5533 Ebur.
1127 5463 1234 5532 τῆς
1273 5464 1456 5531 δόξης
1494 5465 1599 5517 τοῦ
1626 5464 1902 5531 Χριστοῦ,
1944 5477 1997 5520 et

434 5546 551 5604 post
581 5536 735 5605 Θεοῦ,
771 5538 1005 5596 additur,
1040 5536 1290 5603 ἀοράτου.
1319 5534 1385 5587 Μ.
1424 5567 1491 5577 --
1514 5534 1630 5589 Mox
1664 5536 1819 5605 \ulgo
1850 5535 1877 5585 ὁ
1907 5535 1995 5587 διὰ

432 5605 522 5665 τοῦ
550 5615 603 5660 et
626 5604 711 5657 ὅδε
735 5622 863 5674 παρ.

503 5678 553 5745 καί
571 5677 613 5748 ι)
637 5678 942 5744 Amylime
981 5694 1050 5729 σε
1077 5679 1271 5745 τίμιον.
1308 5675 1601 5744 lleprnvatc
1634 5696 1643 5731 π
1682 5676 1772 5731 scd
1821 5674 1992 5731 facilis

2101 4485 2199 4535 ὅτι·
2224 4482 2386 4548 Παρὰ
2402 4481 2499 4533 σοὶ
2531 4478 2690 4547 πηγὴ
2722 4476 2889 4545 ζωῆς,
2907 4477 2975 4527 ἐν
3001 4474 3080 4540 τῷ
3096 4477 3242 4544 φωτί
3267 4492 3382 4527 σου
3411 4476 3674 4542 ὀψόμεθα

2102 4572 2245 4641 φῶς.
2277 4573 2372 4635 Τίς
2404 4571 2510 4642 γὰρ
2538 4567 2605 4641 ἦν
2641 4572 2674 4641 ὴ
2728 4568 2876 4637 παρὰ
2905 4568 2981 4637 τῷ
3024 4567 3143 4637 Θεῷ
3181 4566 3330 4638 πηγὴ
3362 4568 3460 4637 τῆς
3508 4566 3671 4635 ζωῆς,

2100 4660 2189 4711 καὶ
2218 4658 2277 4711 τό
2332 4659 2465 4726 φῶς,
2498 4658 2530 4728 ἢ
2570 4658 2729 4720 αὐτὸς
2762 4658 2790 4708 ὀ
2824 4660 2879 4709 ὲν
2913 4656 3261 4724 Εὐαγγελίοις
3308 4655 3495 4717 εἰπὼν,
3536 4654 3676 4724 Ἐγώ

2096 4748 2295 4816 suum)
2317 4748 2440 4817 φῶς
2484 4749 2590 4803 τοῦ
2637 4748 2897 4815 κόσμου·
2945 4748 3055 4800 καί·
3100 4747 3245 4817 Ἐγώ
3281 4748 3396 4815 εἰμι
3446 4748 3483 4813 ὴ
3518 4746 3674 4813 ὁδὸς

1654 4981 1698 5010 ⁸⁸
1733 4979 1747 5031 l
1781 4980 1906 5033 Cor.
1935 4997 1970 5045 ι,

2101 5027 2102 5034 η
2180 4984 2442 5037 "Thren.
2484 4999 2569 5047 Iv,
2619 4984 2709 5043 20.
2785 4983 2827 5015 ’⁷
2860 4982 3047 5038 Matth.
3103 4996 3216 5044 xu,
3273 4976 3360 5031 18.
3446 4975 3490 5006 ’⁸
3521 4972 3665 5027 Psnl.

1583 5050 1625 5080 ³⁰
1663 5049 1818 5105 Juau.
1848 5068 1953 5117 xw,
1995 5053 2047 5110 6.

2105 5259 2391 5321 correctio,
2427 5259 2645 5327 ἐτίμων.
2682 5256 2753 5309 Μ.

2176 5330 2287 5398 (45)
2318 5328 2477 5391 Vulgo
2508 5326 2604 5397 τῆς
2708 5326 2892 5380 αὑτοῦ.

2174 5389 2284 5467 (46)
2338 5389 2853 5451 Ἐἐταναὲταύσεται
2880 5397 2973 5449 ἐπ’
3003 5395 3205 5467 cruror.
3251 5389 3667 5467 Aptitlpt‘OP-DP-

2107 5462 2209 5523 tam
2267 5462 2479 5534 legitur,
2530 5469 2935 5521 ἀναπαύσεται
2989 5465 3080 5517 ἐπ’
3110 5462 3661 5534 αὑτούᾳΜε-Μοι

2102 5540 2259 5605 vulgo
2289 5531 2444 5606 λόγον
2470 5538 2602 5590 Θεὸν
2632 5549 2684 5590 et
2713 5536 2898 5589 ἄλλοτε
2932 5535 3003 5606 δὲλ
3023 5553 3111 5606 χρ.
3144 5547 3191 5587 et
3217 5531 3488 5606 ὲπῖἀύτῴ.

2172 5600 2278 5679 (ῘΠ)
2310 5600 2471 5677 vulgo
2499 5609 2745 5678 ὠνόμασε
2778 5617 2824 5661 ct
2855 5608 2911 5657 ἐν
2940 5600 3362 5675 τῷῗύαγγεὶλω
3394 5600 3577 5655 εἰπών.
