4086 6202
508 252 606 307 89!

1174 252 1441 309 EUSEBII
1480 254 1944 313 CASSARIENSIS
1980 259 2130 315 OPP.
2171 259 2347 313 PARS
2382 258 2467 314 IV.
2507 290 2575 300 —
2614 258 3031 315 DOGMATICA.

3644 264 3747 317 892

579 368 649 421 23
680 375 733 420 et
762 367 852 420 24.
888 365 994 421 Sed
1024 375 1078 420 et
1119 366 1318 434 lignum
1363 370 1492 423 vita:
1522 369 1669 425 illum
1694 371 1969 436 Salomon,
2022 383 2069 427 el

2247 370 2352 439 κγ’,
2384 371 2479 423 κδ’.
2528 370 2686 423 Ἀλλὰ
2717 371 2810 424 καὶ
2841 370 2996 436 ξύλον
3024 369 3191 439 ζωῆς,
3224 372 3316 424 καὶ
3351 371 3553 442 Κύριον
3580 374 3747 427 αὐτὸν

513 457 796 510 Dominum
846 455 1133 525 appellavit
1183 474 1197 509 :
1257 459 1345 512 ubi
1400 461 1478 514 ait
1508 477 1523 514 :
1555 459 1777 530 Lignum
1808 466 1926 517 vitta
1956 475 2068 529 est,

511 549 750 602 omnibus
784 550 872 617 qui
905 549 1301 614 apprehendunt
1328 551 1499 618 ipsum
1520 591 1536 615 ,
1567 563 1619 606 et
1652 563 1797 608 tutus
1844 556 1944 609 erit
1983 557 2073 621 qui

510 640 563 692 in
588 655 722 701 eam,
750 638 908 691 veluti
939 640 994 691 in
1018 637 1297 693 Dominum
1322 643 1565 698 innititur
1586 645 1650 700 “.

581 728 673 782 25.
709 725 813 781 Sed
845 738 899 781 et
930 729 1236 785 Salomonis
1265 741 1421 799 pater
1456 734 1621 789 David
1654 738 1706 790 in
1736 737 1985 803 Psalmis,
2017 750 2073 794 et

512 819 796 872 Dominum
848 819 1006 873 simul
1060 832 1214 875 vocat
1263 835 1314 878 et
1363 829 1751 883 sacerdotem:
1796 847 1942 887 nunc
1991 834 2071 886 in-

510 909 703 977 quiens
728 928 741 967 :
775 910 921 965 Dixit
949 911 1209 968 Dominus
1253 914 1477 972 Domino
1508 936 1619 973 meo
1638 961 1653 984 ,
1678 922 1799 976 sede
1820 940 1851 977 a
1875 924 2069 979 dextris

508 1001 732 1068 meis“;
760 1017 902 1056 nunc
934 1004 1095 1057 etiam
1128 1004 1374 1061 :Juravit
1400 1008 1653 1064 Dominus
1698 1030 1858 1082 neque
1896 1017 2073 1084 resipi-

509 1102 637 1157 scat,
674 1092 753 1146 Tu
787 1111 838 1147 es
866 1093 1126 1151 Sacerdos
1151 1099 1205 1150 in
1229 1110 1499 1167 (uernum,
1529 1104 1816 1157 secundum
1838 1107 2071 1161 ordinem

511 1184 891 1239 Melchisedech
922 1186 987 1240 "‘.

582 1274 670 1330 26.
702 1277 804 1331 Sed
836 1288 892 1331 et
922 1278 1085 1332 Deum
1138 1279 1280 1333 hunc
1314 1284 1553 1350 agnoscit
1587 1293 1642 1338 et
1684 1285 1968 1354 profitetur
1989 1288 2070 1343 in-

511 1368 705 1435 quiens
732 1385 744 1421 :
773 1369 937 1422 Sedes
969 1379 1061 1422 tua
1101 1368 1265 1432 Deus,
1305 1372 1361 1424 in
1390 1374 1640 1428 siccatum
1665 1378 1847 1431 steculi
1877 1395 1895 1432 :
1925 1380 2070 1449 virga

512 1459 816 1513 directionis
844 1463 987 1530 virga
1012 1466 1155 1532 regni
1184 1464 1284 1517 tui.
1313 1463 1554 1518 Dilezisti
1588 1468 1852 1535 justitiam
1882 1482 1931 1525 et
1954 1473 2071 1525 odi-

510 1547 579 1599 sti
606 1548 975 1617 iniquitatem;
1002 1565 1273 1620 prapterea
1300 1557 1448 1607 unxit
1479 1565 1527 1609 te
1564 1556 1729 1621 Deus,
1756 1559 1899 1614 Deus
1926 1572 2069 1626 tuus,

513 1638 627 1692 oleo
656 1639 855 1694 lwtitiw
871 1659 981 1710 pra:
1012 1646 1335 1699 consortibus
1357 1648 1460 1701 tuis
1484 1648 1550 1701 “.
1581 1650 1719 1705 Deus
1751 1654 1839 1721 qui
1866 1655 1916 1708 in
1951 1656 2070 1710 iSIis

514 1748 541 1783 a
575 1731 684 1786 Deo
710 1773 725 1797 ,
766 1745 958 1789 unctus
986 1737 1199 1802 dicitur,
1231 1739 1476 1806 quisnam
1532 1743 1672 1797 alius
1699 1755 1859 1811 esset,
1905 1765 2066 1816 quam

513 1823 602 1890 qui
635 1836 853 1895 propter
880 1829 1189 1883 unctionem
1220 1832 1360 1886 hanc
1387 1841 1692 1903 paternam,
1718 1837 1963 1896 Christus
1985 1856 2072 1897 vo-

513 1925 686 1971 catur.

586 2102 647 2159 ›Ῑ‹
696 2098 785 2150 27.
826 2100 953 2153 Erat
1013 2102 1150 2155 idem
1204 2104 1308 2157 iste
1356 2114 1410 2157 et
1468 2105 1702 2162 Dilectus
1747 2107 1884 2163 Dei:
1931 2111 2070 2180 quod

512 2185 715 2240 Psalmi
745 2188 885 2243 illius
910 2190 1189 2260 inscriptio
1210 2194 1385 2260 docet,
1413 2194 1524 2252 Ode
1549 2215 1706 2267 super
1720 2199 1980 2256 Dilectum
2003 2203 2069 2258 ".

578 2363 667 2419 28.
702 2366 866 2422 lsaias
892 2376 1068 2424 autem
1127 2369 1301 2441 ipsum
1343 2372 1576 2441 appellat
1621 2373 1939 2432 brachium:
1973 2375 2075 2433 R3-

512 2456 719 2521 uetabit,
755 2456 1025 2526 inquiens,
1052 2458 1313 2515 Dominus
1344 2464 1619 2516 brachium
1647 2474 1886 2519 sanctum
1918 2482 2070 2520 suum

510 2546 567 2598 in
596 2558 868 2615 conspectu
896 2552 1166 2605 nationum
1196 2552 1261 2607 ιθ.
1283 2551 1450 2609 David
1470 2556 1533 2610 ad
1555 2560 1804 2613 eumdem
1829 2560 2070 2623 modum,

505 2636 771 2701 justitiam
798 2648 853 2696 et
899 2641 1128 2698 salutem
1160 2647 1378 2715 agnovit
1427 2647 1598 2715 illum,
1633 2649 1883 2717 inquiens
1918 2670 1931 2705 :
1969 2651 2070 2705 Re-

511 2729 697 2783 velavit
732 2730 986 2787 Dominus
1015 2735 1246 2790 salutare
1272 2753 1445 2801 suum,
1478 2738 1532 2791 in
1574 2750 1848 2812 conspectu
1905 2744 2072 2798 natio-

512 2843 657 2892 num,
684 2829 924 2883 revelavit
944 2832 1211 2900 justitiam
1239 2852 1387 2889 suam
1414 2837 1483 2888 δ”.

580 2918 672 2972 29-
708 2918 774 2973 Et
794 2921 1026 2976 iterum:
1061 2923 1379 2978 Annuntiate
1408 2928 1545 2981 diem
1586 2929 1648 2982 de
1701 2930 1786 2983 die
1838 2930 2070 2986 salutare

510 3008 625 3075 ejus
678 3006 746 3062 ⁸⁸.
776 3009 841 3063 Et
871 3009 1065 3065 iterum
1102 3027 1117 3065 :
1170 3012 1300 3077 Quis
1347 3015 1494 3068 dabit
1550 3020 1613 3070 de
1654 3018 1784 3074 Sion
1837 3022 2070 3077 salutare

512 3097 687 3152 Israel
706 3098 788 3152 “2’
815 3100 900 3164 Et,
939 3099 1165 3157 Ostende
1185 3105 1356 3169 nobis,
1387 3106 1623 3173 Domine,
1652 3111 1883 3166 salutare
1899 3122 2069 3178 tuum,

511 3189 929 3243 misericordiam
962 3201 1106 3245 tuam
1139 3193 1226 3247 des
1268 3195 1413 3249 nobis
1441 3197 1506 3251 '°.
1552 3197 1686 3265 Quid
1722 3214 1857 3269 opus
1884 3215 1987 3266 est,
2016 3211 2073 3256 ut

514 3278 617 3331 ista
656 3279 745 3333 hic
772 3282 1021 3350 colligam
1054 3285 1367 3353 sigillatim?
1400 3303 1520 3343 cum
1565 3291 1737 3346 cuivis
1766 3291 1925 3347 liceat
1959 3305 2073 3349 stu-

513 3368 666 3422 dioso
690 3369 757 3423 de
778 3368 1056 3440 Scriptura
1080 3373 1336 3428 divinitus
1359 3376 1617 3446 inspirata
1646 3380 1945 3436 istiusmodi
1973 3398 2074 3437 un-

513 3458 785 3528 dicunque
820 3462 1097 3533 colligere.
1130 3463 1339 3535 Ubique
1373 3482 1502 3522 vero
1543 3468 1943 3540 Scripturarum
1974 3488 2072 3543 ap-

512 3561 688 3619 paret,
712 3552 857 3607 viros
881 3555 975 3609 Dei
1008 3557 1192 3613 divino
1220 3558 1424 3628 Spiritu
1462 3560 1777 3628 illustratos,
1805 3564 2070 3635 unigeniti

512 3642 607 3696 Dei
640 3643 762 3699 Filii
797 3647 1155 3717 cOgnitionem
1190 3653 1606 3709 inenarrabilem
1651 3654 2027 3713 manifestasse
2052 3698 2068 3723 ,

512 3729 638 3786 licet
662 3748 768 3788 non
799 3734 941 3791 ultra
1000 3740 1255 3808 populum
1304 3740 1637 3797 Iudaeorum.
1687 3736 1948 3810 Quocirca
1990 3748 2073 3803 di-

515 3823 823 3881 versimode
851 3832 1271 3885 enuntiaverunt
1297 3833 1445 3886 illum
1476 3834 1710 3888 obtectis
1747 3836 2068 3904 quibusdam

512 3916 953 3972 nomenclaturis.
993 3919 1185 3976 Gratia
1234 3924 1377 3976 enim
1428 3924 1518 3977 illa
1553 3925 1977 3994 praedicationis,
2014 3930 2070 3984 in

510 4007 683 4076 ipsius
716 4011 1060 4078 praesentiam
1085 4021 1139 4068 et
1165 4013 1452 4069 adventum
1476 4016 1885 4073 reservabatur:
1910 4035 2069 4090 quam

510 4099 580 4155 de
608 4101 776 4170 ipsius
808 4102 1111 4168 divinitate,
1142 4120 1239 4175 per
1277 4108 1584 4163 universum
1613 4125 1755 4165 nunc
1802 4119 2070 4167 terrarum

509 4194 721 4256 orbem,
746 4192 911 4246 veluti
962 4196 1231 4264 quoddam
1269 4198 1397 4254 olim
1434 4200 1809 4253 absconditum
1873 4210 2075 4273 myste-

512 4282 651 4336 rium
681 4291 733 4338 et
764 4284 977 4341 silentio
1010 4288 1333 4353 involutum,
1368 4289 1608 4346 Ecclesia
1659 4293 2067 4360 proseminavit.

2172 460 2425 532 Σολομὼν
2477 462 2739 515 ἀπεκάλει
2777 460 2966 529 λέγων’
3009 461 3209 514 Ξύλον
3236 458 3385 529 ζωῆς
3423 461 3554 514 ἐστι
3591 462 3757 517 πᾶσι

2170 553 2294 619 τοῖς
2325 551 2742 622 ἀντεχομένοις
2759 551 2964 620 αὐτῆς,
2999 552 3097 605 καὶ
3121 550 3244 617 τοῖς
3260 552 3755 638 ρπερειδομένοις

2170 644 2262 696 ἐπ’
2278 644 2494 711 αὐτὴν,
2513 644 2593 709 ὡς
2619 642 2716 696 ἐπὶ
2729 644 2965 711 Κύριον,
2979 642 3284 711 ἀσφαλής.

2239 745 2335 791 κε’.
2358 739 2467 791 Kal
2498 738 2528 791 ό
2556 739 2650 792 τοῦ
2685 739 3027 810 Σολομῶντος
3046 739 3102 792 δὲ
3122 744 3302 812 πατὴρ
3324 742 3489 796 Δαὸὶδ
3514 745 3572 796 ὲν
3598 744 3753 797 Ψαλ-

2174 834 2293 901 μοῖς
2328 831 2463 902 ὁμοῦ
2502 834 2596 884 καὶ
2649 832 2852 903 Κύριον
2892 835 3025 903 ὁμοῦ
3076 835 3169 887 καὶ
3223 834 3375 904 ἱερέα
3412 836 3573 889 αὑτὸν
3627 838 3747 899 (52,

2169 921 2436 993 ὠνόμαςεο
2465 924 2585 976 τοτὲ
2611 924 2709 994 μὲν
2729 923 2921 992 λέγων·
2952 925 3137 979 Εἶπεν
3164 930 3197 980 ὁ
3222 927 3433 994 Κύριος
3448 927 3528 993 τῷ
3550 931 3752 997 Κυρίῳ

2164 1032 2302 1082 μου·
2327 1014 2521 1068 Κάθου
2549 1015 2617 1068 ἐκ
2639 1015 2852 1079 δεξιῶν
2860 1034 2999 1085 μου·
3018 1018 3139 1069 τοτὲ
3163 1018 3217 1070 δὲ
3248 1020 3491 1085 φάσκων
3517 1023 3750 1089 Ὠμοσε

2170 1107 2400 1174 Κύριος,
2437 1107 2533 1161 καὶ
2586 1109 2659 1161 οὐ
2697 1107 3270 1177 μεταμεληθήσεταιο
3306 1110 3390 1164 Σὺ
3427 1112 3619 1180 ἱερεὺς
3656 1115 3750 1180 εἰς

2171 1198 2277 1249 τὸν
2299 1196 2503 1263 αἰῶνα,
2537 1197 2686 1251 κατὰ
2733 1198 2850 1266 τὴν
2876 1198 3048 1262 τάξιν
3068 1201 3456 1269 Μελχισεδέκ.

2239 1294 2351 1351 κς·’.
2401 1288 2513 1341 Kal
2559 1288 2691 1342 Θεὸν
2717 1289 2774 1342 δὲ
2817 1290 2981 1345 αὐτὸν
3028 1286 3165 1344 οἶδεν
3190 1291 3469 1361 ὁμολογεῖν
3494 1294 3521 1345 ὁ
3553 1292 3742 1357 αὐτὸς,

2172 1378 2413 1447 φάσκων·
2461 1380 2514 1431 '0
2543 1381 2755 1447 θρόνος
2787 1396 2925 1444 σου,
2958 1384 2991 1436 ό
3012 1381 3173 1447 Θεὸς,
3195 1385 3281 1447 εὶς
3296 1381 3404 1435 τὰν
3431 1380 3612 1435 αἰῶνα
3635 1382 3746 1435 τοῦ

2169 1470 2400 1552 αἰῶνος,
2417 1470 2637 1539 ῥάϐδος
2652 1473 2976 1539 εὐθύτητος
2997 1473 3035 1540 ἡ
3057 1472 3278 1541 ῥάϐδος
3300 1472 3409 1541 τῆς
3420 1474 3746 1538 ,βασιλείας

2170 1575 2303 1612 σου.
2346 1557 2681 1628 Ἠγάπησας
2703 1558 3114 1630 δικαιοσύνην,
3154 1561 3250 1615 καὶ
3275 1561 3573 1631 ἐμίσησας
3602 1563 3745 1615 ἀνο-

2166 1651 2332 1719 μίαν·
2358 1650 2458 1704 διὰ
2504 1651 2680 1706 τοῦτο
2732 1651 2941 1720 ἐχρισέ
2983 1668 3058 1707 σε
3111 1656 3144 1707 ὁ
3175 1652 3340 1719 Θεὸς,
3383 1657 3415 1706 ό
3443 1654 3585 1717 Θεός
3621 1669 3743 1705 σου

2103 1711 2147 1766 Β
2166 1711 2377 1795 ἔλαιον
2413 1711 2826 1811 ἀγαλλιάσεᾶ
2876 1742 3035 1811 παρὰ
3066 1744 3209 1810 τοὺς
3256 1711 3576 1814 μεσόχουςί
3599 1758 3739 1796 σου.

2170 1832 2300 1895 Θεὸς
2325 1831 2433 1900 γὰρ
2466 1833 2525 1885 ἐν
2576 1831 2787 1894 τούτοις
2815 1832 3098 1902 χριόμενος
3125 1833 3228 1887 ὑπὸ
3249 1833 3343 1887 τοῦ
3382 1832 3517 1887 Θεοῦ
3556 1831 3643 1895 τίς
3674 1832 3747 1884 ἄν

2171 1924 2355 1994 ἕτερος
2383 1925 2465 1995 εἴη
2494 1924 2525 1994 ἢ
2552 1924 2731 1987 αὐτὸς,
2757 1926 2784 1976 ό
2805 1923 2891 1977 διὰ
2920 1925 2980 1978 τὸ
3004 1927 3208 1997 χρίσμα
3228 1928 3287 1980 τὸ
3329 1925 3591 1997 πατρικὸν
3614 1925 3745 1993 Χρι-

2173 2014 2295 2075 στὸς
2317 2014 2772 2084 ἀνηγορευμένος.

2242 2104 2343 2170 κζ’·
2380 2106 2439 2159 Ὀ
2460 2105 2503 2158 δ’
2534 2106 2695 2167 αὐτὸς
2730 2100 2883 2168 οὗτος
2909 2105 3001 2157 καὶ
3045 2102 3348 2170 Ἀγαπητὸς
3384 2096 3451 2170 ἦν
3470 2102 3563 2155 τοῦ
3579 2101 3743 2156 Θεοῦο

2169 2197 2197 2248 ὃ
2226 2196 2288 2267 δὴ
2322 2197 2647 2268 παρίστησιν
2677 2197 2790 2267 (55)
2822 2199 2854 2267 ἡ
2902 2196 2992 2249 τοῦ
3026 2193 3254 2264 Ψαλμοῦ
3307 2194 3599 2265 προγραφὴ
3644 2212 3749 2247 πε-

2176 2287 2447 2357 ριέχουσα,
2477 2287 2614 2357 ’ῼδὴ
2645 2288 2796 2355 ὑπὲρ
2813 2287 2917 2341 τοῦ
2943 2286 3288 2355 Ἃγαπητοῦ.

2242 2387 2348 2449 κη’.
2408 2380 2631 2442 Ἡσαΐας
2665 2379 2721 2431 δὲ
2767 2378 3023 2450 βραχίονα
3057 2378 3217 2431 αὐτὸν
3253 2379 3513 2432 ἀπεκάλει
3545 2378 3741 2447 λέγων’

2184 2473 2587 2539 Ἀποκαλύψει
2614 2472 2827 2537 Κύριος
2851 2471 2957 2523 τὸν
2971 2469 3272 2539 βραχίονα
3296 2469 3405 2523 τὸν
3440 2470 3610 2539 ἅγιον
3636 2476 3745 2526 αὐ-

2173 2560 2277 2615 τοῦ
2318 2559 2572 2614 ἐνώπιον
2626 2559 2866 2614 πάντων
2889 2558 3097 2613 ἐθνῶν.
3152 2561 3260 2613 Kal
3303 2558 3466 2613 Aa6l6
3504 2559 3635 2629 ὁμοῦ
3667 2561 3745 2612 δι-

2172 2652 2459 2722 καιοσύνην
2500 2653 2595 2708 καὶ
2624 2652 2893 2723 σωτηρίαν
2926 2651 3086 2706 αὐτὸν
3117 2652 3396 2721 ἠπίστατο·
3428 2651 3508 2704 διὸ
3537 2651 3740 2719 ἔλεγεν·

2184 2744 2495 2815 Ἐγνώρισε
2545 2745 2760 2812 Κύριος
2808 2743 2875 2796 τὸ
2926 2742 3218 2811 σωτήριον
3265 2742 3449 2797 αὐτοῦ
3492 2742 3749 2797 ἐνώπιον

2172 2830 2290 2885 τῶν
2315 2828 2522 2886 ἐθνῶν·
2568 2827 2922 2896 ἀπεκάλυψε
2968 2827 3083 2894 τὴν
3119 2827 3515 2895 δικαιοσύνην
3536 2827 3742 2881 αὑτοῦ.

2242 2924 2344 2979 κθ¹.
2378 2924 2486 2976 Kal
2524 2922 2702 2977 πάλιν·
2739 2920 3203 2990 Εὑαγ-τελίζεσθε
3244 2920 3473 2989 ἡμέραν
3509 2920 3579 2985 ἐξ
3605 2921 3748 2989 ὴμέ-

2163 3034 2279 3085 ρας
2310 3015 2376 3070 τὸ
2401 3015 2694 3084 σωτήριον
2716 3013 2922 3068 αὐτοῦ’
2971 3013 3080 3065 Kal
3112 3007 3287 3076 αὖθις
3328 3013 3424 3078 Τίς
3452 3011 3629 3067 δώσει
3676 3014 3747 3066 ἐκ

2175 3108 2327 3164 Σιὼν
2352 3108 2419 3162 τὸ
2451 3107 2743 3175 σωτήριον
2768 3104 2875 3161 τοῦ
2904 3102 3171 3173 Ἰσραήλ;
3202 3105 3321 3160 καί’
3356 3102 3562 3172 Δεῖξον
3581 3104 3745 3176 ἡμῖν,

2172 3201 2367 3267 Κύριε,
2402 3198 2468 3252 τὸ
2504 3198 2676 3264 ἔλεός
2701 3211 2838 3261 σου,
2870 3197 2967 3250 καὶ
3005 3196 3074 3249 τὸ
3107 3194 3403 3264 σωτήριόν
3430 3212 3544 3250 σου
3588 3195 3747 3262 eom-

2172 3291 2335 3361 ἡμῖν.
2360 3291 2471 3344 Kal
2496 3291 2550 3343 τί
2581 3307 2647 3361 με
2664 3290 2746 3344 δεῖ
2770 3288 2891 3343 καθ’
2912 3290 3139 3343 ἕκαστον
3179 3286 3561 3355 ἀναλέγεσθαις
3594 3304 3740 3356 παρ-

2170 3382 2230 3436 ὸν
2298 3381 2374 3453 τῷ
2407 3380 2697 3452 φιλομαθεῖ
2735 3379 2805 3434 τὰ
2856 3377 3081 3434 τοιαῦτα
3124 3379 3373 3447 συνάγειν
3400 3376 3475 3442 ’ἐξ
3520 3377 3740 3445 ἁπάσης

2171 3473 2270 3544 τῆς
2319 3472 2670 3526 θεοπνεύστου
2727 3471 2967 3541 Γραφῆς·
3014 3471 3081 3523 δι’
3112 3466 3180 3542 ἧς
3232 3470 3502 3538 φαίνονται
3549 3469 3596 3519 οἱ
3638 3466 3736 3518 τοῦ

2172 3566 2304 3621 Θεοῦ
2336 3565 2607 3635 ἄνθρωποι
2642 3562 2720 3634 τῷ
2747 3562 2873 3630 θείῳ
2903 3562 3179 3633 Πνεύματι
3221 3558 3593 3630 φωτισθέντες,
3640 3557 3738 3626 τὴν

2170 3658 2264 3711 τοῦ
2293 3654 2627 3724 Μονογενοῦς
2649 3654 2781 3707 Υίοῦ
2810 3653 2903 3707 τοῦ
2933 3653 3069 3707 Θεοῦ
3092 3653 3290 3720 γνῶσιν
3319 3652 3625 3723 ἀπόρρητον
3652 3646 3742 3702 οὗ·

2174 3766 2271 3802 σαν
2300 3748 2440 3810 τότε,
2494 3748 2586 3801 καὶ
2635 3746 2703 3799 τὰ
2752 3744 2931 3817 πλήθη
2976 3744 3443 3814 διαλαμϐάνουσαν
3489 3742 3598 3812 (54)
3650 3740 3745 3794 τοῦ

2184 3840 2451 3893 Ἰουδαίων
2484 3838 2635 3891 λαοῦ.
2670 3837 2761 3890 Διὸ
2806 3838 2899 3890 ual
2947 3836 3216 3908 διαφόρως
3247 3835 3407 3888 αὑτὸν
3448 3831 3747 3902 ἐξεφώνούν

2171 3930 2607 4000 κεκαλυμμέναις
2636 3931 2757 3993 ταῖς
2784 3927 3123 3997 ὲπηγορίαις.
3155 3926 3513 3996 Ἑφυλάττετο
3542 3923 3650 3995 γὰρ
3676 3926 3744 3993 τῇ

2171 4022 2335 4075 αὐτοῦ
2377 4022 2650 4092 παρουσία
2682 4022 2716 4091 ὴ
2758 4017 2912 4090 χάρις
2937 4018 3031 4072 τοῦ
3066 4018 3423 4089 κηρύγματος
3472 4014 3569 4078 τῆς
3616 4015 3748 4083 περὶ

2171 4113 2333 4167 αὐτοῦ
2368 4113 2663 4182 θεολογίας,
2694 4114 2759 4183 ἢν
2796 4112 2917 4167 καθ’
2945 4110 3072 4182 ὅλης
3102 4110 3201 4179 τῆς
3228 4106 3551 4178 οἰκουμένης
3576 4106 3608 4175 ἡ
3644 4106 3745 4156 αὑ-

2172 4207 2264 4261 τοῦ
2304 4206 2616 4276 Ἐκκλησία,
2652 4206 2839 4277 ὥσπερ
2860 4222 2911 4257 τι
2944 4204 3109 4258 πάλαι
3148 4202 3377 4272 κρύφιον
3407 4200 3498 4252 καὶ
3520 4212 3743 4266 σεσιγη-

2176 4300 2331 4371 μένον
2362 4300 2654 4370 μυστήριον
2685 4295 3091 4369 παραλαϐοῦσα,
3128 4293 3465 4365 σεμνύνεται.

580 4373 671 4429 50.
704 4375 818 4430 lloc
845 4377 1017 4445 ipsum
1043 4394 1140 4435 nos
1167 4381 1349 4436 docuit
1398 4382 1615 4437 divinus
1646 4384 1937 4453 Apostolus
1984 4385 2069 4438 in-

2244 4391 2308 4443 λν.
2342 4389 2511 4443 Τοῦτο
2556 4389 2685 4459 γοῦν
2733 4390 2828 4443 καὶ
2868 4390 2897 4441 ὀ
2940 4387 3081 4450 θεῖος
3144 4383 3463 4446 Ἀπόστολος
3507 4379 3746 4435 διδάσκει

510 4468 701 4535 quiens
735 4485 750 4522 :
790 4467 1089 4524 Secundum
1117 4473 1554 4542 dispensationem
1600 4474 1731 4542 Dei,
1775 4493 1892 4545 qua:
1941 4478 2068 4530 data

511 4572 583 4611 est
613 4561 739 4613 mihi
767 4578 894 4631 erga
922 4579 1033 4627 vos,
1057 4566 1339 4633 adimplere
1359 4570 1567 4622 verbum
1602 4568 1719 4634 Dei,
1762 4572 2066 4639 mysterium

510 4652 645 4705 illud
670 4655 807 4722 quod
824 4672 854 4708 a
879 4656 1069 4711 sarculo
1093 4658 1452 4713 absconditum
1475 4663 1647 4728 fuerat
1689 4661 1743 4714 in
1773 4663 2068 4731 generatio-

512 4743 661 4796 nibus
690 4760 708 4798 :
734 4762 869 4799 nunc
921 4757 1095 4801 autem
1122 4750 1509 4817 manifestatum
1554 4760 1627 4803 est
1662 4752 1857 4804 sanctis
1903 4752 2017 4820 ejus
2047 4790 2063 4814 ,

581 4912 640 4984 {Is
804 4908 1135 4984 Paris.rpag.
1177 4913 1263 4968 99.

592 4978 633 5009 ⁸⁸
677 4979 833 5033 Prov.
873 4996 952 5046 Ill,
989 4978 1112 5037 l8.'
1190 4984 1235 5017 "
1274 4984 1415 5038 Psal.
1451 5000 1560 5041 Ctx.
1589 4984 1642 5038 1.

510 5045 554 5078 ⁸⁷
584 5047 726 5105 Psal.
766 5045 1009 5118 xcvu,2.
1086 5052 1131 5086 ⁸⁸
1180 5053 1323 5110 Psal.
1356 5071 1476 5122 xcv,
1532 5054 1587 5109 2.

1756 4984 1801 5017 ”
1842 4985 1972 5040 ibid.
2005 4985 2058 5039 ι.

510 5257 703 5332 legitur
731 5278 744 5313 :
775 5272 830 5317 et
851 5262 939 5317 hic
966 5263 1271 5332 aliquoties,
1298 5263 1435 5332 apud
1464 5272 1727 5318 nostrum.
1755 5262 1825 5317 Μ.
1858 5293 1927 5303 --—
1950 5263 2068 5317 Mox

2175 4482 2347 4551 λέγων
2364 4498 2377 4511 °
2404 4482 2567 4536 Κατά
2595 4481 2707 4549 τὴν
2737 4480 3081 4549 οἰκονομίαν
3103 4477 3209 4531 τοῦ
3233 4476 3404 4539 Θεοῦ,
3425 4474 3539 4540 τὴν
3567 4470 3750 4525 δοθεῖ-

2173 4572 2293 4628 σάν
2303 4590 2403 4642 μοι
2416 4576 2502 4639 εις
2520 4570 2695 4641 ὑμᾶς,
2714 4569 3027 4638 πληρῶσαι
3048 4568 3153 4622 τὸν
3165 4569 3351 4637 λόγον
3372 4564 3477 4619 τοῦ
3494 4562 3661 4626 Θεοῦ,
3679 4561 3747 4613 τὸ

2166 4664 2501 4734 μυστήριον
2514 4663 2580 4716 τὸ
2600 4661 3123 4731 ἀποκεκρυμμένον
3134 4659 3249 4714 ἀπὸ
3271 4655 3389 4711 τῶν
3402 4656 3630 4710 αἰώνων
3642 4664 3747 4707 καί

2171 4754 2288 4809 ἀπὸ
2301 4752 2425 4808 τῶν
2440 4752 2687 4824 γενεῶν·
2713 4754 2847 4808 νυνὶ
2864 4751 2932 4805 δὲ
2949 4748 3287 4822 ἐφανερώθη
3304 4748 3427 4814 τοῖς
3440 4748 3631 4816 ἁγίοις
3649 4748 3751 4799 αὐ-

3299 4978 3343 5010 ⁸⁶
3368 4977 3470 5031 lsa.
3520 4988 3638 5039 ιιιι,
3690 4973 3717 5025 1
3734 5015 3747 5027 ,

2180 4984 2227 5016 ιι
2265 4984 2405 5038 Psal.
2438 5000 2580 5048 xm,
2615 4983 2666 5045 7,
2698 4984 2797 5053 βε
2872 4982 2917 5013 η
2952 4982 3082 5037 ibid.
3122 4981 3173 5034 ι.

1687 5055 1731 5088 ⁸⁸
1781 5054 1923 5111 Psal.
1956 5071 2077 5120 xm,
2110 5056 2161 5110 7.
2249 5056 2295 5086 ⁸ο
2355 5056 2494 5110 Psal.
2524 5051 2746 5118 munt,
2776 5051 2828 5104 8.

2176 5260 2270 5315 τοῦ
2296 5258 2602 5330 ἀγαπητοῦ.
2631 5257 2702 5311 Μ.
2732 5256 2990 5380 --Sugra
3035 5254 3192 5326 vulgo
3214 5256 3243 5307 ὁ
3268 5253 3326 5307 δὲ
3378 5268 3513 5323 παρ.
3540 5259 3596 5305 et
3622 5265 3748 5306 mox

2177 5332 2428 5380 ἑπικαλεῖ
2456 5341 2507 5380 et
2530 5329 2891 5380 εὐαγγελίσασ
2927 5344 2972 5380 ε.

510 5331 667 5406 γυηεο
720 5329 1078 5406 μεγαλοῦνταὶ
1129 5345 1183 5389 et
1218 5329 1675 5406 ἀντερειδομένοις
1704 5335 1791 5387 ὲπ.
1825 5345 1879 5388 et
1925 5336 2069 5387 deest

2177 5332 2432 5406 ἐπικαλεξ
2442 5341 2507 5406 _et
2530 5329 2891 5406 εύαγγελίσασ

510 5399 1070 5487 δμρὲαρίξξιζψαλιξοῖςυ
1250 5484 1258 5487 _
1349 5399 1361 5406 ’
1498 5399 1573 5487 ⁷.
1640 5474 1713 5487 ..
1807 5474 1846 5487 ..
1957 5473 1968 5487 .

576 5470 690 5545 (52)
724 5470 888 5545 Vulgo
935 5470 1179 5545 ὠνόμασε
1213 5484 1264 5529 et
1319 5491 1438 5531 mox
1489 5476 1584 5530 καὶ
1628 5474 1756 5527 Δεὸν
1801 5474 1857 5526 δὲ
1910 5472 2073 5525 αὑτὸν

509 5535 1372 5625 οἶδεν-’ξενίῃ[ῖοᾳόι-ναγὸρευόμενος.
1476 5615 1486 5625 .
1560 5617 1614 5625 ___
1691 5617 1702 5625 Ι

578 5610 691 5687 (ὕδὶ
724 5612 833 5687 7'95
881 5610 1127 5684 Ψαλμὸῦ
1181 5610 1510 5687 αρογραερή.
1560 5617 1811 5687 Ἐκείνουί
1838 5612 2069 5687 scilicet,

511 5695 598 5737 aut
634 5681 820 5750 αὐτοῦ,
850 5681 1037 5754 nempe
1066 5688 1153 5752 Μ,
1176 5681 1626 5756 οιῇυῖἰηευῶίριίο
1657 5696 1756 5752 ρει,
1785 5683 1895 5756 ᾠδὴ
1927 5685 2070 5754 ὑπὲρ

2249 5402 2359 5483 (54)
2392 5391 2874 5483 rogationum
2930 5393 3380 5483 .ZaoiiluLocui
3393 5391 3742 5483 degravatus:

2177 5458 2275 5527 nec
2304 5458 2419 5525 sine
2442 5470 2644 5525 codicis
2659 5469 2857 5524 auxilio
2888 5467 3179 5527 sanandus,
3225 5467 3435 5532 Opinor.
3463 5460 3604 5513 M.—
3620 5458 3742 5532 Mn;

2172 5544 2331 5611 vulgo
2358 5539 2451 5594 τοῦ
2473 5539 2604 5595 Θεοῦ
2635 5543 2683 5593 οἱ
2715 5555 2872 5611 προφ.
2909 5548 2967 5594 et
2986 5535 3174 5590 τούτου
3204 5530 3502 5607 μύστηρίου
3532 5540 3580 5586 et
3604 5530 3746 5581 κατὰ

2175 5614 2273 5685 τὴν
2298 5611 2374 5679 te.
