4086 6202
325 272 430 325 895

1277 266 1365 320 DE
1404 266 1936 323 ECCLESIASTICA
1988 269 2381 325 THEOLOGIA
2420 272 2551 328 LIB.
2587 271 2628 326 l.

318 382 452 442 τοῦ,
486 374 577 445 οἷς
602 379 946 446 “summa
966 377 1106 444 Θεὸς
1138 380 1441 447 γνωρίσαι,
1474 379 1565 445 τίς
1580 382 1612 432 ό
1632 380 1889 447 πλοῦτος

1993 400 2117 453 quos
2159 383 2318 437 voluit
2374 383 2513 436 Deus
2567 399 2891 452 cognoscere,
2931 400 3173 454 quwnam
3213 388 3316 439 sint
3349 389 3546 442 divitia:

317 469 430 538 τῆς
449 469 634 538 δόξης
649 470 755 524 τοῦ
760 471 1089 539 μυστηρίου
1104 471 1315 523 τούτου
1330 470 1400 523 ἐν
1412 469 1536 534 τοῖς
1549 471 1806 531 ἔθνεσιν,
1826 469 1891 537 ὅς

317 563 453 615 ἐστι
469 562 722 630 Χριστὸς
734 562 801 614 ἐν
815 560 971 633 ὑμῖν,
991 562 1027 628 ἠ
1044 561 1219 626 ἐλπὶς
1230 560 1339 629 τῆς
1353 559 1555 627 δόξης.
1572 562 1732 632 Ὁρᾷς
1748 562 1893 625 ὅπως

325 654 625 724 μυστήριον
667 648 734 723 ἦν
788 652 1275 722 ἀποκεκρυμμένον
1339 652 1619 724 πρότερον,
1679 653 1795 705 νυνὶ
1836 653 1891 705 δὲ

323 745 659 814 φανερωθὲν,
687 746 715 796 ὁ
748 743 871 806 Υἱὸς
896 742 988 796 τοῦ
1019 743 1173 798 Θεοῦ.
1200 744 1397 816 Διόπερ
1428 745 1477 796 οἱ
1514 745 1609 814 μὲν
1641 743 1732 797 τοῦ
1757 743 1889 797 Θεοῦ

324 837 599 907 προφῆται
636 835 708 907 τῷ
750 836 1068 907 προφητικῷ
1114 836 1383 906 πνεύματι
1420 836 1691 906 μυστικῶς
1732 836 1889 889 αὐτὸν

325 932 653 999 ὲθεολόγουν.
697 929 769 982 Τό
799 930 855 983 δὲ
901 929 1101 1000 πλῆθος
1147 928 1241 982 τοῦ
1286 929 1548 983 Ἰουδαίων
1598 929 1781 992 ἔθνους
1832 931 1889 981 ἐν

325 1024 517 1093 ἀγνοίᾳ
550 1022 809 1092 ἐτύγχανε
851 1020 943 1074 τοῦ
992 1021 1371 1093 κεκρυμμένου
1402 1021 1735 1092 ’μυστηρίουο
1770 1020 1889 1072 ὅθεν

324 1115 454 1167 Θεὸν
497 1114 592 1185 μὲν
622 1114 928 1167 ὲδιδάσκετο
954 1114 1049 1166 ἕνα
1092 1113 1309 1177 εἰδέναι,
1338 1112 1425 1166 διὰ
1450 1112 1508 1166 τὸ
1545 1115 1610 1183 τῇ
1644 1112 1889 1183 πολυθέῳ

322 1206 499 1279 πλάνῃ
532 1205 768 1275 συνεχῶς
804 1205 1198 1277 ύποσύρεσθαιᾲ·
1254 1205 1473 1276 Πατέρα
1516 1205 1572 1257 δὲ
1619 1204 1746 1257 ὄντα
1798 1203 1888 1258 τὸν

321 1298 452 1352 Θεὸν
482 1298 607 1350 Υίοῦ
634 1297 726 1350 τοῦ
753 1296 1085 1365 Μονογενοῦς
1119 1298 1321 1367 ἠγνόειο
1347 1296 1503 1349 τοῦτο
1529 1294 1636 1366 γὰρ
1664 1295 1889 1363 ἐφυλάτ-

319 1408 440 1443 τετο
498 1393 564 1460 τῇ
643 1389 704 1455 ἐξ
730 1388 897 1442 ἐθνῶν
937 1387 1229 1459 Ἐκκλησία
1272 1387 1334 1439 τὸ
1390 1386 1707 1456 μυστήριον,
1767 1385 1885 1438 κατ’

317 1482 596 1552 ἐξαίρετον
653 1480 804 1552 χάριν
852 1482 985 1551 αὐτῇ
1033 1480 1423 1550 δεδωρημένον.
1470 1479 1554 1530 Ἐν
1580 1477 1727 1547 αὐτῷ
1781 1478 1889 1548 γάρ

318 1571 445 1634 εἰσι,
476 1567 617 1622 κατὰ
659 1570 748 1622 τὸν
786 1568 1119 1632 ’Λπόστολον,
1151 1570 1352 1630 πάντες
1393 1568 1441 1619 οἱ
1484 1565 1742 1636 θησαυροὶ
1788 1569 1886 1637 τῆς

1993 472 2224 544 mysterii
2250 476 2400 529 istius
2431 477 2483 527 in
2508 476 2767 543 gentibus,
2799 475 2889 543 qui
2928 484 3001 529 est
3036 475 3277 530 Christus
3304 477 3358 529 in
3383 480 3543 540 vobis,

1990 584 2105 637 spes
2141 569 2324 637 gloria:
2347 568 2459 637 ejus
2489 567 2555 619 δι.
2597 565 2756 621 Vides
2800 577 2859 621 ut
2885 567 3254 623 absconditum
3296 569 3400 623 hoc
3426 583 3547 637 my-

1989 660 2213 715 sterium
2252 659 2430 713 fuerat
2463 661 2608 729 prius
2637 699 2655 726 ,
2687 674 2829 714 nunc
2864 667 3040 713 autem
3067 658 3361 713 revelatum
3398 679 3411 713 :
3456 659 3544 712 Fi-

1988 751 2092 807 lius
2128 751 2243 806 Dei.
2299 749 2634 819 Quapropter
2685 753 2962 819 prophetae
3012 751 3103 805 Dei
3155 751 3439 821 mysticum
3490 753 3543 804 in

1991 845 2207 898 modum
2267 841 2584 913 prophetico
2633 840 2838 911 Spiritu
2886 857 3007 897 eum
3064 841 3420 909 deiﬁcarunt;
3450 842 3545 897 Ju-

1987 938 2228 992 daeorum
2273 944 2451 990 autem
2474 934 2648 989 omnis
2677 934 2965 989 multitudo
2987 934 3040 988 in
3064 935 3360 1004 ignorantia
3388 935 3541 989 istius

1989 1027 2233 1101 mysterii
2284 1027 2668 1098 persistebant.
2729 1025 2896 1080 Deum
2934 1025 3147 1095 quidem
3179 1040 3342 1079 unum
3374 1040 3540 1095 agno-

1987 1135 2137 1175 scere
2166 1120 2365 1185 edocti,
2386 1134 2450 1174 eo
2483 1117 2625 1187 quod
2683 1117 2735 1171 in
2774 1130 2991 1171 errores
3021 1116 3087 1169 de
3124 1117 3342 1169 deorum
3401 1116 3540 1169 mul-

1991 1210 2218 1263 titudine
2248 1209 2440 1277 saepius
2463 1206 2951 1263 abstrahebantur:
2980 1204 3195 1261 Patrem
3223 1220 3350 1259 vero
3374 1206 3539 1259 Deum

1987 1299 2245 1367 unigeniti
2276 1299 2359 1352 sui
2384 1297 2502 1351 Filii
2537 1297 2878 1366 ignorabant.
2928 1295 3063 1350 Nam
3104 1296 3206 1351 hoc
3255 1295 3321 1350 de
3366 1297 3542 1364 genti-

1988 1390 2090 1444 bus
2137 1388 2395 1444 Ecclesize
2442 1388 2820 1442 reservabatur
2868 1385 3229 1456 mysterium,
3288 1395 3540 1453 tanquam

1990 1477 2167 1548 gratia
2204 1477 2448 1546 quaedam
2482 1476 2778 1539 excellens,
2805 1475 2903 1543 ipsi
2938 1475 3315 1545 impertienda.
3366 1482 3426 1537 ﬁ
3481 1472 3541 1526 ιη

1988 1572 2102 1638 ipso
2134 1568 2276 1623 enim
2312 1576 2457 1634 sunt,
2495 1568 2637 1635 quod
2653 1566 2941 1635 Apostolus
2970 1567 3223 1621 observat
3248 1565 3319 1630 ",
3352 1577 3541 1618 omnes

320 1661 513 1730 σοφίας
565 1661 660 1714 xui
688 1660 938 1729 γνώσεως
971 1662 1293 1732 ἀπόκρυφοι.
1338 1659 1495 1712 ’Λλλά
1529 1658 1637 1731 γὰρ
1685 1660 1773 1713 διὰ
1800 1678 1885 1712 το-

1991 1662 2229 1716 thesauri
2255 1658 2556 1715 absconditi
2578 1658 2923 1725 cOgnitionis.
2985 1654 3269 1710 Enimvero
3305 1662 3383 1707 tot
3428 1654 3541 1720 jam

320 1726 523 1805 σούτων
543 1756 572 1806 ὁ
596 1726 849 1806 τοῦ-Θεοῦ
899 1753 1087 1820 Λόγος,
1178 1726 1236 1805 έν
1264 1752 1405 1823 ἀρχῇ
1446 1753 1580 1824 πρὸς
1606 1726 1709 1805 *τὸν
1732 1751 1883 1814 Θεὸν,

1990 1753 2334 1818 testimoniis,
2364 1750 2459 1805 Dei
2489 1736 2617 1804 illud
2660 1749 2891 1803 Verbum
2918 1746 3059 1816 quod
3112 1745 3165 1799 in
3218 1744 3371 1799 initio
3421 1752 3543 1798 erat

318 1843 378 1895 οὐ
433 1843 590 1911 μόνον
633 1841 801 1909 Λόγος
848 1840 1198 1910 κεκλημένος,
1237 1841 1311 1903 ὡς
1344 1840 1661 1912 Μάρκελλος
1692 1839 1882 1904 οἴεται,

317 1932 626 2002 ἀπεδείχθη,
664 1932 798 1984 ἀλλά
830 1933 921 1984 xui
955 1931 1097 1994 Υἱὸς,
1130 1932 1222 1984 καὶ
1248 1932 1578 2002 Μονογενὴς,
1611 1932 1704 1984 xui
1750 1930 1883 2000 φῶς,

318 2024 413 2076 xui
444 2024 623 2091 ἄρτος,
654 2020 991 2091 καὶΊησοῦς,
1017 2023 1110 2074 xui
1136 2022 1388 2089 Χριστὸς,
1418 2022 1513 2076 καὶ
1540 2022 1762 2094 Κύριος,
1794 2023 1886 2075 xui

318 2116 621 2186 ἀρχιερεὺς,
647 2116 740 2168 xui
761 2114 1117 2187 ἀπαύγασμα,
1142 2115 1235 2167 xui
1256 2116 1564 2187 χαρακτὴρ,
1587 2115 1680 2168 xui
1702 2113 1883 2177 εἰκὼν,

319 2207 412 2259 καὶ
437 2199 783 2274 Πρωτότοκος
822 2207 1001 2279 πάσης
1032 2208 1281 2272 κτίσεως,
1312 2208 1405 2261 xui
1439 2207 1588 2281 πηγὴ
1609 2208 1769 2280 ζωῆς,
1794 2208 1888 2262 xui.

319 2295 564 2369 ἀλήθεια,
593 2299 687 2350 xui.
713 2300 974 2369 ποταμὸς,
1022 2300 1117 2353 xui
1148 2299 1480 2372 δικαιοσύνη,
1517 2300 1609 2354 xui
1635 2301 1784 2371 ἥλιος
1812 2302 1890 2355 δι-

318 2389 628 2460 καιοσύνης,
678 2390 772 2442 καὶ
813 2389 993 2459 σοφία,
1024 2390 1118 2444 καὶ
1148 2390 1302 2456 ξύλον
1343 2392 1505 2463 ζωῆς,
1540 2393 1632 2446 xui
1664 2392 1885 2462 Κύριος,

317 2481 411 2543 xui
439 2479 587 2543 Θεὸς,
624 2481 718 2534 xui
768 2480 1093 2551 ’Λγαπητὸς,
1130 2482 1223 2533 xui
1256 2483 1451 2552 ἱερεὺς,
1496 2482 1593 2534 xui
1629 2480 1884 2553 βραχίων,

320 2569 433 2641 (55)
479 2571 571 2624 xui
610 2573 891 2643 σωτήριον,
932 2573 1024 2625 καὶ
1055 2573 1231 2627 πάντα
1261 2572 1452 2635 ταῦτα,
1522 2571 1596 2625 ὢν
1625 2573 1717 2626 xui.
1758 2587 1889 2643 προ-

320 2664 579 2735 ῦπάρχων
609 2665 707 2733 τῆς
732 2664 952 2735 σαρκὸς,
973 2665 1299 2735 ὠνομάζετο⁵
1329 2666 1403 2729 ὡς
1420 2667 1475 2718 ui
1504 2666 1889 2737 παρατεθεῖσαι

320 2757 534 2827 Γραφαὶ
576 2757 925 2826 δεδηλώκασι.
975 2757 1091 2811 Τίνι
1115 2757 1293 2811 τοίνυν
1321 2757 1485 2827 λόγῳ,
1509 2757 1680 2810 ταῦτα
1710 2758 1890 2811 πάντα

319 2850 519 2919 παρεὶς
550 2849 879 2919 Μάρκελλος,
903 2851 994 2902 ἐπὶ
1029 2849 1189 2920 μόνου
1223 2848 1314 2903 τοῦ
1342 2850 1515 2917 Λόγου
1541 2849 1777 2915 mutui;
1825 2849 1885 2901 οὐ

318 2935 607 2989 διαϐαίνων
643 2938 738 3007 μὲν
769 2938 861 2990 καὶ
902 2938 996 2990 ἐπὶ
1027 2936 1124 3001 τὰς
1152 2937 1341 3003 λοιπὰς
1366 2939 1699 3009 ἐπωνυμίας,
1730 2938 1888 3009 μόνον

1985 1840 2125 1908 apud
2155 1838 2345 1900 Deum,
2372 1854 2477 1894 non
2519 1838 2677 1892 modo
2722 1837 2860 1904 quod
2916 1833 3196 1889 Marcellus
3247 1833 3499 1902 Opinatur
3524 1871 3541 1897 ,

1988 1932 2217 1987 Verbum
2238 1931 2441 1986 dictum
2464 1940 2567 1993 est,
2604 1934 2697 1986 sed
2728 1939 2780 1983 et
2806 1928 2992 1993 Filius,
3026 1936 3079 1982 et
3114 1925 3453 1994 Unigenitus,
3484 1933 3542 1977 et

1986 2024 2097 2089 lux,
2117 2033 2171 2078 et
2198 2023 2371 2093 panis,
2402 2032 2456 2079 et
2485 2021 2663 2086 Jesus,
2691 2031 2745 2075 et
2766 2021 3035 2085 Christus,
3066 2028 3121 2074 et
3158 2015 3438 2079 Dominus,
3485 2024 3541 2067 et

1984 2115 2250 2180 Pontifex,
2299 2123 2353 2169 ct
2388 2115 2661 2183 splendor,
2691 2122 2743 2167 et
2785 2113 3087 2175 character,
3135 2117 3189 2164 et
3238 2108 3436 2177 imago,
3487 2116 3544 2159 et

1987 2207 2383 2277 Primogenitus
2425 2206 2600 2260 omnis
2637 2212 2935 2258 creaturae:
2974 2210 3030 2256 et
3060 2199 3181 2254 fons
3203 2201 3347 2263 vitaz,
3381 2206 3433 2251 et
3459 2211 3543 2250 ve-

1987 2302 2138 2363 ritas,
2162 2309 2218 2354 et
2238 2299 2455 2366 ﬂumen,
2500 2307 2555 2353 et
2581 2296 2816 2367 justitia,
2847 2306 2902 2352 et
2950 2294 3033 2352 sol
3084 2293 3325 2363 justitize,
3364 2301 3419 2346 et
3461 2304 3543 2344 sa-

1988 2394 2209 2462 pientia,
2235 2402 2290 2448 et
2314 2393 2519 2461 lignum
2542 2392 2687 2456 vitaz,
2721 2399 2776 2444 et
2805 2388 3082 2453 Dominus,
3108 2394 3165 2442 et
3202 2386 3362 2446 Deus,
3386 2391 3441 2438 et
3463 2381 3545 2435 di-

1986 2482 2177 2546 lectus,
2208 2490 2262 2536 et
2290 2480 2575 2540 Sacerdos,
2611 2488 2667 2532 et
2705 2478 3009 2541 brachium,
3041 2486 3096 2531 et
3142 2473 3380 2529 salutare
3420 2494 3431 2527 :
3487 2481 3542 2525 et

1985 2573 2136 2628 hisce
2164 2571 2380 2639 quidem
2405 2569 2654 2624 omnibus
2672 2567 3043 2636 appellabatur
3067 2564 3393 2628 nominibus,
3419 2577 3540 2614 cum

1986 2665 2295 2728 exsisteret,
2316 2671 2366 2716 et
2402 2660 2797 2731 praeexsisteret
2829 2667 2952 2711 ante
2983 2669 3200 2711 carnem
3229 2659 3494 2721 sumptam
3521 2665 3538 2706 :

1986 2766 2045 2810 ut
2066 2770 2096 2809 e
2115 2753 2337 2823 prolatis
2359 2754 2447 2808 hic
2481 2751 2781 2820 Scripturis
2807 2758 3082 2803 ostensum
3111 2754 3213 2802 est.
3249 2744 3378 2811 Quae
3400 2743 3540 2796 ratio

1985 2843 2294 2899 Marcellum
2325 2842 2417 2897 hic
2447 2840 2757 2904 commovit,
2788 2848 2845 2892 ut
2870 2838 2984 2892 istis
3026 2835 3295 2890 universis
3318 2840 3539 2902 praeter-

1986 2935 2187 2999 missis,
2220 2934 2272 2990 in
2302 2932 2417 2988 solo
2439 2932 2613 2987 Verbo
2646 2928 2943 2986 resideret?
2980 2927 3161 2995 Neque
3184 2924 3329 2979 enim
3364 2934 3542 2975 trans-

319 3028 379 3081 δὲ
430 3028 603 3097 Λόγον
647 3030 803 3083 αὑτὸν
855 3026 993 3083 εἶναι
1029 3031 1251 3100 φάσκων
1285 3030 1377 3083 τοῦ
1406 3029 1560 3083 Θεοῦ·
1591 3031 1682 3083 xui
1732 3030 1887 3099 λόγον

1990 3029 2087 3083 ivit
2114 3027 2180 3081 ad
2232 3032 2458 3081 czeteras
2508 3020 2964 3085 nomenclaturas,
3000 3014 3335 3072 solummodo
3392 3011 3538 3065 illum

324 3121 679 3190 σημαντικὸν,
726 3122 849 3174 ποτὲ
884 3121 981 3192 μὲν
1010 3120 1345 3192 ἡσυχάζοντα
1381 3124 1437 3174 ὲν
1462 3120 1536 3192 τῷ
1568 3121 1706 3192 Θεῷ,
1758 3122 1888 3175 ποτὲ

1990 3120 2081 3175 Dei
2116 3118 2349 3173 Verbum
2376 3131 2494 3174 esse
2521 3113 2747 3180 statuit;
2781 3122 2836 3167 et
2868 3112 3093 3165 verbum
3118 3105 3335 3176 quidem
3371 3102 3542 3171 signi-

321 3210 379 3264 δὲ
408 3211 657 3281 ἐνεργείᾳ
702 3211 835 3286 μόνῃ
869 3213 1127 3267 λαλοῦντα
1168 3214 1200 3284 ἢ
1237 3214 1572 3284 πράττοντας
1607 3210 1788 3267 Ἤδιά
1827 3213 1888 3266 τὸ

319 3302 695 3367 Σαϐελλιάζειν
728 3304 1005 3377 ἄντικρυς,
1036 3307 1130 3359 xui
1153 3306 1227 3378 μὴ
1256 3306 1527 3360 πιστεύειν
1555 3309 1633 3371 εἰς
1658 3308 1748 3361 τὸν
1760 3307 1887 3361 Υίὸν

316 3394 411 3448 τοῦ
436 3393 590 3461 Θεοῦ,
628 3397 759 3467 μηδὲ
781 3398 1063 3468 γνωρίζειν
1096 3398 1155 3451 τὸ
1184 3399 1475 3468 μυστήριον
1512 3398 1573 3451 τὸ
1607 3398 1889 3471 προϋπάρ-

320 3503 413 3556 χον
446 3486 543 3557 μὲν
579 3488 764 3552 πάλαι,
827 3489 961 3560 μόνῃ
999 3489 1055 3542 δὲ
1106 3492 1173 3559 τῇ
1205 3489 1498 3561 Ἐκκλησία
1533 3488 1626 3541 τοῦ
1655 3489 1886 3560 Χριστοῦ

322 3578 410 3631 ῐιά
461 3580 559 3649 τῆς
612 3581 773 3635 αὐτοῦ
808 3581 1117 3653 φανερωθὲν
1150 3582 1386 3651 χάριτος,
1431 3584 1494 3635 Εἰ
1525 3582 1580 3635 δὲ
1617 3582 1759 3649 λέγοι
1792 3600 1891 3652 μυ-

328 3673 541 3741 στήριον
594 3667 731 3726 εἶναι
780 3673 1154 3743 ἀγνοούμενον,
1205 3674 1265 3726 τὸ
1301 3673 1408 3745 (56)
1443 3674 1611 3742 Λόγον
1658 3671 1799 3742 ἔχειν
1833 3675 1891 3727 ἐν

326 3764 500 3834 ἑαυτῷ
528 3765 617 3818 τὸν
642 3765 793 3829 Θεὸν,
822 3764 1116 3837 κεχρῆσθαι
1133 3765 1293 3836 λόγῳ,
1309 3765 1464 3819 τοῦτο
1488 3764 1595 3836 γὰρ
1610 3765 1757 3835 αύτῷ
1773 3766 1893 3819 Mu-

330 3855 538 3926 ρκέλλῳ
568 3857 713 3911 δοκεῖ
736 3857 871 3925 (57),
917 3856 1103 3909 τοῦτον
1128 3856 1386 3927 γράφοντι
1411 3855 1499 3908 τὸν
1519 3856 1735 3926 τρόπον·
1772 3875 1790 3907 ι
1826 3856 1890 3908 Τί

333 3964 351 3996 ι
388 3946 497 4017 γὰρ
526 3947 709 4018 ἕτερον
756 3945 824 4019 ἦν
863 3948 1350 4017 ἀποκεκρυμμένον
1388 3949 1712 4019 μυστήριον,
1753 3949 1891 4001 κατὰ

335 4056 354 4087 ι
384 4038 473 4090 τὸν
502 4039 703 4107 Λόγον;
730 4039 899 4103 οὕτως
925 4040 981 4093 δὲ
1009 4036 1076 4111 ἦν
1101 4040 1587 4109 ἀποκεκρυμμένον
1612 4038 1757 4109 ἐντῷ
1776 4038 1894 4109 Θεῷ

1986 3210 2286 3274 licativum,
2316 3207 2584 3263 interdum
2613 3204 2667 3259 in
2688 3204 2797 3258 Deo
2828 3200 3239 3270 conquiescens,
3274 3193 3541 3250 interdum

1985 3318 2046 3358 re
2074 3311 2128 3358 et
2163 3316 2259 3356 ore
2288 3300 2578 3371 prolatum,
2603 3295 2688 3351 vel
2724 3295 2889 3350 etiam
2931 3305 3181 3361 operans.
3210 3285 3370 3343 Certe
3412 3298 3542 3355 pro-

1985 3404 2165 3462 pterea
2197 3390 2338 3461 quod
2370 3388 2835 3447 Sabellianizaret,
2873 3396 2972 3436 nec
2992 3382 3046 3434 in
3076 3380 3166 3433 Dei
3195 3377 3387 3431 Filium
3422 3389 3543 3430 cre-

1986 3482 2161 3545 deret,
2210 3493 2308 3534 nec
2337 3484 2652 3547 agnosceret
2682 3472 2996 3544 mysterium
3050 3467 3199 3531 illud,
3234 3467 3373 3535 quod
3429 3467 3545 3536 qui-

1988 3574 2108 3628 dem
2137 3568 2544 3642 praiexsistebat
2575 3565 2699 3623 olim
2751 3580 2766 3617 :
2827 3572 2881 3616 at
2914 3560 3010 3615 soli
3042 3558 3243 3615 Christi
3293 3555 3543 3611 Ecclesia:

1988 3680 2082 3736 per
2116 3664 2284 3733 ipsius
2312 3660 2537 3730 gratiam
2571 3654 2868 3711 revelatum
2893 3661 2993 3707 est.
3021 3650 3170 3717 Quod
3196 3647 3240 3702 si
3263 3647 3404 3701 dicat
3431 3660 3545 3717 my-

1988 3756 2212 3811 sterium
2241 3753 2369 3808 illud
2397 3749 2726 3821 incognitum
2761 3760 2902 3812 esse,
2937 3745 3100 3799 Deum
3131 3755 3252 3794 cum
3274 3740 3327 3793 in
3355 3752 3413 3792 se
3443 3737 3543 3790 lia-

1989 3849 2142 3902 beret
2175 3845 2435 3906 Verbum,
2466 3841 2630 3896 verbo
2662 3838 2752 3895 illo
2784 3851 2964 3901 usum,
2991 3834 3091 3888 hoc
3115 3831 3378 3900 siquidem
3404 3826 3545 3880 Mar-

1990 3938 2127 3993 cello
2156 3938 2367 3991 videtur
2410 3936 2483 3990 ita
2536 3948 2675 3995 esse,
2706 3945 2827 3985 cum
2856 3929 2935 3983 sic
2966 3924 3245 3995 scripserit
3276 3941 3290 3977 :
3332 3940 3350 3973 ι
3408 3919 3547 3986 Quid

1998 4048 2017 4081 ι
2051 4028 2195 4082 aliud
2229 4027 2404 4080 fuerat
2434 4023 2747 4096 mysterium
2788 4019 2919 4075 illud
2960 4015 3357 4077 absconditum,
3382 4026 3547 4080 quam

3440 279 3543 334 894
3628 290 3633 296 ‘

335 4146 354 4177 ι
385 4127 540 4180 τοῦτο
588 4104 854 4200 ’πρότερον
905 4129 965 4182 τὸ
1003 4104 1327 4199 μυστήριον,
1542 4104 1745 4197 μηδένα
1797 4104 1889 4180 τοῦ

2000 4139 2018 4171 ι
2047 4118 2283 4173 Verbum
2309 4116 2333 4170 ?
2360 4115 2436 4168 Ita
2470 4124 2647 4167 autem
2674 4112 2725 4166 in
2750 4111 2857 4165 Deo
2873 4108 3023 4173 olim,
3046 4116 3163 4162 erat
3189 4106 3289 4159 hoc
3318 4104 3547 4156 abscon-

335 4239 352 4270 ι
387 4190 651 4290 προτέρού
670 4190 798 4272 λαοῦ
839 4190 1021 4288 σαφῶς
1046 4219 1113 4273 τά
1129 4190 1269 4273 κᾶτά
1295 4190 1382 4271 τὸν
1407 4190 1576 4285 Λόγον
1605 4190 1822 4271 ειδέναιο
1869 4236 1887 4269 ι

1998 4228 2017 4262 ι
2048 4209 2217 4261 ditum
2268 4204 2606 4275 mysterium;
2651 4210 2711 4254 ut
2760 4214 2915 4253 nemo
2944 4197 3083 4267 apud
3128 4194 3365 4264 priorem
3395 4190 3547 4244 illum

331 4314 376 4363 si
401 4280 465 4382 δὴ
485 4280 576 4365 οὖν
602 4312 759 4364 τοῦτο
794 4280 961 4379 λέγοι,
1000 4280 1333 4383 μανθανέτω,
1379 4310 1457 4362 ὅτι
1488 4280 1580 4362 xui.
1610 4308 1718 4370 πᾶς
1762 4308 1889 4360 Ἰου-

1999 4319 2017 4354 ι
2050 4298 2303 4369 populum
2340 4294 2664 4364 intelligeret
2726 4290 2889 4355 clare,
2940 4301 3061 4357 qua:
3111 4282 3425 4352 spectabant
3478 4280 3542 4383 ad

327 4401 490 4456 δαίων
530 4403 639 4455 τῶν
688 4402 777 4455 τὸν
823 4404 1053 4474 Χριστὸν
1092 4400 1184 4454 τοῦ
1220 4400 1352 4454 Θεοῦ
1401 4402 1475 4472 μὴ
1508 4399 1889 4469 ὲπεγνωκότων

2003 4410 2021 4443 ι
2057 4367 2317 4443 Verbum.
2350 4403 2369 4437 ι
2405 4382 2461 4437 Si
2492 4387 2592 4437 hoc
2619 4380 2876 4450 posuerit,
2912 4379 3086 4433 discat
3126 4380 3358 4443 Oportet,
3404 4367 3545 4439 quod

326 4496 707 4565 ὁμολογήσειεν
748 4493 812 4546 ἂν
844 4468 933 4547 τὸν
984 4494 1153 4562 Λόγον
1206 4493 1347 4563 ἔχειν
1521 4468 1675 4557 Θεὸν,
1698 4491 1791 4544 xui
1821 4490 1889 4561 μὴ

1997 4483 2301 4539 Iuda-orum
2325 4476 2567 4547 quilibet,
2596 4475 2685 4543 qui
2714 4473 2987 4528 Christum
3013 4468 3105 4523 Dei
3141 4480 3245 4519 non
3268 4469 3545 4532 agnoscat,

327 4584 467 4642 εἶναι
493 4589 703 4656 ἄλογον.
723 4587 892 4640 Τοῦτο
928 4587 983 4640 δὲ
1013 4588 1107 4640 xui.
1132 4585 1415 4648 Σαεέλλιος
1443 4584 1623 4648 αὐτὸς,
1664 4584 1757 4638 xui
1787 4586 1895 4647 πᾶς

329 4679 532 4748 Ἕλλην
577 4696 637 4732 τε
668 4680 761 4731 xui
802 4677 1092 4749 βάρϐαρος,
1128 4678 1155 4728 ὁ
1183 4676 1312 4728 Θεὸν
1345 4671 1481 4728 εἶναι
1509 4676 1892 4745 ὑφιστάμενος,

329 4770 742 4840 ἀναμφιλέκτως
764 4772 1002 4839 φήσειεν·
1032 4770 1182 4838 ’Ἅμα
1209 4766 1316 4839 γὰρ
1336 4767 1412 4837 τῷ
1435 4767 1563 4821 Θεὸν
1593 4769 1784 4829 εἰπεῖν,
1802 4766 1896 4818 xui

330 4861 491 4928 σοφὸν
525 4861 685 4913 αὑτὸν
715 4863 843 4924 νοεῖ,
892 4860 984 4913 καὶ
1015 4858 1248 4927 λογικὸν,
1283 4858 1375 4909 xui
1419 4856 1661 4922 δυνατὸν,
1693 4856 1787 4908 xui
1816 4855 1895 4908 δί-

330 4969 505 5017 καιον,
536 4953 630 5004 xui
673 4951 895 5021 ἀγαθόν.
933 4952 1089 5004 Ποῖον
1122 4946 1214 5004 οὖν
1255 4952 1551 5021 μυστήριον
1578 4945 1646 5021 ἦν
1692 4951 1893 5003 ἀποκε-

330 5044 642 5114 κρυμμένον
668 5044 728 5096 τὸ
775 5046 887 5106 τοῖς
940 5044 1103 5095 πᾶσιν
1156 5041 1607 5112 ὁμολογούμενον;
1647 5042 1741 5104 Τίς
1789 5040 1897 5111 γὰρ

330 5134 429 5185 οὐκ
476 5133 543 5185 ἀν
597 5133 740 5186 εἴποι
796 5134 853 5185 ὲν
898 5131 974 5201 τῷ
1030 5130 1147 5201 Θεῷ
1197 5130 1387 5200 σοφίαν
1442 5126 1597 5194 εἶναι,
1658 5130 1749 5183 xui
1805 5128 1895 5181 δύ-

440 5294 498 5350 ἦ(
536 5286 632 5340 Ed.
668 5288 834 5342 Paris.
872 5304 991 5347 nae.
1032 5286 1154 5341 100.

438 5357 715 5413 “Coloss.
754 5375 791 5424 ι,
822 5358 1008 5413 25-27.
1085 5358 1130 5390 ⁸³
1160 5356 1367 5412 Coloss.
1411 5370 1471 5417 ll,
1523 5353 1574 5405 3.

403 5471 515 5543 (55)
539 5472 635 5543 Βρ.
672 5473 767 5525 xui
789 5472 1100 5543 δικαιοσύνη
1123 5472 1279 5525 codd.

432 5489 515 5536 oo)
540 5489 635 5595 ξίρ.
672 5489 767 5525 και
789 5489 1100 5543 οικαιοσυνη
1123 5489 1197 5525 σοι

432 5543 518 5609 56)
597 5543 655 5594 όν
695 5544 849 5608 vulgo
872 5555 1057 5595 contra
1076 5543 1197 5595 cod.

428 5604 516 5681 57)
546 5604 878 5681 Μαρκέλξίφ
900 5611 1081 5665 δοκεῖ.
1104 5607 1540 5681 Βεειίιιεᾷὲδοκει,
1572 5606 1774 5681 statim,
1813 5604 1891 5655 le-

337 5676 564 5753 gendum
596 5676 807 5753 opinor,
840 5682 873 5752 ἦ
903 5682 963 5735 τὸ
996 5680 1135 5737 κατὰ
1160 5680 1247 5735 τὸν
1276 5678 1451 5746 λόγον,
1492 5692 1631 5737 mox,
1662 5676 1892 5743 ἀναμφι-

1996 4576 2231 4630 Verbum
2263 4579 2442 4625 tamen
2486 4565 2685 4621 habere
2732 4564 2900 4618 Deum
2944 4556 3291 4615 conﬁtebitur
3322 4589 3337 4614 ,
3379 4566 3549 4620 neque

1997 4682 2114 4722 esse
2160 4665 2308 4720 illum
2365 4660 2602 4731 alogum.
2638 4658 2750 4712 lloc
2814 4656 3043 4725 ipsemet
3097 4647 3406 4703 Sabellius:
3445 4642 3550 4697 hoc

1995 4758 2247 4811 ethnicus
2274 4752 2450 4823 quivis
2484 4750 2739 4804 fatebitur
2768 4765 2782 4801 :
2828 4745 2929 4799 hoc
2955 4741 3239 4800 barbarus,
3261 4737 3352 4805 qui
3384 4734 3549 4788 Deum

2000 4853 2263 4920 agnoscit,
2289 4850 2405 4904 sine
2424 4845 2674 4915 scrupulo
2706 4839 3067 4896 conﬁtebitur.
3121 4834 3255 4889 Nam
3288 4834 3389 4886 hoc
3435 4832 3553 4898 ipso

2000 4942 2141 5011 quod
2180 4942 2343 4994 Deum
2370 4935 2747 4995 conﬁteantur,
2783 4930 3077 4999 sapientem
3103 4922 3430 4990 intelligunt,
3461 4932 3551 4970 ra-

2003 5008 2275 5094 tionalem,
2299 5036 2589 5099 potentem,
2615 5024 2818 5092 justum
2846 5059 2861 5084 ,
2908 5019 3127 5074 bonum.
3174 5014 3240 5068 Et.
3284 5008 3551 5080 quodnam

2008 5133 2117 5176 tum
2153 5120 2465 5189 mysterium
2519 5119 2621 5171 hoc
2673 5112 2941 5167 occultum
2987 5107 3186 5170 fuerat,
3241 5101 3383 5173 quod
3434 5107 3554 5154 erat

1998 5464 2191 5525 λέκτω,
2229 5476 2280 5516 et
2320 5463 2451 5515 Θεὸν
2486 5459 2675 5515 εἰπεῖν,
2712 5470 2813 5525 non
2840 5452 2984 5525 Θεῷ.
3009 5452 3151 5507 M.—
3174 5451 3292 5525 Mox
3326 5448 3560 5525 {uulgato

1999 5514 2373 5606 ἀμφιλέκτως,
2438 5531 2542 5599 Mp.
2588 5514 2995 5595 ἀναμφιλέκτως
3051 5534 3105 5579 ει
3150 5523 3210 5576 τὸ
3261 5519 3374 5591 Θεῷ
3403 5514 3557 5589 ,Mp.

1998 5608 2147 5659 Θεὸν.
