4086 6202
515 272 618 329 893

1185 267 1453 324 EUSEBII
1491 269 1959 326 CIESARIENSIS
1996 271 2144 326 OPP.
2180 271 2363 327 PARS
2399 271 2487 325 ιν.
2523 303 2593 312 -
2633 271 3026 328 DOGMATICA

3630 277 3741 331 896

515 389 655 460 apud
686 402 872 442 omnes
896 388 947 440 in
977 386 1221 441 confesso
1255 386 1484 456 positum
1510 387 1533 440 ?
1578 386 1711 453 Quis
1738 403 1843 442 non
1870 387 2067 442 dixerit

2178 404 2347 458 ναμιν,
2410 388 2500 440 καὶ
2550 387 2712 457 ζωὴν,
2756 388 2848 440 κα)⁸
2890 387 3024 456 φῶς,
3065 387 3157 440 καὶ
3202 388 3474 458 ἀλήθειαν,
3521 390 3616 443 καί⁸
3659 391 3742 442 διο

517 485 568 535 in
602 482 708 535 Deo
758 477 1077 548 sapientiam
1108 494 1249 540 esse,
1273 488 1325 534 et
1361 481 1677 549 potentiam,
1706 492 1761 533 et
1801 482 1987 547 vitam,
2019 491 2072 535 et

515 569 712 633 lucem,
748 578 802 623 et
832 567 1134 631 veritatem,
1170 577 1221 621 et
1245 568 1533 638 justitiam,
1570 576 1623 621 et
1679 569 1963 633 rationem,
2019 580 2072 624 et

513 660 769 730 quidquid
802 660 997 711 bonum
1030 668 1081 713 et
1110 658 1393 711 honestum
1426 659 1547 712 est?
1573 658 1710 725 Quin
1748 660 2071 728 potiuseutn

514 767 651 815 esse,
702 750 883 804 omnia
925 751 1024 804 ista
1059 768 1074 803 :
1106 759 1198 803 aut
1228 752 1270 805 si
1307 758 1364 815 >14
1407 751 1535 821 quid
1578 752 1661 805 his
1702 754 1966 821 superius,
2021 761 2076 806 et

516 841 704 896 melius
729 840 1020 904 exstiterit,
1056 842 1197 908 quod
1224 840 1377 894 nobis
1431 841 1502 895 sit
1557 841 1907 910 incognitum.
1952 840 2075 896 Haec

515 944 726 995 natura,
764 947 793 985 a
820 933 992 999 seipsa
1015 934 1203 987 edocta
1240 933 1383 1001 cogit
1411 946 1845 1002 unumquemque
1870 935 1934 989 de
1966 936 2074 990 Deo

516 1025 775 1094 proliteri.
802 1024 951 1080 Unde
979 1034 1033 1079 et
1062 1026 1127 1078 de
1155 1025 1288 1079 Filio
1320 1025 1494 1079 edocti
1522 1041 1709 1080 sumus
1765 1028 1881 1081 haec
1909 1029 2071 1082 etiam

514 1113 749 1180 singula,
778 1112 1110 1181 unigenitum
1169 1114 1316 1167 illum
1358 1129 1497 1181 esse,
1528 1114 1745 1180 Filium,
1801 1118 2071 1172 hznredem

516 1208 693 1263 Patris
726 1209 831 1272 sui,
861 1209 1038 1263 omnia
1068 1211 1428 1278 possidentem
1466 1224 1584 1278 qua:
1611 1211 1845 1279 possidet
1894 1211 2071 1269 Pater.

522 1299 672 1353 Unde
704 1300 900 1353 dicitur
948 1299 1133 1363 fuisse,
1183 1300 1436 1367 informa
1468 1300 1583 1364 Dei,
1653 1310 1707 1356 et
1758 1303 1929 1371 imago
1956 1303 2071 1368 Dei,

510 1386 662 1455 juxta
682 1388 916 1442 divinum
935 1390 1267 1458 Apostolum,
1297 1391 1384 1444 ubi
1417 1392 1489 1445 ait
1517 1411 1531 1446 :
1569 1390 1671 1456 Qui
1696 1409 1813 1445 cum
1831 1394 1882 1446 in
1904 1394 2074 1461 [arma

518 1479 613 1531 Dei
640 1489 791 1543 esset,
825 1497 924 1535 non
955 1493 1027 1535 est
1050 1486 1337 1536 arbitratus
1373 1486 1631 1552 rapinam,
1664 1502 1774 1539 esse
1813 1502 1868 1540 se
1895 1503 2075 1553 a'qua-

516 1572 613 1624 lem
636 1571 749 1625 Deo.
778 1572 844 1626 ".
872 1573 936 1626 Et
964 1588 1150 1628 rursus
1182 1593 1197 1630 :
1242 1574 1347 1639 Qui
1374 1586 1446 1629 est
1470 1577 1640 1646 imago
1671 1577 1767 1630 Dei
1809 1578 1876 1632 ⁵⁸.
1932 1580 2077 1645 Quo-

516 1664 657 1715 circa
688 1664 827 1732 quod
861 1664 1000 1719 Deus
1026 1675 1143 1719 erat
1194 1666 1416 1733 logicus,
1462 1683 1565 1722 non
1605 1670 1700 1724 fuit
1741 1669 1837 1725 hoc
1884 1681 2075 1742 myste-

517 1751 676 1816 rium,
711 1753 849 1821 quod
881 1771 911 1805 a
940 1754 1130 1807 swculo
1154 1754 1514 1810 absconditum
1553 1759 1749 1826 fuerat,
1788 1771 1835 1814 et
1863 1779 1894 1815 α
1926 1779 2073 1832 gene-

516 1843 829 1897 rationibus.
862 1843 1044 1913 Neque
1099 1845 1228 1899 illud
1283 1862 1424 1901 nunc
1478 1851 1774 1905 rrvelatum
1829 1853 2024 1908 dicitur
2059 1895 2074 1919 ,

516 1936 656 2002 quod
681 1936 903 2005 singulis
935 1937 1262 2001 hominibus,
1287 1952 1382 2006 per
1408 1940 1955 1999 notiones‘naturales
1986 1961 2076 2000 co-

517 2024 879 2091 guitissitnum
902 2038 1006 2081 est.
1044 2027 1195 2093 Quod
1233 2030 1277 2084 si
1327 2031 1625 2099 interroget
1657 2033 1945 2102 quispiam,
2008 2034 2074 2087 il-

518 2116 608 2170 lud
657 2118 937 2183 qualenam
994 2119 1146 2171 erat?
1179 2122 1464 2188 respondet
1505 2124 1814 2192 Apostolus,
1849 2125 1935 2179 ubi
1980 2128 2073 2189 ait,

517 2209 583 2261 At
611 2209 820 2261 nuncin
851 2210 1045 2264 sanctis
1073 2211 1459 2276 manifestatum
1483 2224 1557 2267 est
1590 2214 1679 2279 ⁸⁸⁸,
1706 2215 1772 2269 iis
1802 2216 2074 2281 nimirum,

516 2300 710 2368 quibus
738 2298 905 2354 voluit
934 2302 1036 2357 hoc
1088 2302 1262 2371 ipsum
1292 2303 1431 2359 Deus
1468 2305 1732 2369 revelare,
1782 2323 1902 2377 qua:
1954 2318 2078 2363 sunt

517 2391 717 2445 divitiae
754 2390 958 2461 gloriae,
996 2395 1235 2465 mysterii
1280 2397 1438 2464 huius
1474 2398 1526 2451 in
1587 2399 1838 2468 gentibus
1883 2400 2078 2469 quibus

517 2491 601 2539 est
634 2482 880 2538 Christus
906 2485 957 2538 in
982 2486 1157 2541 nobis.
1192 2486 1437 2543 Christus
1491 2500 1611 2543 erat
1659 2490 1821 2559 igitur
1879 2502 2079 2562 myste-

518 2574 658 2628 rium
693 2575 819 2629 illud
848 2594 860 2630 :
889 2575 1059 2632 Filius
1090 2578 1135 2633 is
1162 2578 1413 2632 nimirum
1454 2579 1566 2633 Dei.
1592 2578 1855 2646 Quocirca
1889 2582 2079 2653 mysti-

518 2682 639 2719 cum
666 2666 719 2720 in
745 2668 981 2732 modum,
1010 2668 1157 2723 illum
1205 2670 1333 2724 olim
1362 2671 1739 2726 diversimodis
1762 2673 2078 2742 appellatio~

520 2760 678 2814 nibus
701 2760 976 2831 prophetae
993 2759 1449 2828 gloriﬁcaverunt,
1474 2762 1525 2816 id
1552 2764 1690 2833 quod
1714 2772 1831 2817 erat
1863 2765 2078 2819 inenar-

519 2848 687 2903 rabile
712 2850 1105 2905 abscondentes
1134 2868 1149 2907 :
1192 2851 1441 2921 illiusque
1477 2853 1856 2908 revelationem
1894 2856 2078 2924 gratim

518 2940 686 3010 ipsius
721 2941 772 2994 in
808 2956 995 2995 omnes
1025 2939 1403 3007 diiTundendm,
1452 2945 1606 3012 quasi
1656 2947 1963 3000 thesaurum
1994 2962 2077 3002 re-

2174 478 2481 547 καιοσύνην,
2528 478 2619 529 καὶ
2644 477 2816 545 λόγον,
2864 479 2956 530 καὶ
2997 479 3104 531 πᾶν
3136 480 3163 531 ὅ
3189 495 3239 531 τι
3289 477 3450 532 καλὸν
3472 481 3566 533 καὶ
3604 482 3747 549 ἀγαι

2174 568 2297 631 θόν;
2356 565 2552 637 μᾶλλον
2612 567 2668 620 δὲ
2734 568 2892 620 αὑτὸν
2954 563 3090 621 εἶναι
3149 569 3323 622 πάντα
3381 569 3584 635 ταῦτα,
3644 574 3746 624 καὶ

2173 658 2227 710 εἴ
2240 676 2291 711 τι
2313 658 2513 711 τούτων
2538 656 2802 730 ἀνώτερόν
2829 675 2888 710 τε
2915 659 3005 711 καὶ
3025 661 3286 730 κρεῖττον,
3304 662 3396 713 καὶ
3414 664 3545 731 ἡμῖν
3562 663 3745 730 ἄγνω-

2176 748 2430 817 στον(58)
2464 766 2479 779 ’
2510 747 2681 801 ταῦτα
2728 748 2834 820 γὰρ
2875 749 3246 813 αὐτοδίδακτος
3275 751 3435 820 φύσις
3460 751 3747 821 ὁμολογεῖν

2175 842 2302 911 περὶ
2324 840 2418 894 τοῦ
2445 839 2578 893 Θεοῦ
2612 841 2789 894 πάντα
2831 840 3113 911 ἄνθρωπον
3139 840 3513 911 ἐξαναγκάζει.
3548 844 3744 899 Ἔνθεν

2174 934 2267 985 κα)⁵
2290 933 2379 986 τὸν
2406 934 2533 987 Υιὸν
2552 931 2909 1003 διδασκόμεθα
2938 933 3112 986 πάντα
3134 933 3303 987 ταῦτα
3330 930 3486 998 εἶναι,
3513 936 3607 989 ᾶτε
3630 937 3745 989 Μο-

2174 1027 2363 1097 νογενῆ
2389 1026 2533 1089 Υίὸν,
2572 1026 2667 1079 καὶ
2691 1026 3019 1098 κληρονόμον
3060 1026 3184 1079 ὄντα
3228 1026 3319 1079 τοῦ
3366 1027 3594 1099 Πατρὸς,
3645 1030 3745 1083 καὶ

2179 1117 2341 1169 πάντ’
2399 1115 2623 1184 ἔχοντα,
2670 1116 2768 1167 ὅσα
2819 1117 2912 1169 καὶ
2969 1118 2996 1169 ὁ
3050 1117 3256 1187 Πατήρ.
3295 1116 3383 1168 Διὸ
3423 1118 3492 1169 ἐν
3537 1117 3747 1186 μορφῇ

2177 1203 2320 1259 Θεοῦ
2358 1204 2603 1258 λέλεκται
2658 1205 2799 1274 (59)·
2859 1206 2950 1258 καὶ
3009 1205 3186 1259 εἰκὼν
3237 1205 3342 1259 τοῦ
3394 1207 3539 1260 Θεοῦ
3603 1207 3742 1277 (60),

2174 1297 2315 1351 κατά
2342 1296 2431 1348 τὸν
2454 1294 2594 1349 θεῖον
2636 1296 2972 1360 Ἀπόστολον,
3001 1299 3244 1365 φήσαντα
3262 1336 3274 1347 .
3316 1298 3419 1361 Ὃς
3442 1297 3512 1349 ἐν
3535 1298 3749 1375 μορφῇ

2178 1391 2323 1445 Θεοῦ
2342 1389 2645 1457 ὑπάρχων,
2675 1390 2786 1454 οὐχ
2817 1387 3127 1455 ἁρπαγμὸν
3158 1385 3427 1455 ἡγήσατο
3453 1382 3600 1441 εἶναι
3625 1390 3641 1442 ί
3649 1387 3745 1451 61)

2176 1481 2281 1536 ἴσα
2305 1480 2443 1546 Θεῷ.
2468 1481 2577 1533 Καὶ
2600 1479 2778 1531 πάλιν·
2811 1478 2916 1543 Ὃς
2934 1477 3103 1530 ἐστιν
3119 1476 3296 1530 εἰκὼν
3315 1477 3422 1530 τοῦ
3444 1477 3748 1547 Θεοῦ.[οὐκ

2175 1573 2281 1644 ἄρα
2308 1573 2370 1626 τὸ
2401 1570 2614 1639 λογικὸν
2642 1565 2780 1623 εἷναι
2808 1568 2899 1621 τὸν
2924 1569 3053 1621 Θεὸν
3072 1568 3226 1622 τοῦτο
3247 1563 3313 1638 ἦν
3334 1567 3400 1620 τὸ
3410 1566 3750 1651 μυστήριον

2176 1667 2236 1718 τὸ
2247 1662 2770 1732 ἀποκεκρυμμένον
2784 1662 2900 1714 ἀπὸ
2916 1659 3033 1713 τῶν
3046 1659 3272 1713 αἰώνων
3287 1660 3383 1714 καὶ
3399 1659 3511 1713 ἀπὸ
3528 1659 3647 1712 τῶν
3658 1678 3750 1730 γε-

2175 1754 2355 1807 νεῶν*
2390 1751 2508 1805 οὐδὲ
2553 1750 2704 1803 τοῦτο
2743 1749 2836 1803 νῦν
2877 1749 3212 1819 ἐφανερώθη,
3259 1749 3319 1801 τὸ
3369 1752 3621 1819 φυσικαῖς
3652 1752 3747 1802 ὲν-

2177 1848 2348 1908 νοίαις
2401 1846 2566 1898 πᾶσιν
2630 1842 2933 1914 ἀνθρώποις
2995 1842 3352 1911 ἐγνωσμένον.
3417 1841 3576 1894 Ἀλλὰ
3635 1844 3749 1913 γὰρ

2178 1938 2346 1998 ποῖον,
2366 1937 2412 1986 εἰ
2437 1932 2609 2005 ἔροιτό
2637 1949 2739 1995 τις,
2777 1933 3125 2003 ἀποκρίνεται
3157 1934 3184 1983 ὁ
3219 1931 3563 1993 Ἀπόστολος’
3592 1933 3747 1986 Νυνὶ

2176 2027 2244 2080 δὲ
2253 2025 2607 2095 ἐφανερώθη,
2624 2025 2817 2094 λέγων,
2833 2024 2954 2089 τοῖς
2966 2023 3152 2092 ἁγίοις
3166 2021 3371 2087 αὐτοῦ,
3388 2017 3468 2086 οἷς
3483 2020 3750 2092 ἠθέλησεν

2176 2122 2204 2172 ὁ
2232 2118 2361 2181 Θεὸς
2384 2118 2666 2188 γνωρίσαι,
2695 2116 2775 2181 τίς
2798 2118 2826 2169 ὁ
2850 2114 3075 2178 πλοῦτος
3100 2116 3197 2186 τῆς
3228 2114 3386 2184 δόξης
3418 2112 3509 2166 τοῦ
3538 2129 3747 2184 μυστη-

2182 2209 2295 2279 ρίου
2317 2207 2505 2260 τούτου
2535 2208 2592 2259 ὲν
2618 2209 2729 2269 τοῖς
2758 2206 2983 2268 ἔθνεσιν,
3006 2200 3087 2269 οἷς
3117 2206 3230 2258 ἐστι
3255 2204 3485 2275 Χριστὸς
3510 2206 3570 2257 ἐν
3594 2206 3744 2275 ὑμῖν.

2178 2298 2415 2369 Χριστὸς
2437 2293 2528 2351 οὖν
2556 2293 2624 2368 ἦν
2652 2298 2710 2351 τὸ
2740 2299 3064 2369 μυστήριον·
3095 2297 3250 2368 δῆλον
3281 2298 3325 2350 δ’
3358 2299 3439 2351 ὅτι
3469 2299 3597 2363 Υἱὸς
3630 2298 3747 2370 (62)

2178 2390 2270 2443 τοῦ
2299 2389 2453 2443 Θεοῦ.
2492 2389 2582 2442 Διὸ
2632 2390 2907 2460 μυστικῶς
2956 2390 3217 2460 πρότερον
3248 2390 3519 2461 διαφόροις
3557 2392 3606 2443 οἱ
3651 2389 3745 2443 τοῦ

2178 2482 2311 2535 Θεοῦ
2342 2480 2615 2554 προφῆται
2643 2481 2803 2533 αὑτὸν
2829 2480 3073 2547 ἐδόξαζον
3106 2482 3441 2552 ὲπηγορίαις,
3475 2482 3533 2535 τὸ
3571 2482 3749 2555 ἀπόρ-

2180 2573 2338 2643 ρητον
2374 2570 2831 2640 ἀποκρύπτοντες,
2865 2571 2958 2622 καὶ
2993 2573 3058 2641 τῇ
3093 2570 3257 2623 αὐτοῦ
3306 2571 3489 2642 χάριτι
3529 2571 3625 2644 τὴν
3666 2574 3755 2634 εἰς

2182 2663 2390 2726 πάντας
2426 2661 2764 2731 ἀποκάλυψιν
2791 2661 2952 2715 αὑτοῦ
2979 2664 3384 2732 ταμιευόμενοι.
3414 2664 3542 2716 Ὅτε
3567 2664 3754 2716 τοίνυν

2182 2753 2319 2825 μετά
2350 2752 2614 2817 τοσαύτας
2635 2752 2744 2806 τῶν
2769 2753 2998 2823 Γραφῶν
3027 2755 3332 2825 μαρτυρίας
3358 2753 3750 2825 διῖσχυρίζεται

2179 2843 2514 2916 Μάρκελλος,
2554 2844 2659 2897 τὸν
2686 2845 2755 2897 ἐν
2785 2843 2940 2912 ἀρχῇ
2975 2846 3189 2913 Λόγον,
3221 2846 3349 2916 πρὶν
3377 2845 3409 2915 ἦ
3442 2846 3540 2916 τὴν
3569 2845 3747 2917 σάρκα

2181 2935 2484 3000 ἀναλαϐεῖν,
2515 2936 2677 3007 μηδὲν
2704 2938 2886 3007 ἕτερον
2916 2932 3051 2989 εἶναι
3075 2938 3106 3008 ἢ
3131 2939 3302 3006 Λόγον
3323 2956 3336 2969 ·
3369 2939 3461 2991 καὶ
3491 2938 3612 3009 μηδ’
3640 2939 3751 2991 ἑτέ-

519 3040 802 3085 servantes
833 3031 1190 3087 reconditum.
1222 3031 1353 3086 Cum
1386 3048 1510 3088 vero
1543 3045 1662 3101 post
1693 3045 1770 3090 tot
1823 3052 1854 3091 e
1906 3039 2074 3093 sacris

2186 3046 2259 3100 ρῳ
2286 3029 2619 3100 χρηματίσαι
2639 3028 2884 3098 ὀνόματι·
2921 3029 3039 3080 τότε
3062 3028 3116 3081 δὲ
3148 3028 3414 3101 διαφόρων
3441 3030 3749 3100 ὲπηγοριῶν

520 3122 821 3191 Scripturis
847 3122 1154 3176 testimonia
1181 3125 1468 3178 contendat
1490 3125 1768 3181 Marcellus
1797 3128 2073 3183 nihilomi-

518 3229 642 3277 nus,
672 3214 821 3281 illud,
847 3212 913 3267 In
938 3216 1196 3285 principio
1246 3221 1377 3270 erat'
1400 3214 1620 3271 Verbum
1643 3219 1712 3283 ",
1745 3220 1875 3273 nihil
1932 3220 2074 3276 aliud

520 3294 777 3372 indicare,
810 3321 968 3376 quam
990 3321 1133 3371 eum,
1160 3308 1468 3377 priusquam
1495 3313 1800 3366 assumebat
1831 3328 2073 3376 carnem.

520 3396 651 3450 nihil
682 3396 825 3451 aliud
879 3413 1037 3467 quam
1090 3398 1318 3453 Verbum
1367 3401 1684 3458 exstitisse:
1744 3418 1917 3472 neque
1968 3402 2077 3457 ullo

522 3497 715 3556 prmter
741 3488 867 3543 illud
907 3489 1124 3545 nomine
1153 3492 1475 3559 appellatum
1506 3509 1518 3545 :
1546 3502 1654 3546 tum
1684 3508 1811 3547 vero
1845 3494 2077 3563 primum

520 3592 615 3645 per
637 3580 815 3633 varias
843 3580 1138 3635 indicatum
1173 3586 1637 3649 nomenclaturas,
1690 3584 1904 3653 quando
1943 3582 2077 3637 Ver-

2180 3122 2551 3193 τετυχηκέναι,
2582 3120 2668 3171 ὅτε
2698 3120 2726 3171 ὁ
2761 3121 2931 3188 Λόγος
2976 3119 3111 3191 σὰρξ
3147 3121 3382 3191 ἐγένετο,
3418 3122 3521 3193 πρὸ
3559 3120 3746 3174 τούτου

2185 3215 2347 3285 μηδὲν
2396 3212 2579 3283 ἕτερον
2633 3210 2759 3264 ὅντα
2809 3213 2840 3281 ἢ
2884 3214 3081 3280 Λόγον’
3129 3214 3247 3275 πῶς
3278 3214 3377 3267 οὐκ
3408 3212 3621 3284 ἀμαθὴς
3654 3215 3749 3265 καὶ

2184 3306 2436 3368 ἀσύνετος
2484 3304 2591 3357 τῶν
2643 3305 2800 3358 θείων
2848 3306 3107 3376 ἐλελίχθη*
3154 3307 3221 3361 ἂν
3269 3304 3740 3375 ἀναγνωσμάτωνς

2196 3397 2354 3451 Ἀλλά
2413 3398 2542 3468 γὰρ,
2591 3397 2777 3450 τούτου
2826 3400 3136 3463 συστάντος,
3200 3400 3328 3471 φέρε
3380 3398 3578 3460 λοιπὸν,
3626 3397 3739 3449 ὦσ-

2186 3508 2291 3561 περ
2344 3489 2768 3553 ἀναϐεϐιωκότα,
2826 3491 2916 3544 τὸν
2967 3492 3083 3547 νέον
3141 3491 3412 3545 Σαὸέλλιον
3474 3490 3740 3544 ἐποπτεύ-

2187 3599 2386 3653 σωμεν.

521 3672 644 3726 bum
677 3688 808 3727 caro
841 3673 1041 3729 factum
1068 3676 1263 3741 fuerat,
1294 3690 1417 3731 cum
1445 3678 1595 3747 prius
1652 3688 1848 3747 praeter
1878 3675 2113 3732 Verbum
2153 3679 2309 3748 plane
2332 3675 2461 3729 nihil
2529 3678 2864 3743 exstitisset;
2908 3688 3054 3735 certe
3099 3695 3320 3749 prorsus
3364 3680 3452 3735 hic
3498 3678 3745 3735 indoctus

520 3766 957 3837 deprehenditur,
988 3779 1043 3823 et
1077 3770 1126 3823 in
1161 3771 1455 3841 Scripturis
1496 3772 1667 3826 sacris
1715 3771 2077 3842 intelligendis
2114 3773 2269 3842 plane
2331 3772 2528 3828 infans.
2564 3770 2675 3829 Hoc
2739 3787 2869 3828 vero
2909 3772 2985 3827 sic
3014 3772 3299 3842 adornato,
3337 3772 3563 3845 agedum
3593 3772 3747 3827 dein—

521 3878 667 3934 ceps,
693 3863 858 3918 veluti
891 3864 1211 3929 redivivum,
1252 3882 1448 3922 novum
1484 3868 1626 3923 hunc
1654 3867 1947 3924 Sabellium
1980 3869 2441 3940 introspiciamus.
3080 3866 3085 3869 ’

595 4028 652 4083 ›Ῑ‹
691 4023 786 4077 Ed.
821 4019 995 4076 Paris.
1028 4036 1154 4093 pag.
1184 4024 1305 4077 lOi.

590 4093 636 4124 "
665 4093 891 4162 Philipp.
919 4108 979 4160 ll,
1011 4092 1064 4146 6.
1112 4092 1185 4125 νο
1216 4093 1377 4149 llebr.
1407 4108 1460 4159 1,.
1480 4094 1532 4149 5.
1602 4092 1669 4126 ’δ’
1690 4093 1897 4150 Coloss.
1928 4108 1964 4157 ι,
1994 4092 2074 4149 26.

2178 4098 2206 4129 ι’
2232 4094 2387 4150 Joan.
2416 4112 2454 4160 ι,
2483 4097 2533 4149 1.

725 4272 892 4344 Vulgo
924 4274 1044 4341 ἄγν.
1085 4274 1189 4344 εἴη.

586 4343 696 4411 (59)
729 4342 899 4411 Vulgo
940 4342 1174 4411 λέγεταιζ

592 4412 703 4486 (βο)
727 4413 923 4486 Εἰκὼν
951 4414 1056 4486 τοιξ
1087 4414 1255 4471 Θεοῦ.
1290 4415 1438 4471 Adde
1465 4415 1717 4486 ἀοράτου.
1746 4416 1815 4470 Μ.

591 4482 703 4559 (61)
726 4483 896 4559 Vulgo
921 4486 983 4540 τὸ
1006 4482 1163 4540 εἶναι.

2184 4322 2199 4351 τί
2224 4350 2229 4351 ί
2258 4278 2369 4351 (62)
2404 4276 2599 4351 ᾼῆλογ
2628 4279 2680 4333 δ’
2716 4280 2804 4333 ὅτι
2835 4283 2984 4347 Υἱός.
3031 4281 3188 4338 Forte
3242 4280 3403 4351 δῆλον
3456 4281 3529 4342 δὲ,
3562 4280 3750 4333 καθότι

2174 4336 2313 4412 έΥιδς
2344 4336 2436 4401 τοῦ
2467 4336 2630 4411 Θεοῦ.
2669 4364 2860 4419 nempe
2896 4336 3236 4406 antesaacula
3271 4336 3557 4413 e'ssistcus,
3583 4368 3751 4419 oppu—

2187 4420 2320 4473 situs
2353 4420 2465 4541 [tilio
2496 4420 2750 4476 hominis.
2770 4418 2840 4476 Μ.
2868 4452 2931 4461 -
2950 4421 3067 4477 Mox
3108 4423 3263 4493 vulgo
3297 4421 3551 4486 ἐδόξασαν
3579 4418 3631 4476 et
3651 4438 3749 4473 tat-

2191 4507 2353 4541 mauu
2386 4506 2480 4541 νοι.

2188 4506 2480 4561 μιευμενοι.
