4086 6208
367 214 467 271 901
1345 227 1432 285 DE
1469 230 1879 289 ECCLESIAS'I

1984 240 2004 291 ι
2035 235 2444 293 τιιΕοιοιιιΑ.
2476 237 2601 294 LIB.
2644 239 2705 294 ΙΙ.
3060 198 3076 217 ο
3478 252 3581 306 902

367 331 664 388 ὑπόστασιν
690 332 785 389 τοῦ
816 335 942 389 Υἱοῦ
974 342 1149 412 γυμνῇ
1179 344 1244 413 τῇ
1271 345 1498 418 κεφαλῇ,
1523 348 1659 418 πρὸς
1688 350 1788 420 τῆς
1822 351 1879 404 τι]

1984 362 2002 414 λ
2032 352 2163 406 nihil
2193 366 2411 421 prorsus
2456 354 2730 409 exstitisse
2767 365 2961 424 praeter
2993 357 3157 414 Deum
3189 360 3363 416 docet.
3408 363 3580 422 Verba

363 425 640 497 γεννητῶν
670 426 1022 501 δημιουργίας
1066 431 1228 502 μηδὲν
1272 435 1455 506 ἕτερον
1494 434 1630 492 εἶναι
1673 441 1811 510 πλὴν
1833 459 1879 495 τι

2028 455 2203 498 autem
2230 445 2348 514 ejus
2376 445 2490 499 haec
2520 447 2632 513 ipsa
2657 456 2813 500 sunt:
2841 446 2912 519 [Β
2941 448 3074 503 XCII
3100 461 3153 504 et
3187 451 3364 527 XCIII]
3404 474 3422 508 ι
3447 458 3584 513 Cou-

361 514 502 571 Θεοῦ
537 519 697 589 μόνου
736 522 1191 592 ἀποφαινόμενοςο
1235 527 1433 597 γράφει
1467 528 1511 581 δ’
1546 526 1639 585 οὖν
1660 527 1762 585 ὦδε
1792 550 1879 586 κατ

2031 552 2049 584 i
2095 548 2297 587 cessam
2329 534 2403 589 illi
2441 536 2685 605 gloriam,
2732 537 2983 593 Asterius
3012 551 3067 593 et
3103 542 3354 611 gloriam,
3383 555 3437 601 et
3470 564 3576 603 non

362 608 509 674 λέξιν
539 612 703 683 ἰΤὴν
726 612 969 668 δοθεῖσαν
993 617 1139 687 αὐτῷ
1162 617 1315 683 δόξαν
1349 620 1622 693 Ἀστέριος
1636 624 1791 689 δόξαν
1806 628 1879 679 όν(

2030 642 2047 672 ι
2093 622 2315 692 gloriam
2355 625 2597 679 nominat
2638 642 2651 679 :
2690 625 2815 679 dum
2868 642 2971 681 non
3008 608 3389 698 reminiscitur,
3435 638 3579 703 quod

371 718 393 751 ι
433 700 615 771 μάζει,
636 704 727 756 καί
754 703 815 755 οὐ
831 704 991 771 δόξαν
1014 707 1173 777 μόνον
1189 710 1321 780 (70),
1339 712 1473 768 ἀλλὰ
1490 716 1879 789 καὶπροκόσμιι

2029 731 2047 764 ι
2094 728 2216 768 cum
2254 715 2487 769 nondum
2537 717 2765 770 mundus
2810 726 2951 771 esset
2993 720 3273 788 conditus,
3312 725 3445 778 nihil
3480 741 3579 780 ex-

370 811 390 843 t
427 794 601 862 δόξαν.
618 795 729 848 Οὐκ
740 795 953 861 ἐννοῶν,
980 799 1083 862 ότι,
1111 802 1274 873 μήπω
1294 804 1386 857 τοῦ
1399 805 1602 876 κόσμου
1620 810 1879 876 γεγονότο.

2027 825 2045 856 ι
2089 805 2264 859 stabat
2297 805 2440 859 aliud
2474 816 2669 875 praeter
2697 810 2867 863 solum
2910 810 3094 865 Deum.
3118 831 3137 864 ι
3172 813 3276 869 Sed
3317 825 3372 870 et
3414 818 3579 873 idem-

368 903 389 933 α
414 885 543 954 ,(71)
569 886 715 939 οὐδὲν
729 886 914 960 ἕτερον
954 885 1023 960 ἦν
1045 890 1181 962 πλὴν
1196 892 1328 946 Θεοῦ
1355 895 1535 965 μόνου.
1575 916 1593 949 ι
1629 899 1739 951 Καὶ
1768 896 1879 953 αὖθι

2023 899 2308 968 metipsum
2370 898 2687 963 conﬁrmat,
2760 901 3008 970 inquiens
3073 919 3118 958 ε·
3154 922 3175 956 ι
3242 906 3446 962 Ctelum
3526 920 3580 966 et

359 977 421 1030 τὸ
460 979 589 1033 αὐτὸ
620 979 833 1049 βεϐαιοῖ
865 981 1071 1050 λέγων·
1102 1004 1123 1035 ‹
1158 986 1398 1057 οὐρανὸς
1422 989 1707 1059 καὶγῆκαὶ
1742 990 1879 1044 πάντ

2024 1002 2043 1034 ι
2090 995 2253 1051 terra,
2282 996 2335 1040 et
2366 1001 2485 1055 quae
2510 988 2561 1040 in
2593 989 2744 1042 cretis
2767 1001 2893 1044 sunt
2921 1001 2976 1046 et
3005 992 3057 1048 in
3089 1003 3233 1049 terra
3265 997 3514 1055 universa
3545 1016 3575 1054 a

363 1088 382 1120 ι
418 1071 485 1124 τὰ
519 1073 576 1125 ὲν
607 1072 856 1143 οὐρανοῖς
899 1075 992 1127 καὶ
1022 1077 1114 1129 ἐπὶ
1132 1077 1233 1147 τῆς
1254 1079 1356 1150 γῆς
1376 1080 1525 1147 ὄντα,
1542 1083 1646 1136 ὑπὸ
1662 1083 1761 1137 τοῦ
1784 1084 1879 1138 Θεο

2023 1091 2042 1123 ¢
2090 1076 2197 1129 Deo
2232 1075 2450 1131 fuerunt
2497 1077 2659 1132 facta.
2710 1079 2824 1134 Hoc
2869 1081 2914 1135 si
2953 1084 3175 1149 credat,
3224 1101 3449 1144 necesse
3492 1102 3579 1145 est

360 1180 381 1212 ι
417 1162 721 1235 γεγένηται.
744 1167 807 1218 El
831 1166 1009 1219 τοίνυν
1034 1167 1191 1222 τοῦτο
1224 1171 1485 1237 πιστεύοι,
1520 1174 1730 1247 ἀνάγκη
1756 1177 1879 1231 αὑτό

2022 1182 2041 1214 ι
2088 1166 2227 1233 quod
2266 1168 2538 1237 conspiret
2573 1170 2691 1239 ejus
2723 1171 2905 1241 opinio
2928 1188 3053 1226 cum
3082 1189 3169 1239 ea,
3195 1176 3345 1242 Quod
3380 1192 3577 1248 printer

359 1270 378 1303 ι
420 1255 635 1307 κάκεῖνο
680 1255 1073 1327 συνομολογεῖν,
1122 1261 1203 1313 ὅτι
1263 1260 1399 1333 πλὴν
1436 1264 1569 1319 Θεοῦ
1612 1267 1763 1322 οὐδὲν
1803 1268 1918 1322 ἔτε-

356 1362 585 1414 ερον.»

992 1436 1148 1489 ΚΕΦ.
1200 1437 1274 1493 B'.

458 1523 650 1589 Ὅπως
684 1522 779 1577 καί
798 1521 1129 1587 Ἰουδαῖζων
1154 1500 1228 1598 τῇ
1258 1530 1403 1601 δόξῃ
1423 1533 1803 1606 διελέγχεται.

425 1615 590 1686 Ὁρᾷς
635 1615 881 1703 Ἰουδαῖον
905 1616 1016 1687 (72)
1045 1618 1318 1691 ἄντικρυς,
1345 1624 1437 1679 τὸν
1483 1628 1756 1703 Μονογενῆ
1783 1632 1910 1686 Υίὸν

342 1797 451 1870 γὰρ
479 1795 617 1869 πλὴν
640 1795 784 1851 Θεοῦ
806 1799 955 1852 οὐδὲν
979 1801 1164 1873 ἕτερον
1196 1800 1264 1875 ἦν
1294 1807 1401 1877 πρὸ
1431 1810 1529 1880 τῆς
1568 1810 1662 1863 τοῦ
1698 1814 1902 1884 κόσμου

342 1890 624 1957 γενέσεως,
655 1892 754 1945 οὐκ
799 1888 867 1964 ἦν
915 1894 1022 1964 ἄρα
1064 1897 1092 1948 6
1132 1894 1277 1961 Υἱός.
1321 1900 1430 1953 Καὶ
1474 1902 1591 1965 πῶς
1635 1905 1811 1961 πάντα
1836 1908 1903 1960 δι’

341 1978 503 2033 αὑτοῦ
534 1981 746 2049 ἐγένετο
780 1983 873 2037 καὶ
905 1987 1073 2055 χωρὶς
1104 1987 1268 2041 αὐτοῦ
1299 1990 1512 2059 ἐγένετο
1541 1995 1661 2047 οὐδὲ
1707 1996 1799 2062 ἒνς
1844 1999 1902 2053 '0

343 2074 440 2143 μὲν
462 2068 555 2126 οὖν
598 2075 863 2139 Ἰουδαῖος,
898 2080 927 2130 6
955 2079 1045 2132 τὸν
1080 2081 1311 2153 Χριστὸν
1342 2083 1435 2137 τοῦ
1457 2085 1606 2145 ,Θεοῦ
1639 2088 1902 2159 ἀρνούμε-

339 2180 447 2229 νος,
487 2166 592 2236 πρὸ
627 2166 724 2237 τῆς
767 2168 859 2221 τοῦ
894 2170 1097 2241 κόσμου
1131 2173 1395 2239 γενέσεως
1430 2178 1580 2231 οὐδὲν
1609 2173 1719 2232 οἶδε
1762 2180 1900 2254 πλὴν

337 2256 471 2311 Θεοῦ
492 2258 672 2327 μόνου,
692 2261 1207 2332 συμμαρτυροῦντος
1237 2264 1385 2335 αὐτῷ
1416 2268 1733 2340 Μαρκέλλου
1760 2272 1895 2343 (75)·

332 2350 368 2420 ἠ
392 2347 449 2400 δὲ
480 2348 716 2419 Χριστοῦ
733 2350 1047 2422 Ἐκκλησία,
1080 2354 1177 2407 σὺν
1215 2357 1495 2429 παρρησία
1522 2360 1670 2434 πάσῃ
1698 2364 1897 2433 σεμνύ-

333 2456 485 2492 νεται
514 2439 744 2508 λέγουσα
764 2459 777 2472 ’
812 2443 984 2512 Ἡμῖν
1016 2441 1104 2511 εἷς
1145 2446 1287 2515 Θεὸς
1316 2452 1348 2502 ό
1376 2449 1597 2519 Πατὴρ,
1631 2453 1701 2517 ἐξ
1726 2450 1799 2510 οὗ
1823 2455 1897 2510 τὰ

333 2531 560 2585 πάντω
593 2533 691 2587 καὶ
726 2532 813 2600 εἷς
853 2537 1067 2603 Κύριος
1111 2538 1348 2606 Ἰησοῦς
1383 2542 1654 2610 Χριστός,
1703 2544 1779 2598 δι’
1820 2542 1893 2603 οὗ

332 2622 405 2676 τὰ
432 2622 643 2678 πάντα.
682 2626 849 2679 Ἐπὰν
888 2626 944 2680 δὲ
985 2627 1137 2700 λέγῃ,
1181 2629 1261 2683 Δι’
1284 2626 1356 2686 οὗ
1389 2633 1462 2686 τὰ
1497 2633 1711 2701 πάντα,
1755 2631 1894 2692 οἶδεν

332 2715 494 2768 αὐτὸν
520 2716 622 2786 πρὸ
649 2718 883 2771 πάντων.
924 2718 1085 2773 Ὥστε
1115 2721 1219 2793 πρὸ
1258 2722 1364 2793 τῆς
1387 2723 1479 2777 τοῦ
1510 2726 1713 2799 κόσμου
1742 2730 1893 2798 γενέ-

332 2808 513 2870 σεωςό
534 2807 703 2876 λέγων
722 2809 870 2862 οὐδὲν
883 2809 1068 2881 ἕτερον
1089 2808 1224 2866 εἶναι
1250 2812 1386 2885 πλὴν
1419 2814 1554 2869 Θεοῦ
1582 2817 1766 2886 μόνου,
1790 2820 1891 2891 τῆς

332 2896 589 2968 ἀληθείας
624 2899 1031 2970 καταψεύδεται.
1071 2903 1178 2956 Σὺν
1209 2904 1317 2974 γὰρ
1340 2904 1418 2975 τῷ
1458 2906 1602 2977 μόνῳ
1630 2908 1749 2979 Θεῷ
1795 2912 1888 2965 καὶ

2020 1274 2038 1305 ι
2088 1256 2249 1312 Deum
2280 1259 2409 1312 nihil
2438 1270 2575 1314 erat.
2603 1280 2621 1310 ο

2713 1440 2861 1496 CAP.
2908 1445 2970 1501 ll.

2283 1478 2293 1489 .
2713 1446 2861 1496 CAP.
2908 1446 2970 1501 Il.

2081 1527 2234 1591 Quod
2263 1528 2554 1585 Judaizare
2581 1446 2982 1601 eligi-attenditur
3016 1538 3071 1592 in
3106 1542 3351 1606 opinione
3380 1560 3496 1599 sua.

2080 1616 2240 1671 Vides
2274 1630 2329 1671 ut
2362 1629 2565 1675 tantum
2598 1639 2702 1677 non
2736 1624 3057 1681 seJudaaum
3105 1642 3343 1699 praestet.
3376 1651 3571 1704 perne-

341 1704 438 1758 τοῦ
468 1704 626 1771 Θεοῦ,
670 1706 737 1759 δι’
758 1701 819 1761 οὗ
862 1706 935 1761 τὰ
974 1709 1150 1765 πάντα
1177 1712 1417 1782 γέγονεν,
1458 1698 1805 1789 ἀρνούμενον.
1842 1725 1879 1777 Ε

2008 1725 2137 1775 guns
2168 1710 2258 1765 Dei
2290 1711 2480 1767 Filium
2513 1714 2867 1786 unigenitum,
2905 1735 3001 1789 per
3040 1698 3199 1790 quem
3228 1698 3406 1783 omnia
3438 1746 3568 1785 con-

2006 1801 2160 1855 didit.
2213 1802 2485 1873 Siquidem
2541 1817 2734 1875 praater
2783 1809 2951 1865 Deum
3002 1814 3138 1869 nihil
3190 1828 3309 1872 erat
3378 1821 3562 1889 aliud,

2004 1894 2309 1962 priusquam
2362 1897 2592 1955 mundus
2620 1900 3068 1969 ‘produoebatur:
3106 1916 3216 1963 tum
3267 1921 3417 1968 certe
3457 1930 3562 1970 non

2001 1992 2119 2038 erat
2146 1983 2344 2053 Filius;
2370 1996 2423 2041 et
2455 1998 2591 2053 tum,
2618 1994 2886 2059 quomodo
2909 1998 3087 2051 omnia
3117 2014 3215 2068 per
3244 2002 3391 2058 illum
3422 2006 3562 2064 facta

2001 2074 2231 2143 fuerant,
2259 2086 2312 2133 et
2343 2079 2460 2133 sine
2487 2094 2552 2134 eo
2596 2082 2799 2137 factum
2828 2094 2910 2140 est
2959 2087 3131 2143 nihil?
3159 2090 3317 2149 Certe
3350 2094 3563 2155 Iudaeus

1999 2167 2088 2235 qui
2118 2167 2391 2223 Christum
2418 2184 2541 2225 esse
2562 2181 2829 2243 pernegat
2852 2176 2946 2229 Dei
2970 2176 3195 2247 Filium,
3224 2192 3350 2240 ante
3375 2191 3561 2245 mundi

1996 2263 2437 2318 constitutionem
2463 2276 2717 2336 agnoscet
2736 2269 3006 2326 exstitisse
3024 2272 3187 2341 plane
3210 2276 3341 2331 nihil
3365 2292 3562 2349 praeter

1996 2352 2166 2409 solum
2196 2354 2361 2410 Deum
2390 2373 2405 2411 :
2441 2359 2530 2412 cui
2569 2359 2815 2427 perhibet
2846 2360 3129 2422 Marcellus
3164 2371 3555 2431 testimonium.

1993 2448 2063 2502 At
2108 2446 2311 2505 Christi
2360 2449 2631 2517 Ecclesia,
2674 2469 2799 2509 cum
2844 2457 2991 2512 omni
3026 2458 3275 2519 libertate
3323 2466 3559 2534 gloriose

1994 2540 2312 2611 proﬁtetur:
2348 2541 2515 2596 Nobis
2547 2560 2682 2597 unus
2729 2544 2868 2600 Deus
2912 2558 2991 2602 est
3024 2548 3207 2618 Pater,
3242 2570 3270 2608 e
3299 2572 3401 2625 quo
3433 2570 3556 2613 sunt

1992 2633 2206 2686 omnia:
2234 2642 2284 2687 et
2315 2649 2449 2687 unus
2484 2634 2739 2689 Dominus
2780 2636 2937 2693 Iesus
2982 2639 3241 2710 Christus,
3282 2664 3375 2715 per
3402 2666 3556 2720 quem

1990 2731 2115 2777 sunt
2147 2724 2321 2777 omnia
2352 2724 2417 2776 θ’.
2477 2723 2609 2779 Cum
2655 2740 2784 2782 vero
2842 2731 2986 2785 dicat
3022 2748 3035 2783 :
3074 2733 3181 2790 Per
3234 2756 3386 2809 quem
3430 2753 3554 2798 sunt

1991 2816 2188 2881 omnia,
2216 2816 2364 2870 illum
2395 2818 2637 2887 agnoscit
2665 2829 2791 2874 ante
2808 2825 3021 2880 omnia.
3050 2826 3200 2884 Adeo
3226 2839 3284 2885 ut
3312 2834 3403 2903 qui
3439 2845 3555 2889 tue-

1992 2915 2097 2973 tur,
2143 2915 2268 2964 ante
2311 2911 2567 2964 mundum
2613 2912 2886 2968 conditum
2912 2953 2927 2979 ,
2961 2916 3097 2971 nihil
3142 2922 3361 2978 omnino
3405 2925 3552 2982 aliud

328 2990 360 3040 6
385 2988 691 3059 Μονογενὴς
704 2990 867 3043 αὑτοῦ
885 2991 1010 3055 Υἱὸς
1031 2987 1099 3064 ἦν
1126 2993 1234 3065 πρὸ
1251 2994 1351 3065 τῆς
1366 2998 1459 3050 τοῦ
1473 2998 1677 3069 κόσμου
1694 3002 1879 3055 συστά-

1991 2996 2157 3053 fuisse
2193 3010 2388 3069 praeter
2428 3001 2631 3066 Deum,
2674 3005 2966 3060 veritatem
3014 3009 3182 3079 ipsam
3238 3016 3547 3073 mentiatur.

331 3095 491 3141 σεως,
512 3079 611 3132 καὶ
638 3080 715 3151 τῷ
757 3081 930 3152 Ila-sol.
960 3083 1143 3155 συνῆν.
1189 3084 1358 3139 Τοῦτο
1395 3086 1497 3158 γὰρ
1530 3088 1732 3156 ἐδίδαξε
1773 3091 1885 3164 (74)

326 3168 534 3223 νῦννκαὶ
560 3170 589 3222 6
617 3171 802 3224 εἰπών·
830 3173 946 3225 Ἐπ’
961 3173 1223 3243 ἐσχάτου
1246 3176 1355 3248 (75)
1378 3177 1740 3250 τῶνήμερῶν
1762 3184 1888 3237 τού-

320 3278 440 3315 των
451 3261 760 3330 ἐλάλησεν
790 3263 1024 3332 mare
1055 3265 1282 3330 Υἱῷ,ηὸν
1310 3269 1489 3337 ἔθηκε
1509 3274 1886 3343 κληρονόμον

240 3325 254 3342 ’
320 3352 579 3420 πάντων,
611 3325 685 3409 δι’
715 3351 788 3411 οὗ
815 3325 920 3411 ’καὶ
960 3325 1211 3426 ἐποίησε
1246 3360 1387 3426 τοὺς
1399 3325 1653 3429 ἀὶῶναςῗ.

319 3445 646 3516 Παροιμίαις
669 3446 755 3500 διὰ
772 3448 1137 3518 Σολομῶντος,
1155 3450 1315 3514 αὐτὸς
1339 3452 1368 3503 6
1397 3452 1521 3517 Υἱὸς
1547 3454 1675 3526 περὶ
1690 3456 1881 3510 ἑαυτοῦ

317 3533 555 3589 διδάσκει
588 3535 793 3604 λέγων·
864 3537 1069 3591 Ἡνικα
1110 3538 1387 3607 ἡτοίμαζε
1412 3540 1540 3593 ττὸν
1584 3543 1879 3609 οὐρανὸν,

318 3627 726 3697 συμπαρήμην
764 3628 941 3694 αὐτῷ.
980 3630 1138 3685 Ἀλλὰ
1174 3631 1288 3685 καί·
1310 3631 1500 3697 Αὐτός
1523 3632 1604 3701 ἦν
1631 3632 1697 3686 τὸ
1732 3633 1877 3703 φῶς,

315 3719 407 3773 τὸ*
430 3718 679 3788 φωτίζον
708 3719 906 3773 πάντα
939 3720 1252 3789 ἄνθρωπον
1286 3722 1612 3792 ἐρχόμενον
1641 3728 1726 3790 εὶς
1772 3723 1881 3777 τὸν

314 3814 563 3881 κόσμον.
603 3811 839 3883 Ἐπειδὴ⁸
888 3812 982 3865 Ἐν
1027 3812 1107 3877 τῷ
1140 3813 1343 3881 κόσμῳ
1360 3810 1441 3883 ἦν
1466 3816 1562 3868 καὶ
1585 3818 1618 3868 ό
1652 3818 1877 3886 κόσμος

312 3902 861 3973 διἀὐτοῦιέτένετο.
885 3905 947 3957 Εἰ
974 3904 1029 3956 δὲ
1059 3905 1087 3956 6
1116 3904 1320 3976 κόσμος
1356 3906 1423 3958 δι’
1446 3906 1612 3959 αὐτοῦ
1640 3908 1872 3976 ἐγένετο,

309 3996 487 4067 δῆλον,
525 3998 601 4062 ὡς
646 3999 963 4070 προῦπῆρχε
1005 3997 1098 4051 τοῦ
1138 3999 1365 4069 κόσμου.
1408 4002 1529 4055 Οὐκ
1564 4001 1673 4073 ἄρα
1715 4002 1875 4072 μόνος

307 4088 376 4163 ἦν
396 4092 425 4143 6
456 4091 587 4154 Θεὸς
614 4092 719 4163 πρὸ
744 4092 846 4162 τῆς
881 4092 973 4145 τοῦ
1004 4092 1209 4162 κόσμου
1254 4095 1560 4158 συστάσεως
1578 4111 1593 4125 ’
1626 4096 1789 4167 συνῆν
1813 4096 1872 4149 δὲ

308 4182 456 4252 αὐτῷ
483 4183 511 4234 6
530 4182 839 4253 Μονοτενὴς
879 4182 1044 4236 αὐτοῦ
1073 4182 1220 4247 Υἱὸς,
1240 4185 1330 4246 ,εἰς
1356 4182 1419 4234 ’ὃν
1434 4182 1657 4254 ἀφορῶν
1695 4187 1724 4237 6
1762 4185 1873 4237 Πα-

306 4276 410 4344 τὴρ
452 4274 702 4345 ἔχαιρεν,
736 4276 812 4339 ὡς
847 4275 1083 4329 διδάσκει
1120 4275 1301 4340 αὐτὸς,
1330 4274 1405 4329 ὢν
1435 4275 1547 4347 (76)
1600 4277 1635 4346 ἡ
1687 4277 1864 4346 σοφία,

1990 3088 2105 3145 Una
2132 3092 2328 3145 etenim
2360 3106 2482 3146 cum
2519 3092 2609 3147 illo
2639 3093 2752 3148 solo
2786 3094 2914 3163 Deo,
2956 3100 3348 3170 et'uiiigeuitus
3383 3107 3552 3176 ipsius

1985 3182 2151 3237 Filius
2174 3193 2437 3241 eratante
2467 3187 2651 3241 mundi
2679 3190 3086 3256 productionem
3114 3206 3131 3247 :
3158 3204 3213 3249 et
3239 3212 3360 3251 cum
3388 3199 3551 3256 Patre

1983 3274 2428 3329 conversabatur.
2462 3275 2584 3331 illoc
2626 3279 2824 3333 etenim
2844 3282 3070 3336 edocuit
3116 3284 3161 3339 is
3222 3288 3313 3356 qui
3364 3291 3495 3344 dixit
3530 3311 3544 3346 :

1982 3363 2048 3418 In
2069 3364 2448 3419 uouissimishis
2469 3367 2668 3433 diebus,
2688 3369 2893 3423 locutus
2915 3383 2989 3424 est
3019 3375 3165 3428 nobis
3189 3376 3397 3433 inFilio
3426 3398 3542 3446 suo,

1979 3470 2131 3525 quem
2160 3456 2333 3522 posuit
2365 3457 2620 3512 haeredem
2657 3461 2910 3527 omnium,
2955 3480 3048 3533 per
3076 3482 3227 3535 quem
3264 3479 3312 3522 et
3347 3478 3545 3529 saecula

1980 3548 2213 3602 condidit
2236 3549 2299 3603 ⁸³.
2320 3549 2392 3604 Et
2424 3551 2477 3605 in
2517 3550 2823 3609 Proverbiis
2852 3570 2948 3624 per
2979 3555 3346 3626 Salomonem,
3372 3563 3541 3619 Filius

1981 3642 2092 3712 ipse
2118 3643 2183 3697 de
2207 3658 2266 3697 se
2289 3643 2490 3710 docuit,
2519 3644 2649 3701 Cum
2682 3659 2889 3717 pararet
2919 3652 3124 3713 ctutum,
3156 3654 3370 3708 aderam
3405 3659 3453 3711 ei
3472 3658 3538 3711 “.

1979 3732 2081 3787 Sed
2110 3734 2309 3789 etErot
2349 3736 2459 3805 ipse
2490 3736 2601 3805 lux,
2626 3739 2930 3795 illuminam
2953 3759 3151 3797 omnem
3173 3745 3429 3801 hominem
3455 3752 3540 3802 ve:-

1978 3825 2198 3878 m’entem
2216 3827 2270 3879 in
2290 3826 2425 3880 hunc
2446 3829 2695 3882 mundum
2710 3829 2772 3883 ⁸⁸.
2788 3829 3248 3902 Quandoquidem,
3262 3836 3329 3891 1η
3345 3844 3539 3896 mundo

1974 3924 2107 3982 erat,
2121 3925 2168 3970 et
2192 3923 2517 3988 mundusper
2534 3920 2701 3984 ipsum
2718 3920 2898 3989 Tactus
2927 3923 3028 3992 fuit
3044 3922 3103 3977 “.
3124 3926 3274 3990 Quod
3296 3928 3339 3982 si
3365 3930 3538 3985 factus

1974 4004 2072 4062 fuit
2100 4023 2196 4077 per
2223 4010 2397 4079 ipsum
2433 4014 2684 4076 mundus,
2715 4023 2862 4067 certe
2892 4025 3041 4082 patet
3077 4015 3206 4072 illud
3232 4020 3381 4089 quod
3409 4034 3537 4077 ante

1972 4098 2229 4152 mundum
2266 4096 2440 4152 fuerat
2468 4098 2601 4168 ipse.
2631 4100 2889 4166 Quocirca
2923 4103 3089 4168 solus,
3119 4116 3243 4161 ante
3276 4110 3532 4166 mundum

1972 4188 2241 4242 conditum
2292 4203 2394 4243 non
2439 4200 2555 4243 erat
2602 4190 2740 4246 Deus
2778 4210 2791 4246 :
2838 4199 3259 4253 conversabatur
3299 4216 3420 4256 cum
3466 4219 3531 4258 eo

1971 4279 2273 4348 uuigenitus
2298 4279 2414 4349 ejus
2445 4279 2630 4348 Filius,
2668 4281 2721 4335 in
2748 4296 2905 4352 quem
2935 4300 3056 4339 cum
3089 4287 3252 4343 Pater
3281 4291 3528 4349 intueba-

305 4365 476 4433 λέγων
518 4367 576 4419 ὲν
619 4366 975 4437 Παροιμίαιςο
1026 4365 1172 4435 Ἐγὼ
1216 4365 1380 4435 ἤμην
1414 4360 1455 4438 ᾖ
1498 4367 1866 4437 νπροσέχαιρε

1984 4384 2077 4431 .ur,
2108 4369 2407 4438 gaudebat,
2444 4372 2587 4439 quod
2633 4372 2746 4440 ipse
2791 4386 2891 4427 nos
2924 4374 3136 4444 docuit,
3172 4378 3258 4434 illa
3302 4382 3354 4436 in
3393 4381 3525 4438 Pro-

302 4458 704 4527 καθήμέραν.
739 4458 849 4512 Καὶ
889 4458 1048 4521 αὐτὸς
1075 4458 1133 4511 δὲ
1162 4460 1191 4512 6
1226 4459 1376 4524 Υἱὸς,
1414 4460 1544 4523 ταῖς
1571 4462 1865 4530 πατρικαῖς

300 4549 529 4613 ἐννοίαις
577 4551 894 4615 ὲνατενίζων
923 4590 939 4614 ,
1003 4550 1340 4623 εὐφροσύνης
1398 4551 1719 4625 ἐπληροῦτο.
1773 4552 1864 4605 Διό

300 4656 485 4709 φησιν·
520 4642 946 4709 Ηύςρραινόμην
972 4640 1040 4694 δὲ
1075 4641 1330 4695 ἐνώπιον
1364 4643 1550 4697 αὐτοῦ
1580 4645 1650 4697 ἐν
1681 4642 1865 4698 παντὶ

295 4729 497 4797 καιρῷ.
549 4730 734 4785 Ταῦτα
767 4732 863 4803 μὲν
898 4733 931 4803 ή
963 4732 1199 4804 Χριστοῦ
1216 4733 1508 4804 Ἐκκλησία
1554 4736 1621 4788 τὰ
1664 4735 1861 4806 εὐσεϐῆ

296 4824 390 4877 καὶ
424 4823 542 4878 θεῖα
573 4825 843 4896 μυστήρια
868 4825 1257 4880 παωλαὸοῦσα
1286 4827 1562 4895 φυλάττει.
1608 4826 1665 4878 ὐ
1698 4826 1752 4879 δὲ
1776 4826 1864 4879 λέ-

300 4940 869 5032 “ttulit-feriatus-
907 4946 1029 5032 10!.-

1968 4460 2170 4515 verbiis
2200 4460 2496 4530 Sapientia,
2535 4464 2823 4533 inquiens:
2858 4466 2969 4536 Ego
2997 4485 3141 4523 eram
3167 4473 3219 4524 in
3250 4488 3353 4543 qua
3395 4491 3529 4545 gau-

1968 4553 2117 4606 debat
2147 4552 2392 4605 continuo
2413 4553 2478 4605 ".
2525 4554 2629 4608 Sed
2670 4565 2727 4610 et
2767 4560 2993 4627 Ipsemet
3027 4559 3192 4616 Filius
3221 4565 3527 4633 replebatur

1967 4640 2353 4708 oblectatione,
2398 4643 2521 4697 dum
2556 4646 2607 4698 in
2658 4654 2907 4715 paternas
2956 4650 3308 4720 cogitationes
3344 4656 3522 4713 intue-

1968 4741 2136 4787 retur.
2164 4731 2424 4798 Quocirca
2452 4735 2614 4800 dixit,
2649 4736 2960 4793 Oblectabar
2992 4753 3166 4796 autem
3195 4760 3370 4800 coram
3405 4747 3520 4812 illo,

1967 4826 2106 4877 omni
2158 4835 2381 4892 tempore
2417 4824 2484 4879 ⁸⁸.
2533 4822 2659 4882 Huic
2714 4841 2838 4885 sunt
2897 4830 2986 4885 illa
3036 4836 3285 4903 mysteria
3334 4851 3523 4892 sacro-

368 5013 411 5042 ⁶²
451 5010 776 5093 [μοις-νηί,
806 5010 859 5068 6.
972 5016 1017 5047 ⁸³
1056 5013 1221 5071 Hebr.
1273 5032 1322 5081 1,
1367 5015 1423 5071 2.
1537 5014 1581 5046 ⁸⁸
1621 5014 1783 5070 Prov.
1831 5030 1877 5069 rt

1996 5013 2085 5068 2⁸1,
2195 5013 2241 5044 ⁸⁸
2276 5010 2434 5066 Joan.
2477 5028 2525 5078 ι,
2557 5016 2609 5071 9.
2706 5017 2750 5049 “
2789 5019 2916 5076 ibid.
2950 5022 3035 5077 10.
3110 5024 3172 5093 ,⁸⁷
3213 5022 3371 5080 Prov.
3400 5041 3518 5093 VIII,

292 5082 382 5134 '50.
459 5083 505 5114 ⁸⁸
544 5083 674 5138 ibid.

356 5176 467 5316 (70)
496 5179 670 5235 Μόνον
694 5180 779 5235 ἀλ.
809 5199 860 5235 κ.
893 5198 987 5253 πρ.
1018 5182 1065 5234 δ.
1100 5181 1260 5245 vulgo
1284 5196 1392 5234 om.

358 5248 438 5316 (7i
505 5250 694 5305 Οὐδὲν
742 5252 944 5316 ἕτερον
984 5249 1062 5316 ἦν
1114 5252 1278 5316 πλὴν
1324 5268 1390 5305 το

358 5248 467 5319 (7|)
505 5250 694 5305 Οὐδὲν
742 5248 950 5320 ἕτερον
984 5249 1062 5320 ἦν
1114 5252 1278 5321 πλὴν
1324 5252 1429 5307 τοῦ
1463 5253 1629 5307 Θεοῦ.
1688 5251 1840 5307 Solus

288 5318 433 5394 Deus
467 5333 584 5372 erat
624 5333 873 5394 creatura
923 5325 1086 5387 nulla,
1125 5324 1415 5394 hocAtOties
1442 5327 1663 5394 urgebat
1695 5322 1840 5377 Mar-

2047 5179 2134 5251 72)
2177 5179 2486 5256 Ἰουδαῖονἐ
2514 5181 2649 5256 Nam
2678 5180 2866 5240 Judaei
2896 5225 2913 5251 ,
2972 5187 3350 5256 paternitatem
3408 5190 3516 5246 Deo

505 5250 694 5305 Οὐδὲν
742 5249 950 5320 ἕτερον
984 5249 1062 5320 ἦν
1114 5252 1278 5321 πλὴν
1324 5252 1429 5307 τοῦ
1463 5253 1629 5307 Θεοῦ.
1688 5251 1844 5307 Solus

1987 5249 2329 5321 etrahebant,
2348 5250 2517 5321 αὐτῷ.
2547 5251 2623 5321 Il.

2022 5319 2133 5391 (75)
2188 5319 2553 5393 Ιιιιιέῃιέιλλῳ.Δ
2597 5320 2731 5375 Tum
2789 5322 3073 5393 legendum
3141 5327 3403 5392 Ἰουδαῖοι,
3460 5342 3515 5384 et

287 5388 689 5455 rellus,cuutra
740 5393 1032 5455 Asterium,
1087 5392 1178 5462 qui
1219 5391 1488 5446 Christum
1509 5388 1840 5446 'creaturam

287 5459 539 5519 docebat.
569 5464 660 5514 sed
718 5462 899 5515 multis
957 5465 1168 5516 saeculis
1218 5463 1417 5516 mundo
1459 5463 1838 5519 antiquiorem.

1984 5388 2482 5461 υμμαρτυροῦντες,
2503 5390 2590 5444 hic
2611 5406 2739 5460 ergo
2761 5388 2978 5460 rep-one,
3005 5397 3343 5519 Μαρκέλλου,
3369 5388 3510 5469 quod

1984 5477 2068 5516 um
2104 5462 2178 5515 ῐσ.
2206 5466 2254 5513 in
2285 5459 2394 5519 Mn.
2421 5469 2521 5513 est.
2557 5460 2635 5515 M.
2663 5490 2731 5499 —
2760 5461 2879 5516 Mox
2914 5466 3071 5519 vulao
3139 5468 3274 5519 έγοι.

287 5459 539 5530 docebat.
569 5464 660 5514 sed
718 5462 899 5515 multis
957 5459 1168 5516 saeculis
1218 5463 1417 5516 mundo
1459 5463 1838 5530 antiquiorem.

287 5526 571 5619 Eusebius,
620 5530 831 5619 Asterio
863 5532 1175 5619 σύμξξηφος,
1219 5526 1843 5619 arreptum‘iiiierpnre‘taf

289 5605 376 5672 tur
395 5599 612 5672 millies,
646 5599 945 5672 denegata
972 5599 1087 5656 Filii
1155 5604 1442 5672 iiypustasi.
1499 5601 1567 5659 Μ.
1603 5631 1672 5640 -
1697 5599 1836 5656 Infra

285 5671 443 5740 vulgo
468 5671 624 5724 αὐτὸν
669 5671 923 5739 κάκείνῳ.

1948 5459 2257 5536 omniain
2285 5459 2394 5536 ΜΡ.
2421 5469 2521 5536 est.
2557 5460 2635 5515 M.
2663 5459 2731 5499 ἑ-
2760 5459 2879 5516 M0:
2914 5466 3071 5536 vulgo

3139 5468 3274 5537 έγοι.

2047 5530 2134 5602 Β)
2170 5531 2295 5602 MSS-
2334 5530 2503 5602 ἡμᾶςτ

2072 5598 2127 5668 5)
2171 5598 2334 5665 Vulgo
2356 5598 2613 5668 εσχάτων
2642 5611 2694 5654 et
2727 5616 2842 5656 mox
2879 5604 3153 5662 ἁπάντων.

2013 5673 2124 5741 (7ϋ)
2170 5671 2228 5724 Ἠ
2261 5670 2462 5738 σοφία,
2498 5672 2593 5723 καὶ
2622 5673 2834 5741 λόγων.
2863 5677 2952 5730 Sic
2982 5677 3189 5746 legend.
3226 5679 3300 5732 M.
