4086 6202
536 273 639 327 903

1200 268 1466 324 EUSEBH
1508 266 1986 323 C/ESARIENSIS
2024 267 2178 326 OPP.
2222 270 2400 325 PARS
2438 271 2505 325 lV
2571 302 2638 310 —
2678 269 3095 324 DOGMATICA.

3668 278 3776 333 τοι

508 396 740 457 16311013,
771 400 889 455 quae
917 384 1082 439 semel
1121 392 1340 453 accepta
1383 383 1580 439 Christi
1616 383 1852 439 Ecclesia
1886 384 1972 454 pie
2009 400 2101 439 cu-

2219 406 2339 457 γων,
2374 407 2391 439 ι
2433 390 2599 460 μήπω
2646 386 2737 440 τοῦ
2790 388 2995 458 κόσμου
3043 385 3328 455 γεγονότος
3376 383 3543 455 μηδὲν
3591 385 3781 459 ἕτερον

508 480 721 535 ⁴ςιοιιίι.
746 478 795 532 ls
826 492 976 540 vero,
1003 477 1092 545 qui
1114 486 1314 540 tuetur,
1336 494 1354 526 ι
1382 486 1506 530 ante
1524 477 1778 530 mundum
1810 480 2105 543 cooditum,

538 573 667 625 nihil
688 580 879 639 praeter
901 568 1072 621 solum
1094 567 1259 620 Deum
1280 568 1577 630 exstitisse,
1605 587 1623 618 ι
1655 583 1684 620 e
1711 569 1918 621 duobus
1944 585 2104 622 unum

537 661 842 718 necessario
874 659 1169 723 constituit,
1200 658 1492 714 Sabellium
1535 673 1612 723 se,
1642 659 1723 713 vel
1756 657 2019 714 Judaeum.
2044 666 2102 724 ᾖ(

538 754 669 808 Nam
701 754 743 807 si
780 754 845 807 de
871 752 951 806 sui
988 751 1147 804 animi
1184 750 1450 805 sententia
1489 749 1682 804 Filium
1718 762 1897 820 neget,
1932 751 2106 805 solum

540 848 704 900 Deum
736 842 1029 913 professus,
1073 840 1287 896 Iudaeus
1338 851 1419 896 est
1465 843 1554 911 qui
1604 841 1877 897 Christum
1914 844 2107 912 rejicit.

495 940 501 948 '
543 938 632 991 Vel
656 939 698 990 si
732 936 906 990 Verbo
937 946 1092 990 tenus
1123 934 1365 1004 agnoscit
1391 933 1514 988 Filii
1547 934 1903 999 vocabulum,
1932 935 2106 1004 ipsum

539 1039 715 1083 autem
750 1028 941 1082 Filium
975 1044 1094 1083 esse
1132 1043 1295 1081 unum
1330 1026 1495 1079 Deum
1538 1026 1704 1092 dicat,
1735 1043 1898 1080 unum
1949 1034 2109 1096 atque

539 1122 807 1188 eumdem,
837 1120 908 1176 ita
938 1129 993 1175 et
1025 1120 1234 1172 Patrem
1263 1130 1317 1173 et
1346 1119 1543 1173 Filium
1572 1118 1948 1173 arbitrabitur.
1974 1119 2108 1173 Nam

539 1216 583 1270 si
615 1223 741 1270 ante
770 1215 1048 1278 mundum,
1071 1212 1205 1267 nihil
1233 1210 1480 1267 exstabat
1510 1212 1667 1281 plane
1693 1222 1888 1279 praeter
1920 1212 2108 1277 Deum,

502 1315 511 1326 '
541 1310 654 1379 ipse
691 1308 773 1363 vel
816 1308 976 1363 Pater
1004 1313 1058 1362 et
1090 1306 1256 1361 Filius
1312 1306 1473 1361 simul
1508 1306 1612 1362 erit
1642 1326 1653 1361 :
1700 1307 1779 1361 vel
1815 1318 1964 1363 certe
2006 1323 2108 1363 non

540 1401 787 1469 genuerit
825 1399 1013 1453 ﬁlium.

1182 1491 1332 1547 CAP.
1377 1490 1464 1546 Ill.

543 1582 813 1649 Quomodo
851 1582 944 1636 Dei
988 1581 1210 1636 Verbum
1252 1584 1305 1635 in
1355 1582 1461 1635 Deo
1500 1582 1773 1648 exsistens,
1804 1584 1916 1637 sine
1964 1584 2111 1652 prin-

907 1654 1039 1720 cipio
1068 1654 1318 1721 deﬁnivit,
1348 1664 1395 1706 et
1430 1654 1746 1723 ingenitum.

610 1744 715 1799 Sed
764 1744 975 1798 videtur
1014 1742 1292 1797 Marcellus
1324 1756 1467 1806 eum,
1498 1744 1585 1813 qui
1624 1744 1676 1796 in
1716 1743 1823 1796 Deo
1856 1754 1977 1798 erat
2010 1743 2112 1797 Lo-
2142 1764 2184 1817 Β

2210 475 2347 533 εἶναι
2388 480 2526 549 πλὴν
2556 478 2690 531 Θεοῦ
2729 480 2912 547 μόνου,
2944 498 2962 529 ν
3001 478 3145 530 δυεῖν
3171 476 3398 546 θάτερον
3426 477 3617 529 ἑαυτὸν
3654 479 3786 531 ὄντα

2210 573 2470 644 παρίστη,
2503 571 2536 641 ἢ
2583 571 2854 631 Ἰουδαῖον,
2884 571 2916 640 ἢ
2946 568 3254 622 Σαϐέλλιον.
3290 570 3357 620 Ἢ
3402 567 3509 638 γὰρ
3555 568 3790 622 αὐτόθεν

2208 662 2535 733 ἀρνούμενος
2572 662 2663 714 τὸν
2710 660 2857 725 Υἱὸν,
2889 660 3019 713 Θεὸν
3050 660 3107 712 δὲ
3164 659 3322 729 μόνον
3356 659 3609 729 εἰσάγων,
3650 661 3787 714 Ἰου-

2207 755 2355 817 δαῖος
2425 753 2576 806 ἔσται
2624 752 2716 805 τὸν
2762 752 2995 823 Χριστὸν
3049 750 3462 822 ἀρνούμενοςοῆ
3502 752 3664 823 μέχρι
3698 752 3792 804 λὸ-

2209 864 2304 914 γου
2336 846 2447 918 (77)
2477 845 2574 916 τὴν
2606 845 2699 898 τοῦ
2715 844 2842 897 Υἱοῦ
2861 845 3159 915 πρόσρησιν
3189 843 3600 915 ἀποδεχόμενος,
3620 846 3791 899 αὑτὸν

2208 938 2250 991 δ’
2286 934 2424 990 εἶναι
2458 937 2685 1007 φάσκων
2719 937 2813 989 τὸν
2868 936 2965 990 ἕνα
3008 934 3160 998 Θεὸν,
3218 935 3341 988 Υίὸν
3373 936 3506 1005 ὁμοῦ
3542 936 3655 1005 (78)
3690 938 3790 989 καὶ

2210 1031 2445 1101 Πατέρα,
2476 1030 2566 1082 τὸν
2595 1028 2878 1081 Σαδέλλιον
2903 1026 3279 1081 ὲνανεὼσεται.
3314 1028 3377 1079 Εἰ
3408 1028 3514 1099 γὰρ
3549 1027 3657 1100 πρὸ
3687 1026 3787 1080 τοῦ

2210 1121 2412 1191 κόσμου
2446 1120 2597 1172 οὐδὲν
2624 1119 2809 1189 ἕτερον
2839 1114 2907 1189 ἦν
2937 1118 3074 1188 πλὴν
3098 1118 3253 1182 Θεοῦ,
3306 1118 3469 1181 αὐτὸς
3491 1118 3642 1171 ἔσται
3672 1118 3786 1171 Ila-

2209 1210 2310 1282 τὴρ
2335 1212 2428 1263 καὶ
2455 1210 2600 1275 Υἰὸς,
2632 1212 2663 1280 ἦ
2692 1210 2811 1263 οὐδὲ
2839 1209 2948 1274 ἕξει
2982 1210 3113 1263 υἱόν.

2874 1481 3030 1533 ΚΕΦ.
3075 1480 3148 1532 Γ’.

2213 1564 2410 1628 Ὅπως
2436 1564 2543 1618 τὸν
2562 1566 2754 1637 Λᾲόγον
2782 1567 2887 1620 τοῦ
2914 1568 3060 1622 Θεοῦ
3088 1570 3156 1621 ἐν
3188 1566 3269 1632 τῷ
3297 1566 3417 1633 Θεῷ
3436 1567 3583 1621 ὄντα
3601 1567 3785 1637 drap-

2429 1653 2541 1705 χον
2564 1633 2717 1692 εἶναι
2743 1638 2840 1691 καί
2879 1638 3212 1707 ἀγέννητον
3248 1637 3503 1705 ὡρίζετο.

2294 1727 2430 1779 Ἀλλ’
2462 1727 2605 1781 ἔοικε
2631 1728 2948 1799 Μάρκελλος
2965 1731 3054 1784 τὸν
3082 1733 3139 1782 ὲν
3172 1729 3323 1795 αὐτῷ
3352 1729 3429 1801 τῷ
3457 1729 3576 1800 Θεῷ
3591 1730 3787 1799 Λόγον,

541 1852 666 1906 gon,
702 1836 993 1892 secundum
1028 1850 1186 1905 quem
1224 1835 1425 1904 logicos
1475 1833 1813 1904 intelligitur,
1861 1834 2107 1888 eumdem

2219 1820 2332 1873 καθ’
2348 1821 2407 1875 ὃν
2424 1821 2636 1890 λογικὸς
2665 1824 2882 1885 νοεῖται,
2900 1822 3083 1876 τοῦτον
3108 1819 3246 1876 εἶναι
3277 1824 3505 1893 φάσκειν
3520 1824 3611 1876 τὸν
3634 1824 3785 1876 Υἰόν·

540 1940 660 1978 esse
699 1930 751 1978 et
782 1923 974 1977 Filium
1014 1922 1305 1977 arbitrari:
1338 1932 1398 1977 ut
1436 1924 1509 1977 ita
1544 1923 1658 1992 ipse
1704 1924 1774 1977 sit
1814 1924 1895 1978 sui
1944 1924 2113 1992 ipsius

2219 1913 2351 1966 ὥστε
2378 1909 2516 1967 εἶναι
2549 1913 2711 1966 αὑτὸν
2737 1913 2928 1967 ἑαυτοῦ
2964 1914 3183 1985 Πατέρα
3211 1915 3304 1969 καὶ
3328 1910 3395 1968 αὗ
3434 1915 3593 1969 πάλιν
3624 1916 3790 1969 αὐτὸν

544 2013 726 2079 Pater,
754 2024 809 2068 et
834 2027 866 2067 e
894 2028 1154 2067 converso
1181 2012 1265 2067 sui
1294 2012 1464 2082 ipsius
1492 2013 1683 2068 Filius.
1713 2016 1931 2069 Audisis
1960 2030 2111 2084 ergo,

2219 2005 2406 2058 ἑαυτοῦ
2435 2005 2582 2060 Υἰόν.
2616 2006 2946 2060 Ἑπάκουσον
2972 2005 3102 2073 γοῦν
3138 2006 3245 2059 τῶν
3285 2007 3447 2060 αὑτοῦ
3474 2008 3687 2076 φωνῶν,
3720 2008 3787 2061 δι’

542 2122 661 2175 qua:
692 2106 911 2159 totidem
939 2105 1116 2160 verbis
1140 2106 1358 2174 scripsit
1384 2123 1398 2158 :
1430 2104 1501 2175 [Β
1538 2105 1670 2159 XCII
1703 2107 1829 2161 coll.
1857 2123 1910 2176 p.
1945 2108 2013 2161 59
2043 2107 2105 2179 Β]

2219 2089 2284 2150 ὧν
2315 2096 2499 2150 τοῦτον
2542 2097 2741 2177 γράφει
2777 2096 2869 2151 τὸν
2914 2098 3112 2168 τρόπον
3139 2116 3151 2128 ·
3191 2116 3209 2148 ι
3247 2100 3360 2170 Πρὸ
3402 2099 3510 2170 γὰρ
3552 2100 3654 2170 τῆς
3698 2100 3790 2170 δη-

547 2217 566 2249 (
608 2199 749 2252 Ante
805 2196 1043 2251 universi
1094 2198 1503 2261 conditionem,
1555 2207 1709 2263 erat,
1764 2207 1825 2251 ut
1875 2199 2107 2265 videtur,

2219 2206 2237 2238 ι
2283 2188 2567 2257 μιουργίας
2609 2188 2828 2257 ἁπάσης
2872 2186 3073 2256 ἡσυχία
3094 2205 3175 2250 τις
3214 2183 3301 2257 ἦν,
3335 2188 3410 2251 ὠς
3437 2187 3605 2252 είκὸς,
3636 2189 3789 2251 ὄντος

548 2306 567 2339 ι
616 2288 771 2357 quies
801 2287 938 2352 alta,
985 2287 1039 2341 in
1089 2286 1201 2341 Deo
1245 2287 1422 2343 Verbo
1473 2289 1769 2344 exsistente
1817 2291 1917 2345 :‘si
1970 2290 2112 2345 enim

2220 2282 2331 2336 μὲν
2354 2280 2431 2350 τῷ
2457 2278 2573 2350 Θεῷ
2602 2279 2695 2332 τοῦ
2729 2280 2922 2347 Λόγου.
2947 2281 3009 2332 Εἰ
3038 2278 3144 2351 γὰρ
3174 2281 3403 2351 ποιητὴν
3420 2281 3677 2334 ἁπάντων
3699 2280 3791 2333 τὸν

548 2397 569 2432 ι
615 2378 801 2433 credat
835 2378 1079 2433 Asterius
1117 2377 1284 2433 Deum
1319 2392 1441 2433 esse
1474 2380 1712 2434 universi
1757 2380 2111 2445 conditorem,

550 2486 568 2519 ι
615 2478 759 2522 certe
801 2467 952 2523 nobis
997 2468 1124 2522 illud
1172 2482 1534 2524 concessurus
1560 2478 1678 2534 est,
1711 2468 1859 2524 illum
1903 2485 2117 2540 semper

550 2578 570 2611 ι
615 2561 912 2623 exstitisse,
957 2574 1232 2629 nunquam
1284 2561 1580 2616 exsistendi
1626 2562 1952 2631 principium
1994 2576 2114 2617 sor-

550 2669 569 2701 s
618 2653 791 2716 titum,
834 2652 1017 2705 omnia
1066 2661 1243 2706 autem
1297 2652 1365 2705 ab
1414 2650 1504 2706 illo
1536 2652 1678 2706 facta
1737 2651 1928 2717 fuisse,
1971 2652 2116 2705 etde

549 2763 570 2796 s
616 2736 784 2797 nihilo
831 2742 1038 2797 facta.»
1091 2743 1250 2799 Vides
1290 2751 1352 2797 ut
1401 2744 1568 2798 Deum
1614 2751 1861 2798 statuens
1913 2743 2117 2812 absque

544 2837 688 2891 omni
725 2836 986 2906 principio
1016 2832 1255 2890 Verbum
1285 2836 1429 2904 quod
1471 2835 1523 2889 in
1562 2835 1653 2891 illo
1683 2843 1823 2901 erat,
1856 2836 1906 2889 in
1936 2836 2117 2905 quiete

544 2925 775 2987 statuit,
827 2934 954 2979 ante
1026 2925 1211 2979 mundi
1289 2924 1669 2988 condituram,
1737 2925 2114 2979 constitutum.

546 3015 731 3085 Pergit
763 3030 943 3086 porro,
988 3023 1042 3069 et
1077 3015 1318 3085 adjungit
1363 3032 1376 3067 :
1431 3032 1451 3066 ι
1492 3013 1549 3068 Si
1600 3014 1744 3069 istud
1788 3016 2011 3081 credat,
2063 3025 2117 3070 et

2221 2390 2239 2422 ι
2276 2370 2407 2423 Θεὸν
2472 2370 2746 2441 Ἀστέριος
2800 2372 3163 2426 πεπίστευκεν
3215 2368 3390 2436 εἶναι,
3478 2373 3637 2442 δῆλον
3708 2373 3793 2425 ὅτι

2221 2480 2239 2512 ι
2282 2461 2697 2533 συνομολογήσει
2734 2464 2866 2533 ἡμῖν
2901 2464 2995 2516 καὶ
3028 2464 3209 2527 αὐτὸς,
3243 2464 3334 2517 τὸν
3367 2465 3466 2535 μὲν
3501 2465 3588 2517 ἀεὶ
3611 2464 3789 2534 ὑπάρ-

2222 2570 2239 2603 ι
2282 2571 2427 2623 χειν,
2467 2554 2600 2621 μηδὲ
2632 2553 2851 2608 πώποτε
2882 2554 3053 2626 ἀρχὴν
3078 2555 3171 2607 τοῦ
3207 2554 3347 2608 εἶναι
3376 2555 3631 2619 λαϐόντα,
3659 2557 3790 2610 τάδε

2223 2660 2241 2694 ι
2280 2643 2603 2712 γεγενῆσθαί
2647 2660 2706 2695 τε
2739 2644 2844 2697 ὑπὸ
2869 2644 3055 2707 αὑτοῦ,
3100 2644 3192 2698 καὶ
3222 2644 3279 2710 ἐξ
3311 2646 3411 2699 οὐκ
3438 2645 3607 2699 ὄντων
3635 2664 3795 2716 γεγε-

2222 2753 2241 2786 ι
2281 2734 2491 2805 νῆσθαι.
2526 2752 2545 2786 ι
2595 2735 2755 2807 Ὁρᾷς
2798 2737 2964 2800 ὅπως,
3004 2736 3095 2788 τὸν
3128 2735 3258 2789 Θεὸν
3289 2738 3522 2808 ἄναρχον
3551 2741 3795 2812 ὑποστη-

2219 2825 2473 2897 σάμενος,
2494 2826 2584 2879 τὸν
2612 2828 2782 2896 Λόγον
2806 2829 2862 2881 ὲν
2895 2827 3042 2898 αὺτῷ
3060 2828 3186 2881 ὄντα
3205 2829 3263 2882 ὲν
3293 2831 3494 2902 ἠσυχίᾳ
3517 2827 3656 2887 εἶναι
3689 2834 3797 2904 πρὸ

2216 2918 2315 2988 τῆς
2339 2919 2696 2991 δημιουργίας
2718 2920 2829 2991 (79)
2861 2919 2988 2991 ἔφη,
3023 2920 3115 2973 καὶ
3142 2920 3347 2991 προῖὼν
3370 2922 3498 2991 ἑξῆς
3529 2924 3792 2993 ὲπιλέγεισ

2222 3028 2241 3059 ι
2280 3010 2342 3062 Εἰ
2368 3010 2546 3063 τοίνυν
2591 3012 2750 3064 τοῦτο
2793 3012 3059 3079 πιστεύει,
3109 3013 3321 3084 ἀνάγκη
3369 3014 3532 3067 αὑτὸν
3577 3016 3798 3069 κάκεῖνο

550 3123 572 3157 ι
620 3107 748 3160 illud
805 3121 1020 3176 quoque
1083 3120 1203 3161 eum
1272 3104 1431 3160 fateri
1508 3119 1729 3160 necesse
1790 3116 1908 3172 est,
1978 3108 2117 3177 quod

2228 3120 2247 3152 ι
2287 3102 2683 3173 συνομολογεῖν,
2705 3104 2785 3156 ὃτι
2811 3103 2948 3175 πλὴν
2975 3104 3129 3170 Θεοῦ,
3154 3106 3305 3158 οὐδὲν
3324 3105 3411 3159 ἒτε
3421 3124 3510 3177 ρον
3532 3103 3619 3178 ἦν.
3642 3106 3797 3179 Εἶχεν

550 3213 571 3247 ι
615 3195 773 3264 plane
808 3207 1003 3269 praeter
1037 3196 1208 3249 Deum
1244 3195 1374 3250 nihil
1402 3206 1517 3251 erat
1546 3195 1712 3251 aliud.
1749 3196 2118 3269 Habuitergo,

551 3305 571 3339 ι
623 3278 855 3342 Verbum
908 3287 961 3342 in
1036 3287 1195 3342 Patre
1265 3287 1597 3356 subsistens,
1650 3304 1805 3343 suam
1876 3290 2121 3359 peculia-

552 3395 573 3429 ι
619 3392 733 3433 rem
785 3378 1030 3448 gloriam.
1056 3396 1076 3431 ι
1117 3377 1252 3433 Hinc
1277 3378 1566 3449 profectus,
1600 3389 1655 3434 et
1701 3389 1985 3446 aeternum,
2021 3384 2121 3438 hoc

547 3478 630 3524 est
660 3469 953 3541 ingenitum
981 3483 1100 3524 esse
1129 3468 1360 3524 Verbum
1398 3471 1709 3539 pronuntiat
1735 3488 1750 3525 :
1782 3469 1873 3542 [Β.
1909 3472 2120 3527 XLVIII

548 3562 673 3616 coll.
704 3578 755 3631 p.
782 3562 851 3616 35
882 3561 947 3634 Ο]
982 3580 1000 3614 ι
1029 3562 1195 3616 Audis
1244 3577 1373 3632 ergo
1418 3561 1653 3632 Spiritus
1706 3564 1884 3620 sancti
1922 3580 2123 3621 conso-

552 3673 573 3706 ι
623 3656 889 3721 nantiam,
919 3655 1009 3726 qui
1054 3670 1152 3725 per
1198 3655 1397 3709 multas
1443 3665 1497 3709 et
1540 3656 1783 3711 diversas
1826 3671 2118 3725 personas,

555 3765 575 3798 ι
623 3748 781 3802 Verbi
816 3748 1107 3803 aeternitati
1143 3748 1510 3802 testimonium
1548 3749 1812 3817 perhibet.
1843 3767 1861 3799 ι
1899 3749 1967 3801 Et
1998 3764 2120 3802 rur-

550 3854 682 3894 sus:
722 3856 740 3889 ι
772 3838 837 3892 Et
872 3839 943 3894 ob
995 3839 1100 3894 hoc
1150 3838 1325 3908 ipsum
1384 3838 1664 3892 exorditur
1704 3839 1772 3893 ab
1818 3843 2123 3896 aeternitate

557 3947 576 3979 ι
624 3926 804 3991 Verbi,
845 3926 912 3980 In
939 3929 1196 3996 principio
1236 3937 1345 3981 erat
1382 3926 1632 3993 Verbum,
1660 3937 1709 3982 et
1753 3927 1977 3982 Verbum
2009 3939 2121 3983 erat

558 4036 579 4070 ι
626 4020 765 4087 apud
797 4018 983 4085 Deum,
1010 4029 1058 4072 et
1088 4018 1227 4072 Deus
1271 4028 1381 4072 erat
1430 4018 1655 4073 Verbum
1682 4018 1748 4072 “.
1786 4018 1983 4075 Tribus
2034 4021 2120 4076 hic

558 4128 580 4161 ‹
620 4113 888 4167 continuis
921 4112 1242 4166 testimoniis
1274 4126 1403 4166 usus
1430 4112 1787 4167 aeternitatem
1815 4111 1974 4169 Verbi
2007 4113 2121 4167 vult

559 4221 579 4255 ι
624 4203 1035 4257 εοηειεϋίΙῘι-ε.»
1091 4202 1336 4268 Qualiter
1386 4218 1513 4257 vere
1560 4202 1793 4257 Verbum
1836 4204 2117 4258 counitum

552 4305 673 4351 erat
704 4296 834 4357 Deo,
859 4304 915 4349 et
944 4310 1066 4350 cum
1098 4294 1189 4348 illo
1214 4309 1317 4347 una
1350 4294 1674 4362 ingenitum,
1711 4304 1923 4349 tueatur
1944 4310 2120 4364 operae

553 4389 785 4457 pretium
822 4398 936 4452 est,
985 4396 1042 4441 ut
1092 4386 1257 4456 ipsius
1302 4386 1480 4441 verbis
1530 4386 1765 4455 positum
1816 4386 2117 4442 audiamus.

2228 3213 2245 3245 ι
2287 3192 2379 3248 οὖν
2410 3196 2509 3267 τὴν
2556 3196 2761 3250 οἰκείαν
2787 3197 2942 3262 δόξαν
2968 3200 2996 3251 ὁ
3026 3199 3218 3267 Λόγος,
3250 3199 3326 3253 ὣν
3355 3202 3413 3253 ἐν
3444 3201 3521 3271 τῷ
3544 3203 3739 3273 Πατρί.
3771 3223 3790 3254 ι

2232 3284 2506 3340 Ἐντεῦθεν
2550 3287 2793 3351 εἰκότως,
2836 3290 2927 3342 καὶ
2987 3290 3174 3356 ἀΐδιον,
3232 3290 3527 3344 τοῦτ’ἐστιν
3570 3294 3796 3365 ἀγέννη-

2219 3395 2331 3443 τον,
2360 3375 2499 3431 εῖναί
2530 3397 2661 3451 φησι
2696 3381 2785 3433 τὸν
2822 3382 3014 3449 Λόγον,
3047 3376 3149 3436 ὦδε
3194 3384 3448 3454 γράφων·
3476 3402 3494 3433 ι
3544 3383 3792 3449 Ἀκούεις
3872 3365 3885 3378 ’

2226 3488 2244 3522 ι
2285 3471 2462 3523 τοίνυν
2493 3471 2594 3540 τῆς
2625 3474 2943 3542 συμφωνίας
2972 3474 3064 3527 τοῦ
3105 3476 3259 3543 ἁγίου
3299 3475 3642 3545 Πνεῦματος,
3696 3477 3788 3530 διὰ

2227 3578 2245 3612 ι
2284 3561 2488 3615 πολλῶν
2514 3564 2606 3616 καὶ
2632 3564 2905 3635 διαφόρων
2927 3565 3233 3636 προσώπων
3257 3570 3319 3638 τῇ
3339 3568 3429 3621 τοῦ
3454 3568 3626 3636 Λόγου
3648 3587 3791 3641 μαρ-

2227 3672 2245 3704 ι
2285 3654 2547 3726 τυρούσης
2580 3656 2863 3727 ἀῖδιότητι.
2907 3677 2925 3707 ι
2957 3660 3067 3713 Καὶ
3096 3660 3288 3713 πάλιν
3327 3680 3344 3711 ι
3384 3661 3491 3714 Καὶ
3522 3660 3612 3713 διὰ
3636 3660 3798 3715 τοῦτο

2226 3765 2243 3796 r
2290 3746 2515 3818 ἄρχεται
2546 3748 2645 3817 μὲν
2689 3749 2795 3801 ἀπὸ
2840 3750 2940 3821 τῆς
2978 3752 3276 3821 ὰῖδιότητος
3313 3752 3408 3805 τοῦ
3440 3754 3635 3822 Λόγου,
3693 3756 3797 3809 Ἐν

2226 3857 2245 3891 ι
2278 3839 2436 3910 ἀρχῇ
2476 3838 2555 3910 ἦν
2581 3840 2694 3911 (80)
2727 3844 2759 3895 ὀ
2797 3843 3005 3911 Λόγος,
3044 3844 3239 3912 λέγων,
3284 3845 3383 3898 καὶ
3431 3850 3464 3899 ὁ
3504 3848 3692 3915 Λόγος
3720 3844 3798 3915 ἦν

2227 3950 2244 3983 ι
2292 3931 2439 4000 πρὸς
2459 3933 2566 3985 τὸν
2587 3932 2752 3997 Θεὸν,
2774 3934 2872 3987 καί
2901 3936 3043 4001 Θεὸς
3064 3932 3142 4006 ἦν
3156 3938 3188 3989 ό
3208 3938 3420 4004 Λόγος·
3439 3938 3615 4008 τρισὶν
3638 3938 3798 3992 ἐπαλ-

2226 4042 2245 4074 ι
2290 4024 2467 4096 λήλοις
2484 4026 2805 4098 μαρτυρίαις
2834 4026 3111 4097 χρώμενος
3142 4028 3240 4099 τὴν
3273 4029 3550 4101 ἀῖδιότητα
3580 4031 3671 4084 τοῦ
3690 4032 3798 4085 Λό-

2228 4138 2245 4170 «
2287 4135 2383 4187 γου
2400 4118 2671 4173 δεικνύναι
2689 4119 2954 4190 βούλεται.
2984 4141 3002 4172 ι
3027 4122 3213 4185 ’Ὅπως
3229 4122 3285 4175 δὲ
3315 4122 3551 4193 ἡνῶσθαι
3585 4122 3659 4192 τῷ
3676 4123 3797 4194 Θεῷ

2222 4215 2314 4266 καὶ
2331 4214 2721 4283 ωναγέννητον
2744 4208 2878 4266 εἶναι
2906 4212 3055 4283 αὐτῷ
3073 4213 3163 4266 τὸν
3197 4214 3370 4282 Λόγον
3402 4214 3622 4283 ἔφασκε,
3654 4214 3800 4285 πάρ-

2220 4322 2364 4358 εστιν
2392 4304 2555 4358 αὑτοῦ
2585 4304 2903 4369 ἐπακοῦσαι,
2950 4298 3053 4357 ὧδέ
3098 4321 3174 4374 πη
3215 4304 3482 4373 λέγοντος·
3508 4325 3526 4356 ι
3559 4305 3669 4376 Τὴν
3694 4306 3799 4375 μὲν

2224 4397 2365 4450 κατὰ
2388 4398 2565 4469 σάρκα
2612 4398 2921 4467 οἰκονομίαν
2937 4396 3013 4467 τῷ
3034 4397 3301 4469 ἀνθρώπῳ
3331 4398 3603 4468 διαφέρειν
3635 4396 3799 4465 γινώ-

560 4497 581 4531 ι
604 4479 1062 4548 Dispensationem
1079 4478 1293 4546 quidem
1322 4476 1557 4545 in_carue
1589 4477 1729 4533 illitis
1751 4479 1815 4532 ad
1853 4478 2117 4533 hominem

2229 4459 2584 4561 σκομενο’τὴν
2611 4490 2667 4543 δὲ
2695 4459 2835 4543 κατα
2880 4459 3093 4561 πνεῦμα
3136 4459 3679 4562 meammeam;
3718 4491 3800 4560 τῷ

555 4578 805 4639 spectare
836 4568 1182 4639 intelligimus
1212 4587 1224 4621 :
1266 4577 1321 4622 at
1352 4582 1501 4632 vero,
1531 4568 1830 4637 secundum
1868 4567 2117 4639 spiritum

555 4660 916 4715 aeternitatem
963 4660 1081 4729 ejus
1154 4659 1360 4713 unitam
1434 4674 1555 4714 cum
1619 4659 1782 4715 Patre
1849 4660 2122 4715 credimus

556 4766 693 4807 esse.
730 4769 749 4802 ι

1195 4840 1349 4897 CAP.
1406 4840 1492 4895 IV.

596 4942 654 5001 ᾖ
699 4934 973 5001 Quomodo
1012 4949 1197 5005 unum_
1216 4932 1532 5005 atqueiidem
1561 4946 1669 4988 esse
1697 4932 1904 4988 verbum
1933 4944 2087 5005 atque

1158 5002 1329 5057 Deum
1352 5004 1509 5059 dixit.

627 5099 730 5167 Qui
761 5099 827 5152 ad
859 5098 1002 5151 hunc
1044 5095 1258 5150 modum
1308 5094 1361 5148 in
1403 5095 1512 5149 Deo
1552 5094 1776 5150 verbum
1825 5110 1946 5151 esse
1994 5110 2127 5152 eon-

632 5222 691 5279 ›Ῑ‹
726 5215 821 5269 Ed.
845 5212 1018 5268 Paris.
1042 5228 1165 5284 pag.
1204 5209 1459 5275 105,l06.

654 5286 675 5315 '
712 5284 870 5339 Joan.
899 5300 938 5349 ι,
969 5285 1021 5338 l.

632 5378 744 5445 (77)
782 5378 1038 5448 Ἡμέχρι
1068 5378 1273 5448 λόγου.
1304 5374 1465 5448 Forte
1494 5374 1774 5448 p6vou._M.

632 5448 743 5519 (78)
791 5445 898 5503 Kal
929 5445 1159 5517 Πατέρα
1207 5447 1615 5519 ἐγανεώσεται.
1654 5445 1971 5519 Εοιθιενὲνα
2034 5448 2124 5500 καὶ

562 5517 731 5572 αὑτὸν
754 5519 1053 5588 νομίσεται,
1087 5528 1183 5572 nuc
1216 5527 1317 5575 est.
1342 5517 1575 5588 Sabellii
1590 5517 1826 5570 tuebitur
1853 5518 2119 5588 haeresim.

562 5591 752 5643 Addidi
784 5585 847 5642 es
883 5591 1039 5644 codd.
1070 5589 1159 5641 τὸν
1202 5586 1488 5640 Σαϐἐλλιον
1522 5585 1594 5639 cf.
1628 5602 1680 5654 p.
1720 5588 1819 5639 107
1867 5586 1906 5638 D
1936 5588 2031 5642 lin.
2065 5587 2121 5639 In

564 5666 668 5714 lim:
699 5661 904 5728 plenius
954 5659 1132 5728 leges.
1173 5657 1396 5727 ἥαὺτὸς
1440 5656 1589 5709 ἔσται
1635 5657 1825 5728 Πατὴρ
1868 5656 2000 5727 ὁμοῦ
2033 5660 2125 5728 καὶ

562 5726 761 5799 Υἱὸςζῆ
792 5726 1203 5792 ὄλω;,οὖθ“ἓξει
1226 5728 1367 5794 Υἱὸν,
1394 5730 1440 5781 ei
1471 5730 1569 5782 hoc
1593 5737 1673 5780 est
1703 5726 2027 5782 Judaismus.
2055 5727 2122 5780 Μ.

2230 4582 2401 4653 Πατρί
2434 4581 2891 4651 πεπιστεύκαμεν.
2934 4600 2954 4634 ι

2873 4852 3027 4904 ΚΕΦ.
3071 4852 3143 4903 Δ’.

2230 4939 2427 5005 Ὅπως
2448 4938 2517 4993 ἓν
2538 4942 2633 4995 καὶ
2653 4942 2839 4996 αὐτὸν
2864 4939 3018 5067 eis:
3044 4943 3150 4996 τὸν
3179 4945 3264 4998 Λό

2934 5053 2946 5067 .
3010 5031 3093 5067 τε.

2902 5031 3005 5067 ε.ι·ε
3080 5055 3093 5067 .

2302 5101 2500 5156 Τοῦτον
2542 5102 2650 5173 (81)
2694 5103 2757 5173 δὴ
2796 5104 2886 5156 τὸν
2918 5031 3116 5176 τρόγτῖον
3150 5108 3206 5159 ὲν
3234 5105 3309 5175 τῷ
3339 5104 3457 5174 Θεῷ
3478 5104 3605 5167 δοὺς
3655 5100 3801 5158 εἶναι

3266 4961 3373 5013 rer
3396 4944 3491 4996 καὶ
3521 4942 3629 4995 τὸν
3649 4941 3801 4995 Θεὸν

2228 5411 2288 5421 -
2326 5380 2470 5438 lnl‘ra
2504 5382 2573 5436 τὰ
2610 5384 2667 5438 δὲ
2706 5402 2826 5453 γεγ.
2867 5386 3141 5440 transtulit
3168 5384 3336 5439 Mont.
3371 5384 3796 5469 omnia.(r.avu)

2230 5464 2411 5506 autem
2446 5464 2552 5508 est.

2442 5524 2538 5601 _S_ic_
2560 5524 2707 5601 Μρέ
2734 5525 2897 5601 codd:
2914 5536 2987 5601 et_
3004 5528 3164 5594 vulgo
3193 5522 3369 5601 ἐφ’νῇ.

2322 5591 2628 5668 ἕἮῘιὲΙΒθί
2648 5594 2738 5668 Ἐν
2762 5596 2901 5666 ἀρχῇ
2929 5591 3022 5668 οὖν
3051 5591 3253 5653 οιῦνιιιοὲ
3284 5591 3372 5651 ἐπ’
3408 5596 3674 5668 ἀλλήλαις.

2298 5662 2583 5735 ι81;νιιιεὸ
2604 5665 2659 5717 δέ
2692 5677 2743 5720 et
2783 5662 2838 5717 ἔν
2860 5662 2994 5735 Ᾰεῷ.
