4086 6202
490 240 589 296 907

1201 234 1462 293 EUSEBll
1504 230 1977 289 CASSAREENSIS
2016 232 2165 289 OPP.
2196 232 2375 290 PARS
2417 234 2498 289 IV.
2542 262 2612 274 —-
2648 232 3065 313 DOGMATlCA.

3631 236 3733 292 908

491 358 730 419 exhibet,
763 355 829 409 iis
873 356 961 422 qui
1013 367 1105 421 per
1157 352 1325 420 ipsam
1356 350 1749 403 illuminantur.
1791 346 1897 400 Sed
1925 348 2049 400 illud

2155 346 2561 417 φωτιζομένοις.
2620 345 2731 413 (88)
2800 343 2957 395 Ἀλλά
3010 342 3107 412 τὴν
3140 344 3343 412 μονάδα
3397 345 3527 413 φησὶ
3577 345 3738 415 Μάρ-

494 449 634 517 quod
667 448 881 517 ponitur
914 460 943 498 a
976 443 1247 505 Marcello,
1280 443 1561 495 monadem
1606 440 1918 508 operatione
1970 439 2055 493 di-

496 539 676 603 latari,
707 539 757 592 in
795 534 1109 603 corporibus
1161 532 1337 587 locum
1387 533 1577 595 habet;
1617 540 1671 584 at
1715 530 1779 585 de
1813 531 2053 599 incorpo.

497 646 605 692 rea,
632 623 977 682 inenarrabili
1016 634 1071 676 et
1098 623 1353 677 indicibili
1379 621 1679 675 substantia
1722 635 1905 674 verum
1952 636 2054 673 non

494 732 594 775 est.
663 720 844 785 Neque
898 717 1039 771 enim
1106 715 1355 768 dilatatur
1407 714 1459 767 in
1524 712 1817 780 operando,
1888 726 2059 779 neque

494 810 831 865 contrahitur
864 806 914 859 in
948 820 1056 860 non
1086 807 1379 873 operando,
1419 820 1589 873 neque
1633 806 1867 857 humano
1906 817 2057 855 more

492 909 780 968 operatur,
845 907 937 950 aut
979 897 1215 949 humano
1264 910 1415 949 more
1459 904 1849 949 commovetur.
1917 893 2055 947 Deus

495 994 609 1044 ideo
672 1006 791 1043 cum
834 989 903 1042 sit
946 988 1171 1041 indivisa
1219 987 1414 1049 unitas,
1458 985 1650 1039 Filimn
1713 1000 1867 1039 suum
1938 984 2056 1036 uni-

492 1082 727 1150 genitum
756 1081 821 1133 de
853 1081 1029 1148 seipso
1072 1078 1349 1147 generavit
1382 1095 1395 1141 ;
1431 1094 1535 1131 non
1572 1079 1656 1132 ille
1700 1078 1920 1141 divisus,
1952 1092 2054 1129 non

492 1172 749 1224 alteratus
780 1189 793 1235 ;
834 1186 936 1223 non
968 1170 1372 1223 conversionem
1406 1184 1592 1238 passus
1628 1184 1798 1237 neque
1828 1168 2051 1229 ﬂuxum,

496 1271 587 1314 ant
627 1263 787 1315 alicui
828 1261 1097 1329 subjectus
1138 1259 1393 1328 passioni.
1436 1258 1618 1327 Neque
1670 1258 1812 1310 enim
1871 1256 2055 1325 pracci-

492 1354 666 1421 piens,
700 1366 870 1418 neque
901 1352 1194 1418 imperans,
1225 1364 1327 1401 non
1374 1348 1519 1415 leges
1582 1350 1825 1401 scribens
1871 1356 1927 1399 ut
1960 1348 2055 1399 bo-

494 1442 664 1494 mines
706 1440 917 1501 solent;
972 1454 1077 1492 non
1124 1438 1302 1507 lingua
1349 1437 1557 1491 locutus
1608 1448 1699 1489 aut
1750 1436 1905 1489 labiis
1953 1436 2051 1488 ista

491 1541 766 1599 operatur,
798 1544 973 1596 neque
1006 1537 1251 1597 respectu
1285 1527 1470 1581 habito
1523 1530 1586 1581 ad
1636 1535 1883 1580 ornatum
1934 1527 2053 1578 uni-

491 1623 654 1685 versi,
705 1619 992 1674 simillimis
1044 1619 1196 1671 nobis
1248 1618 1420 1671 oculis
1459 1618 1696 1671 intuetur
1743 1637 1756 1670 :
1805 1633 1925 1671 cum
1958 1631 2052 1685 per

2160 438 2347 497 κελλος
2398 434 2647 505 ἐνεργείᾳ
2700 430 3092 493 πλατύνεσθαι,
3148 432 3241 482 ἐπὶ
3310 431 3406 499 μὲν
3464 434 3737 502 σωμάτων

2161 526 2341 597 χώραν
2375 525 2506 593 ἔχει,
2544 524 2635 575 ἐπὶ
2671 522 2726 574 δὲ
2766 523 2862 591 τῆς
2893 522 3181 590 ἀσωμάτου
3232 523 3325 573 καὶ
3379 522 3606 574 ἀλέκτου
3642 525 3737 575 καὶ

2160 616 2536 684 ἁνεκιρράστου
2566 612 2748 674 οὐσίας
2768 612 2865 664 οὐκ
2883 612 2981 664 ἔτι.
3016 613 3150 665 Οὐδὲ
3173 611 3280 683 γάρ
3297 614 3353 664 ἐν
3386 611 3465 679 τῷ
3484 614 3734 682 ἐνεργεῖν

2160 709 2507 769 πλατύνεται,
2542 705 2648 757 οὐδ’
2674 708 2729 756 ἐν
2758 704 2836 774 τῷ
2865 705 2937 773 μὴ
2970 706 3209 773 ἐνεργεῖν
3235 702 3596 755 συστέλλεται·
3621 703 3736 756 οὐδ’

2158 800 2292 861 ὅλως
2322 798 2521 867 ὁμοίως
2555 796 2863 866 ἀνθρώποις
2886 796 3116 865 ἐνεργεῖ,
3143 795 3249 846 οὐδ’
3289 794 3488 863 ὁμοίως
3516 793 3735 865 ἀνθρώ⁹

2161 907 2280 952 ποις
2306 892 2565 941 κινεῖται·
2594 887 2761 957 μονὰς
2790 886 2844 937 δὲ
2873 885 2947 937 ῶν
2974 886 3274 955 ἀδιαίρετος
3301 887 3327 937 ὁ
3356 885 3486 947 Θεὸς
3508 886 3602 937 τὸν
3638 902 3736 955 μο-

2158 981 2346 1049 νογενῆ
2362 979 2524 1032 αὑτοῦ
2543 979 2667 1030 Υἱὸν
2702 977 2761 1041 ἐξ
2787 976 2977 1029 ἑαυτοῦ
3008 977 3217 1044 ἐγέννα,
3251 978 3311 1028 ού
3332 976 3728 1046 διαιρούμενος,

2157 1071 2264 1122 οὐδ’
2286 1070 2587 1129 ἀλλοίωσιν,
2614 1071 2645 1137 ἢ
2677 1068 2901 1138 τροπὴν,
2934 1067 2965 1136 ἢ
2997 1066 3121 1135 ῥοὴν
3139 1107 3152 1130 ,
3181 1068 3215 1135 ἦ
3240 1084 3292 1118 τι
3322 1067 3491 1129 πάθος
3518 1066 3730 1136 ὑπομέ-

2156 1176 2281 1211 νων.
2312 1158 2443 1209 Ούδὲ
2471 1156 2575 1228 γὰρ
2607 1158 2974 1224 προστάττων,
3009 1155 3128 1206 οὑδὲ
3153 1154 3584 1224 ἐγκελευόμενος,
3606 1155 3730 1208 οὐδὲ

2158 1246 2462 1317 νομοθετῶν
2518 1246 2715 1314 ὁμοίως
2760 1244 3069 1315 ἀνθρώποις
3114 1244 3327 1313 γλώττῃ
3375 1245 3468 1296 καὶ
3525 1245 3729 1313 χείλεσι

2156 1337 2352 1398 λαλῶν,
2387 1334 2557 1388 ταῦτα
2589 1337 2846 1404 πράττει·
2880 1336 2997 1387 ούδέ
3027 1352 3089 1402 γε
3128 1333 3347 1403 ἀφορῶν
3396 1334 3474 1395 είς
3503 1334 3601 1403 τὴν
3631 1332 3730 1384 τοῦ

2157 1427 2354 1488 παντὸς
2374 1427 2751 1495 διακόσμησιν,
2780 1425 2979 1493 ὁμοίως
3008 1427 3139 1494 ἡμῖν
3182 1423 3481 1493 ὀφθαλμοῖς
3517 1423 3730 1493 χρώμεο

2155 1535 2242 1579 νος
2280 1517 2391 1583 (89)
2427 1515 2719 1576 ἐνατενίζει
2748 1516 2909 1566 ὅποτε
2945 1516 3037 1567 καί¹
3062 1515 3127 1567 τά
3160 1515 3233 1584 μὴ
3275 1514 3402 1567 ὄντα
3438 1513 3726 1584 προλαϐὼν

2156 1611 2375 1681 ἀρρήτῳ
2393 1609 2483 1659 καὶ
2508 1606 2658 1674 θεῖκῇ
2685 1606 2929 1673 δυνάμει,
2958 1605 3031 1666 ὡς
3051 1604 3149 1673 ἥδη
3179 1605 3309 1656 ὄντα
3331 1605 3424 1655 καὶ
3445 1604 3729 1671 ὑφεστῶτα

490 1713 744 1765 virtutem
799 1726 947 1763 suam
994 1709 1407 1763 inenarrabilem
1450 1720 1503 1761 et
1542 1710 1776 1762 divinam
1820 1724 1881 1761 ea
1940 1724 2051 1777 qua:

2160 1698 2370 1771 θεωρεῖ.
2422 1699 2556 1751 Ἀλλ’
2604 1697 2722 1747 οὐδὲ
2775 1696 2943 1747 ποιῶν
2990 1697 3081 1748 καὶ
3134 1695 3477 1765 δημιουργῶν
3528 1693 3727 1763 ὁμοίως

492 1801 727 1853 nondum
766 1809 888 1853 sunt
943 1802 1199 1869 producta
1229 1800 1572 1867 anticipando
1620 1800 1913 1861 intueatur,
1949 1815 2052 1852 non

491 1905 645 1945 secus
671 1899 835 1959 atque
858 1889 968 1955 jam
998 1890 1343 1944 subsistentia
1389 1899 1442 1943 et
1488 1892 1768 1959 producta.
1822 1888 1925 1943 Sed
1962 1904 2055 1943 ne-

489 1989 593 2043 que
623 1975 698 2035 is,
732 1985 790 2026 ut
818 1974 957 2042 apud
988 1988 1084 2027 nos
1110 1973 1347 2027 artiﬁces
1381 1973 1587 2036 solent,
1618 1974 1668 2025 in
1702 1974 1976 2041 operando
2002 1982 2054 2024 et

490 2065 722 2117 creando
741 2062 1016 2115 materiam
1037 2062 1493 2130 prteexsistentem
1513 2062 1757 2113 manibus
1780 2069 2051 2126 acceptam

491 2152 676 2220 digitis
706 2150 1023 2218 compingit,
1073 2150 1168 2202 sed
1216 2163 1312 2217 per
1370 2149 1698 2202 ineli'abilem
1757 2149 1951 2201 iterum
2003 2157 2055 2202 et

494 2238 1093 2306 incomprehensibilem
1144 2238 1397 2290 virtutem
1443 2253 1592 2291 suam
1622 2276 1635 2299 ,
1703 2251 1881 2289 rerum
1931 2251 2053 2304 pro-

493 2330 773 2381 ductarutu
802 2328 1041 2380 omnium
1081 2329 1433 2383 substantiam
1476 2328 1539 2379 ad
1574 2326 1701 2381 Esse
1731 2342 1882 2380 suum
1930 2342 2051 2394 per-

491 2420 666 2471 duxit.
708 2420 884 2487 Atque
915 2420 987 2471 ita
1025 2420 1239 2487 quidem
1277 2419 1455 2473 omnia
1483 2419 1660 2472 eliecit
1690 2420 1797 2482 ille,
1836 2418 2056 2471 rationi-

494 2512 593 2561 bus
625 2516 789 2575 atque
830 2507 1001 2561 modis
1035 2509 1492 2561 inscrutabiiibns.
1532 2507 1667 2573 Quid
1698 2522 1796 2560 nos
1823 2507 2055 2561 sollicite

494 2599 612 2650 ideo
648 2599 980 2658 laboramus,
1015 2606 1069 2648 ut
1100 2596 1329 2649 similem
1358 2596 1645 2664 qnatndam
1672 2597 1972 2664 passionem
1998 2597 2049 2649 in

494 2688 582 2739 illo
621 2686 1008 2755 imaginemnr?
1038 2690 1096 2748 rit
1146 2686 1199 2738 in
1240 2685 1354 2738 Filii
1387 2687 1468 2739 sui
1512 2686 1889 2754 generatione,
1922 2700 2052 2753 qua-

2156 1794 2269 1852 τοῖς
2298 1791 2425 1860 παρ’
2464 1790 2593 1858 ἡμῖν
2643 1788 2909 1857 τεχνίταις
2959 1785 3430 1856 προῦποκειμένην
3474 1784 3605 1852 ὓλην
3634 1784 3728 1835 λα-

2158 1879 2267 1931 ϐὼν
2304 1880 2458 1950 χερσὶ
2518 1880 2607 1931 καὶ
2637 1877 2917 1939 δακτύλοις
2950 1877 3287 1953 τεκταίνεται
3331 1875 3471 1943 (90),
3505 1876 3728 1945 ἀρρήτῳ

2157 1971 2212 2022 δὲ
2246 1971 2402 2022 πάλιν
2436 1972 2528 2022 καὶ
2558 1970 2925 2040 ἁκαταλήπτῳ
2957 1968 3181 2038 δυνάμει
3212 1968 3268 2033 ἐξ
3306 1970 3405 2020 οὐκ
3437 1968 3607 2020 ὅντων
3648 1971 3726 2031 είς

2157 2061 2215 2112 τὸ
2248 2057 2383 2113 εἶναι
2418 2061 2512 2130 τὴν
2548 2061 2651 2113 τῶν
2683 2060 2923 2129 γενητῶν
2972 2060 3224 2113 ἁπάντων
3270 2060 3608 2128 ὑπεστήσατο
3637 2058 3729 2110 ού-

2160 2150 2297 2202 σίαν.
2329 2150 2462 2220 Ἤδη
2494 2147 2585 2203 οῦν
2612 2152 2786 2202 πάντα
2805 2150 2981 2217 λόγοις
3010 2152 3140 2219 ἡμῖν
3170 2149 3427 2218 ἀρρήτοις
3447 2148 3543 2199 καὶ
3568 2148 3725 2201 ἀτολ-

2158 2240 2421 2305 λογίστοις
2457 2241 2647 2293 ἐποίει.
2680 2240 2823 2309 Τίδὴ
2858 2241 2962 2311 χρὴ
2988 2239 3245 2307 ἀγωνιᾷν,
3287 2237 3359 2307 μὴ
3384 2237 3584 2306 ὁμοίως
3615 2239 3723 2298 τοῖς

2160 2332 2368 2401 θνητοῖς
2389 2331 2541 2395 ζώοις
2567 2332 2735 2393 πάθος
2760 2350 2811 2383 τι
2841 2334 2965 2402 περὶ
2994 2332 3153 2383 αὑτὸν
3176 2330 3419 2399 εἴποιμεν
3444 2330 3723 2397 γεγονέναι

2160 2422 2251 2474 ἐπὶ
2284 2425 2347 2491 τῇ
2382 2422 2474 2475 τοῦ
2509 2421 2637 2474 Υίοῦ
2672 2424 2955 2492 γεννήσει;
2988 2423 3095 2489 (91)
3136 2423 3200 2489 ἦν
3250 2421 3390 2490 ὑπὲρ
3424 2422 3599 2473 πάντα
3633 2421 3725 2471 καὶ

2165 2510 2265 2579 πρὸ
2298 2510 2511 2561 πάντων
2536 2511 2764 2580 ὑπέστη,
2796 2512 2855 2562 ού
2881 2511 3020 2563 κατά
3052 2528 3103 2562 τι
3136 2510 3241 2561 τῶν
3272 2512 3336 2579 τῇ
3379 2508 3586 2578 θνητῶν
3622 2511 3722 2577 φύ-

2162 2616 2245 2649 σει
2285 2600 2755 2669 συνεγνωσμένων,
2800 2601 2938 2652 κατὰ
2964 2601 3018 2652 δὲ
3048 2600 3137 2651 τὸν
3168 2599 3315 2669 αύτῷ
3350 2601 3495 2669 μόνῳ
3525 2615 3724 2669 γνωρι-

2159 2688 2380 2757 ζόμῖνον
2404 2691 2603 2760 τρόπον
2620 2706 2635 2720 '

494 2782 596 2834 letn
626 2781 676 2833 in
708 2782 919 2834 cmtcris
976 2780 1381 2833 animantibus:
1412 2794 1571 2848 quam
1646 2780 1733 2833 ille
1784 2780 1999 2847 quidem
2066 2783 2463 2846 generationem
2540 2798 2702 2852 super
2757 2786 2957 2849 omnia,
3019 2795 3069 2837 et
3110 2797 3235 2839 ante
3281 2786 3458 2839 omnia
3507 2784 3722 2843 subivit,

492 2872 690 2924 nonad
754 2873 968 2923 modum
1018 2879 1070 2923 et
1121 2870 1522 2937 proportionem
1568 2870 1806 2925 mortalis
1844 2880 2089 2937 natura};
2132 2874 2223 2926 sed
2280 2874 2429 2941 juxta
2464 2877 2676 2927 ruminat
2727 2876 2875 2929 illiilli
2912 2886 3071 2945 atque
3122 2876 3418 2941 rationem,
3443 2892 3561 2945 qua:
3610 2885 3725 2929 erat

497 2967 594 3029 ipsi
627 2966 723 3018 soli
762 2965 973 3033 cognita
1005 2972 1058 3017 et
1083 2964 1378 3017 intellecta.

1105 3051 1255 3104 CAP.
1288 3051 1399 3103 VII.

524 3166 803 3230 Quomodo
837 3163 1070 3215 Ecclesia
1125 3160 1300 3213 Patris
1349 3162 1597 3229 prwdicat
1639 3164 2011 3217 monarchiam.

559 3340 849 3393 Enimvero
883 3340 1105 3401 vereris,
1141 3340 1209 3392 mi
1240 3340 1420 3403 homo,
1457 3340 1705 3405 illud,'ne
1735 3341 1777 3395 si
1808 3342 1941 3395 duas
1972 3341 2054 3393 l'a-

494 3443 641 3486 teare
673 3432 1012 3501 hypostases,
1052 3432 1158 3484 duo
1188 3432 1371 3484 itidem
1406 3433 1663 3501 principia
1711 3434 2056 3487 subintrodu-

491 3538 601 3584 cas.
636 3532 688 3575 et
728 3538 756 3573 a
812 3520 1023 3574 deitatis
1083 3522 1157 3573 ita
1216 3521 1433 3574 excidas
1490 3522 1826 3575 monarchia.
1869 3521 2054 3575 Discas

489 3612 806 3679 ergo,'quod
839 3625 959 3664 cum
1008 3625 1149 3662 unus
1194 3611 1264 3662 sit
1305 3610 1420 3662 sine
1472 3610 1735 3678 principio
1783 3610 2053 3677 ingenitus

495 3701 656 3763 Deus,
689 3698 855 3753 Filius
883 3709 1058 3751 autem
1082 3700 1146 3752 de
1178 3699 1271 3752 illo
1301 3709 1690 3768 progeneretur
1719 3716 1732 3751 :
1766 3714 1926 3751 unum
1962 3713 2055 3752 ne-

490 3791 727 3843 cessario
757 3790 1075 3857 principium
1125 3788 1284 3841 fuerit
1310 3828 1325 3849 ,
1374 3788 1685 3841 monarchia
1740 3796 1793 3840 et
1829 3803 2050 3855 regnum

490 3896 651 3933 unum
674 3897 705 3943 ;α
730 3894 851 3931 cum
884 3878 1325 3949 subscribatipse
1354 3877 1519 3930 Filius
1554 3888 1781 3945 paterno
1804 3878 2050 3946 imperio,

491 3981 545 4023 et
584 3971 922 4038 principatui.
965 3967 1301 4036 Caputenim
1332 3967 1531 4021 Christi
1565 3967 1702 4019 Deus
1731 3975 1835 4031 est,
1868 3982 2053 4020 secun-

492 4063 622 4113 dum
653 4061 963 4128 Apostolum
1005 4078 1018 4113 :
1057 4060 1148 4114 sed
1178 4059 1379 4113 vereris
1414 4059 1764 4112 vehementer
1792 4071 1856 4111 ne
1887 4071 2049 4126 coga-

488 4159 575 4203 tur
605 4152 650 4204 is
699 4152 803 4205 duo
858 4150 1121 4220 principia
1174 4148 1349 4213 fateri,
1398 4147 1487 4217 qui
1528 4148 1665 4202 duas
1706 4148 2052 4201 conﬁtebitur

488 4242 806 4311 hyposmses'
852 4242 1028 4295 Patris
1057 4248 1219 4307 atque
1253 4239 1370 4291 Filii
1413 4254 1426 4291 :
1473 4241 1565 4292 sed
1612 4246 1667 4291 et
1712 4237 1850 4291 istud
1881 4237 2049 4299 disce,

485 4333 625 4401 quod
658 4331 936 4401 quiPatris
961 4343 1013 4387 et
1042 4332 1163 4385 Filii
1215 4333 1533 4401 bypostases
1565 4329 1698 4383 duas
1720 4369 1733 4392 ,
1763 4328 1894 4381 duos
1928 4344 2052 4382 esse

591 4499 649 4554 is
692 4492 789 4543 Ed.
828 4490 1025 4554 Paris,
1061 4508 1179 4560 pag.
1218 4491 1340 4543 l09.

2810 3053 2965 3105 ΚΕΦ.
3004 3056 3070 3106 Ζ’.

2163 3159 2355 3223 ’Όπως
2396 3162 2431 3227 1)
2486 3162 2811 3227 Ἐκκλησία
2846 3160 2957 3227 τὴν
2989 3162 3094 3214 τοῦ
3122 3163 3349 3229 Πατρὸς
3394 3166 3726 3232 μοναρχίαν

2793 3248 2864 3294 κη
2864 3232 2940 3295 μέν
2948 3248 3063 3283 ττει
3074 3272 3085 3283 .

2240 3339 2395 3391 Ἀλλὰ
2429 3341 2586 3410 φοϐῇ,
2619 3338 2663 3393 ῶ
2696 3342 2967 3411 ἄνθρωπε,
3000 3343 3093 3411 μὴ,
3123 3342 3215 3394 δύο
3246 3343 3564 3413 ὑποστάσεις
3592 3346 3720 3413 ὁμο-

2156 3430 2408 3498 λογήσας,
2438 3430 2528 3481 δύο
2562 3432 2735 3501 ἀρχάς
2761 3431 3092 3498 εἰσαγάγοις,
3130 3432 3223 3484 καί
3251 3432 3346 3500 τῆς
3389 3436 3719 3503 μοναρχικῆς

2157 3522 2401 3591 θεότητος
2444 3524 2716 3583 ἐκπέσοις.
2765 3523 3015 3575 Μάνθανε
3050 3525 3246 3585 τοίνυν,
3286 3524 3359 3585 ὡς
3409 3524 3526 3585 ἐνὸς
3568 3524 3719 3587 δντος

2154 3614 2388 3682 άνάρχου
2424 3615 2515 3666 καὶ
2548 3614 2839 3684 ἀγεννήτου
2874 3614 3030 3678 Θεοῦ,
3064 3614 3157 3666 τοῦ
3191 3616 3245 3666 δὲ
3283 3613 3410 3667 Υίοῦ
3458 3615 3517 3679 ἐξ
3556 3616 3717 3671 αὑτοῦ

2154 3705 2569 3773 γεγεννημένου,
2607 3705 2701 3774 μία
2730 3703 2878 3757 ἔσται
2914 3705 3076 3775 ἁρχὴ,
3114 3706 3380 3774 μοναρχία
3412 3722 3469 3756 τε
3502 3707 3595 3757 καὶ
3629 3704 3745 3774 βία-ί

2157 3793 2326 3845 σιλεία
2362 3794 2456 3864 μία
2477 3834 2490 3855 ,
2520 3796 2641 3846 ἐπεὶ
2676 3795 2768 3848 καὶ
2794 3796 2952 3856 αύτδς
2991 3798 3018 3847 ό
3054 3796 3178 3857 Υἱὸς
3210 3795 3382 3865 ἀρχὴν
3421 3796 3718 3865 ἐπιγράφε-

2151 3884 2241 3935 ταὶ
2273 3884 2361 3935 τὸν
2391 3884 2552 3937 αὑτοῦ
2592 3885 2826 3954 Πατέρα.
2872 3885 2980 3954 (92)
3015 3885 3237 3954 Κεφαλὴ
3279 3885 3389 3955 γὰρ
3417 3886 3650 3954 Χριστοῦ
3691 3887 3721 3939 ό

2152 3971 2280 4033 Θεὸς
2302 4011 2315 4034 ,
2348 3972 2488 4024 κατὰ
2525 3974 2613 4024 τὸν
2662 3973 2997 4027 Ἀπόστολον.
3047 3973 3204 4025 Ἀλλά
3232 3975 3490 4043 ἀγωνιᾷς,
3527 3976 3598 4045 μὴ
3628 3974 3717 4027 δύο

2153 4058 2304 4123 θεοὺς
2352 4062 2561 4132 ἀνάγκη
2720 4062 3117 4133 παραδέξασθαι
3150 4064 3239 4115 τὸν
3271 4063 3364 4115 δύο
3396 4065 3717 4127 ὑποστάσεις

2153 4154 2364 4224 Πατρδς
2390 4157 2481 4208 καὶ
2511 4155 2639 4207 Υίοῦ
2669 4153 2803 4209 εἶναι
2836 4153 3217 4225 ὁμολογοῦντα.
3257 4154 3417 4207 Ἀλλὰ
3447 4155 3537 4207 καὶ
3562 4153 3717 4205 τοῦτο

2152 4244 2382 4310 γίνωσκε
2405 4286 2419 4309 ,
2454 4246 2528 4308 ὡς
2560 4247 2587 4297 ό
2616 4245 2707 4298 δύο
2741 4246 3062 4307 ὑποστάσεις
3093 4232 3303 4315 Πατρὸς
3326 4245 3421 4296 καὶ
3451 4244 3577 4296 Υίοῦ
3607 4243 3713 4314 (93)

2151 4334 2271 4397 δοὺς
2304 4337 2401 4389 ούκ
2439 4336 2805 4405 ἀναγκάζεται
2847 4336 2938 4389 δύο
2974 4335 3214 4405 πατέρας
3266 4337 3472 4397 εἰπεῖν,
3522 4337 3581 4388 οὑ
3624 4333 3715 4387 δύο

556 4651 664 4719 (88)
709 4652 883 4705 Ἀλλὰ
916 4650 1027 4715 τὴν
1053 4648 1303 4717 μονάδα,
1334 4658 1438 4719 etc.
1479 4648 1707 4719 Legend.
1770 4648 1884 4700 ἀλλ’
1924 4648 1951 4700 ὃ
1994 4665 2046 4699 τι

2155 4648 2348 4701 Christi
2382 4648 2714 4719 divinitatem
2768 4646 2967 4719 retulit,
2994 4645 3131 4719 quod
3151 4646 3224 4719 de
3254 4646 3718 4719 ho_m_ine-assum—

484 4716 573 4774 aut
608 4716 814 4788 ἐπειδὴ.
856 4721 908 4770 In
943 4734 1006 4770 eo
1039 4716 1180 4788 quini
1209 4724 1285 4769 att
1329 4716 1631 4780 Marcellus,
1664 4732 1785 4768 nam
1816 4718 2037 4785 alioqui,

485 4791 662 4844 hiulca
687 4786 1074 4841 est‘sententia.
1121 4786 1187 4838 M.

552 4861 664 4928 (89)
709 4854 1072 4915 Ἐνατενίζέι.
1102 4855 1189 4907 Sic
1229 4854 1590 4907 scribendum.
1615 4853 1682 4908 M.
1709 4854 1836 4924 (CL,
1866 4871 1916 4924 p.
1945 4857 2041 4910 105

701 4994 956 5066 Ἀρῤήτῳ
1004 4992 1071 5045 δὲ
1104 4991 1305 5066 mitiga
1372 4990 1429 5043 ln
1483 4991 1752 5057 operando
1807 4990 2043 5061 ᾶῤῥητος

482 5060 617 5125 erat,
645 5060 717 5118 uti
747 5060 803 5117 et
836 5060 884 5117 in
918 5065 1191 5115 intuendo.
1224 5060 1290 5111 M.

554 5135 662 5205 (9|)
697 5137 800 5188 Ἢν
823 5131 991 5201 ὺπέρ.
1025 5131 1214 5205 Potius
1239 5130 1316 5205 ὃν.
1339 5128 1503 5193 Quem
1526 5128 1743 5205 .Eilitt‘itt
1769 5129 2040 5195 produxit.

484 5197 607 5255 ll-ec
638 5197 773 5256 Scita
811 5197 1153 5256 sunt'coutra
1192 5200 1442 5263 At'ianus,
1492 5197 1611 5251 vide
1662 5200 1859 5250 Athan.
1917 5214 2041 5266 pag.

482 5274 605 5330 408.
637 5274 757 5326 409.
805 5273 845 5323 M
858 5310 870 5323 .

552 5341 661 5412 (92)
694 5340 935 5412 Κεραλὴ
996 5340 1105 5412 γζιρ
1158 5337 1411 5412 Χριστοῦ
1457 5340 1489 5390 ὀ
1521 5337 1675 5412 Θεός.
1717 5334 1916 5412 ,[ιρωιε
1956 5345 2039 5412 est

477 5408 499 5464 ἰ
535 5404 659 5464 ΟΜΖ
688 5404 840 5475 χιίό,
877 5404 1137 5463 Ἐνταῦθα
1168 5406 1501 5477 ἐπιπηδῶσιν
1534 5408 1661 5475 ἡμῖν
1685 5406 1730 5456 οἱ
1752 5404 2033 5477 αᾴίρετικοὶ,

481 5482 651 5546 inquit
673 5472 1106 5548 Chrysostomus,
1135 5472 1423 5548 ἐλάττωσιν
1451 5472 1584 5548 τινα
1611 5477 1681 5548 ἐκ
1731 5472 1836 5548 τῶν
1880 5475 2033 5548 είρητ

478 5543 655 5619 μένων
716 5543 1067 5609 ἐπινοοῦντες.
1125 5548 1231 5601 lluc
1280 5546 1409 5600 facit
1468 5544 1747 5606 Eusebius,
1802 5544 1925 5595 dum
1970 5543 2034 5596 ad

2155 4728 2247 4785 pto
2278 4718 2653 4781 usurpabatnr.
2672 4714 2925 4784 Regulam
2958 4712 3117 4768 tradit
3150 4716 3299 4785 idem
3321 4715 3450 4785 ibid.
3479 4713 3530 4766 in
3564 4712 3717 4785 Com-
3780 4774 3783 4777 _

2148 4782 2311 4863 ruent.
2346 4785 2639 4863 ad‘lofum.
2686 4782 2843 4863 ’ρτάν
2888 4802 2941 4863 τι
2985 4782 3237 4863 ταπεινὸν
3289 4782 3529 4863 λέγεται,
3577 4782 3714 4849 μετὰ

2145 4854 2243 4921 τῆς
2270 4854 2465 4920 σαρκὸς
2494 4854 2643 4915 ὄντος
2676 4854 2859 4916 αὑτοῦ,
2892 4854 2989 4905 ούκ
3022 4852 3265 4905 εὐτέλεια
3306 4851 3402 4919 τῆς
3441 4851 3712 4918 θεότητος,

2146 4922 2281 4974 ἀλλὰ
2324 4923 2420 4991 τῆς
2473 4922 2781 4991 οἰκονομίας
2836 4921 3129 4991 δεχομένης
3178 4920 3493 4991 721715105.
3542 4920 3713 4984 Quam

2150 4989 2598 5043 tradiditAthan.
2630 4989 2679 5041 in
2711 4991 2856 5042 hom.
2886 4989 3219 5043 dehumana
3252 4989 3459 5043 Christi
3492 4998 3714 5039 natura.

2150 5060 2288 5110 Ὅσα
2317 5056 2409 5110 οὖν
2448 5058 2635 5128 εύτελῆ
2667 5060 2884 5128 ῥήματα
2919 5058 3023 5110 ὑπὸ
3071 5057 3165 5109 τοῦ
3198 5057 3332 5109 Θεοῦ
3376 5056 3619 5128 εἴρηται,Δ
3648 5058 3712 5125 τῇ

2177 5076 2288 5110 υσα
2317 5077 2409 5110 ουν
2448 5076 2600 5110 ευτεΑ
2667 5076 2884 5128 ρηματα
2919 5076 3023 5110 υπο
3071 5076 3165 5109 του
3198 5076 3332 5109 σεου
3376 5076 3613 5125 ειρηται,
3648 5076 3712 5125 τῃ

2154 5129 2392 5198 πτωχείᾳ
2422 5128 2583 5180 αὑτοῦ
2604 5076 2881 5196 γδιαφέρει.
2910 5128 3026 5198 (Sed
3059 5130 3253 5195 ubique
3293 5128 3430 5198 hanc
3474 5124 3712 5192 regulam

2154 5195 2313 5249 habet
2344 5195 2538 5263 snSque
2565 5199 2738 5264 deque
2766 5195 3027 5250 Eusebius
3060 5214 3073 5248 :
3108 5212 3229 5247 nam
3261 5205 3314 5248 et
3373 5195 3426 5246 in
3478 5206 3715 5260 sequen-

2150 5268 2289 5317 tibus
2325 5266 2499 5317 locum
2531 5263 2679 5317 illum
2708 5263 2863 5318 Jozm.
2900 5281 2989 5327 xx,
3016 5265 3099 5319 i7.
3124 5267 3311 5316 eodem
3348 5264 3507 5315 modo
3542 5263 3714 5313 inter-

2146 5343 2423 5404 pretatur:
2466 5334 2523 5385 Ὀ
2555 5335 2653 5404 μὲν
2692 5332 2753 5404 δὴ
2782 5334 3033 5404 Θεδςκαὶ
3069 5333 3276 5401 Πατὴρ,
3304 5332 3397 5383 καὶ
3426 5328 3718 5404 αὑτοῦ-τοῦ

2145 5401 2273 5454 Υίοῦ
2305 5403 2434 5465 Θεὸς
2456 5400 2848 5469 ὣν,’δείκνυται
2879 5419 2890 5453 :
2928 5403 2995 5455 ita
3023 5404 3164 5455 enim
3190 5400 3400 5469 opinor,
3427 5400 3709 5469 legendum

2142 5472 2324 5543 cst.iM
2360 5470 2609 5543 _-_-—rlnl‘ra
2754 5472 3057 5543 vuigoom;

2220 5542 2330 5611 (95)
2360 5540 2528 5611 Vulgo
2559 5532 2881 5609 θεοῦςίιιιυῖι
2910 5540 3049 5593 delet
3078 5540 3113 5591 ii
3143 5557 3155 5592 :
3195 5539 3403 5595 cort’cxi
3435 5537 3553 5599 (τοὺς
3581 5532 3703 5587 coll.
