4086 6208
1305 262 1400 322 ’ΒΕ
1439 262 1968 323 ECCLESIAS'I'ICA
2010 263 2403 325 THEOLOGIA
2441 269 2568 324 LIB.
2608 269 2674 324 11.

3535 280 3639 334 9η

391 388 563 450 υἱούς·
612 386 747 439 ἀλλὰ
773 383 864 436 τὸν
895 383 991 450 μὲν
1015 381 1112 434 ἕνα
1138 382 1355 450 Πατέρα
1385 383 1564 444 δώσει,
1594 382 1682 434 τὸν
1706 383 1764 434 δὲ
1787 383 1969 454 ἕτερον

2077 385 2203 438 deos
2238 394 2437 439 statuet
2461 422 2476 447 ,
2507 400 2610 439 non
2635 386 2845 456 cogitur
2869 385 3022 442 fateri
3077 387 3208 441 duos
3233 396 3434 456 patres,
3469 409 3641 463 neque

399 479 547 531 Υἰόν.
611 476 766 528 Κατὰ
813 475 902 526 τὸν
943 471 1100 524 αὑτὸν
1139 469 1230 524 οὖν
1274 472 1472 540 τρόπον
1519 473 1640 524 οὐδὲ
1685 472 1778 525 δύο
1820 472 1973 536 θεοὺς

397 571 612 640 ἀνάγκη
644 566 824 621 δοῦναι
854 565 943 616 τὸν
975 563 1075 626 τὰς
1106 563 1198 617 δύο
1226 565 1550 627 ὑποστάσεις
1576 564 1808 617 τιθέντα.
1839 565 1971 617 Οὐδὲ

397 661 507 730 γὰρ
538 659 805 726 ἰσοτίμους
832 654 1001 717 αὐτὰς
1026 654 1340 724 ὀριζόμεθα,
1368 656 1477 708 οὐδ’
1509 656 1674 725 ἄμφω
1705 655 1972 726 ἀνάρχους

399 752 495 802 καὶ
537 747 893 816 ἀγεννήτους·
937 744 1072 797 ἀλλὰ
1117 745 1243 814 μίαν
1281 747 1387 815 ,μὲν
1420 745 1517 815 τὴν
1555 745 1847 814 ἀγέννητον
1880 747 1973 798 καὶ

403 823 653 908 ἄναρχον,
683 833 912 903 θατέραν
938 834 992 886 δὲ
1024 835 1286 903 γεννητὴν
1312 835 1404 886 καὶ
1434 836 1606 904 ἀρχὴν
1634 833 1724 887 τὸν
1756 835 1973 904 Πατέρα

407 927 764 996 κεκτημένην.
799 925 888 976 Διὸ
929 925 1021 976 καὶ
1049 925 1211 986 αὐτὸς
1255 927 1282 977 6
1329 925 1453 988 Υἱὸς
1487 926 1579 978 καὶ
1614 923 1804 976 ἑαυτοῦ
1836 921 1972 977 εἶναι

397 1018 533 1070 ’Θεὸν
558 1018 646 1070 τὸν
672 1017 834 1070 αὑτοῦ
866 1016 1078 1086 Πατέρα
1100 1017 1354 1081 διδάσκει,
1383 1019 1439 1069 ἐν
1463 1011 1543 1079 οἷς
1572 1033 1735 1085 φησι·
1783 1015 1972 1083 Ἀγέρ-

401 1127 575 1178 χομαι
614 1109 765 1176 ,πρὸς
797 1107 902 1160 τὸν
934 1105 1160 1173 Πατέρα
1197 1124 1336 1175 μου,
1379 1106 1476 1159 καὶ
1518 1105 1749 1172 Πατέρα
1783 1103 1969 1172 ὑμῶν,

402 1201 494 1251 καὶ
529 1199 677 1252 Θεόν
695 1216 835 1266 μου,
877 1196 973 1248 καὶ
1005 1197 1152 1248 Θεὸν
1183 1195 1368 1264 ὑμῶν.
1415 1197 1470 1248 Ὀ
1501 1195 1605 1264 μὲν
1631 1194 1694 1264 δὴ
1720 1193 1851 1256 Θεὸς
1879 1195 1972 1246 καὶ⁸

321 1272 329 1285 ’
401 1284 590 1353 Πατὴρ
622 1283 715 1334 καὶ
759 1281 921 1334 αὑτοῦ
962 1281 1050 1333 τοῦ
1095 1282 1221 1333 Υἰοῦ
1251 1283 1360 1350 illi)
1396 1283 1526 1344 Θεὸς
1569 1281 1642 1333 ὢν
1674 1282 1968 1335 δείκνυται.

401 1373 488 1426 Διὸ
510 1374 574 1444 δὴ
607 1370 687 1436 εἷς
717 1373 848 1436 Θεὸς
878 1376 940 1442 τῇ
980 1373 1267 1444 Ἐκκλησία
1293 1374 1401 1442 (95)
1436 1373 1528 1426 τοῦ
1556 1373 1681 1425 Υἰοῦ
1709 1373 1972 1444 κηρύττε-

397 1479 524 1524 ται,
561 1465 588 1515 6
610 1462 667 1514 δὲ
699 1462 848 1526 Υἱὸς,
886 1463 974 1514 ὅτε
1013 1463 1110 1532 μὲν
1137 1464 1292 1525 αὐτὸς
1322 1463 1723 1534 παραϐάλλεται
1751 1463 1827 1532 τῷ
1859 1464 1972 1514 Πα-

397 1555 486 1623 τρὶ
519 1554 617 1604 οὐκ
655 1551 728 1604 ἐτ’
771 1553 922 1605 ἔσται
949 1554 1041 1604 καὶ
1072 1553 1235 1606 αὐτοῦ
1265 1553 1358 1606 τοῦ
1403 1554 1612 1625 Ila-:96;
1653 1554 1806 1616 θεὸς,
1855 1554 1970 1606 ἀλλ’

399 1643 527 1705 Υἱὸς
570 1644 860 1713 μονογενὴς
890 1645 983 1695 καὶ
1021 1643 1302 1712 ἀγαπητὸς
1329 1644 1493 1696 αὐτοῦ
1514 1684 1529 1706 ,
1558 1645 1652 1696 καὶ
1678 1643 1839 1697 εἰκὼν
1875 1644 1968 1696 τοῦ

2079 475 2213 529 ﬁlios
2243 476 2396 539 duos,
2427 477 2520 530 sed
2560 492 2722 528 unum
2771 491 2836 528 cx
2865 476 2936 530 iis
2959 475 3196 538 Patrem,
3234 479 3460 533 alterum
3506 499 3633 539 vero

2074 565 2330 619 concedet
2352 580 2472 618 esse
2501 565 2714 620 Filium.
2755 567 2834 618 Ad
2880 568 3127 619 eumdem
3175 584 3388 638 quoque
3421 575 3638 626 modum
3673 571 3696 584 ‘

2074 669 2248 723 neque
2277 671 2498 709 necesse
2524 670 2606 709 εει
2631 671 2753 708 eum
2787 658 2918 710 duos
2952 657 3080 710 deos
3131 656 3283 712 lateri
3307 699 3321 721 ,
3378 664 3467 730 qui
3506 665 3640 718 duas

2075 745 2354 798 admiserit
2394 745 2734 813 hyposmses.
2777 745 2909 798 Nam
2963 762 3134 814 neque
3166 747 3282 802 illas
3313 751 3514 806 honore
3543 769 3640 820 pa-

2075 850 2160 890 res
2199 837 2484 906 ponimus;
2542 850 2713 903 neque
2741 837 2926 888 ambas
2950 837 3212 904 principio
3249 850 3516 908 carentes,
3547 854 3642 897 aut

2069 928 2384 996 "ingenitas;
2423 927 2516 979 sed
2562 940 2723 978 nuam
2761 941 2824 980 ex
2856 925 2959 978 illis
2993 927 3308 995 ingenitam,
3345 933 3464 985 sine
3489 934 3640 1000 priu-

2075 1016 2218 1083 cipio
2244 1017 2591 1069 exsistentem
2621 1034 2633 1080 ;
2668 1016 2891 1068 alteram
2923 1031 3052 1070 vero
3076 1019 3332 1086 genitam,
3360 1021 3640 1076 etPatretn

2074 1108 2154 1159 sui
2188 1107 2354 1174 ipsius
2386 1106 2708 1174 principium
2743 1107 3132 1174 possidentem.
3177 1109 3538 1174 Quamobrem
3587 1124 3642 1166 et

2076 1195 2191 1262 ipse
2237 1193 2404 1246 Filius
2437 1193 2603 1247 Deum
2637 1209 2792 1247 suum
2841 1194 2998 1247 docet
3039 1210 3159 1250 esse
3199 1197 3409 1251 Patrem
3462 1216 3638 1263 suum,

2074 1282 2126 1334 in
2162 1281 2356 1350 quibus
2393 1282 2500 1347 ait,
2543 1279 2691 1334 Vado
2732 1284 2800 1334 ad
2850 1282 3061 1336 Patrem
3106 1301 3306 1349 meum,
3338 1297 3384 1339 et
3423 1287 3640 1342 Patrem

2073 1384 2298 1424 vestrum
2330 1385 2359 1423 ει
2386 1372 2548 1425 Deum
2602 1389 2772 1425 meum
2823 1385 2870 1426 et
2927 1374 3092 1427 Deum
3149 1385 3376 1428 vestrum
3401 1378 3467 1430 ".
3502 1379 3643 1432 Deus

2075 1472 2221 1516 certe
2249 1469 2302 1515 et
2327 1463 2506 1528 Pater,
2542 1463 2710 1532 ipsius
2737 1479 2950 1532 quoque
2984 1465 3104 1517 Filii
3139 1466 3280 1520 Deus
3325 1481 3446 1522 esse
3473 1470 3640 1523 doce-

2076 1562 2180 1604 tur.
2219 1552 2483 1618 Quocirca
2521 1570 2658 1607 unus
2689 1553 2827 1608 Deus
2869 1557 3011 1622 apud
3041 1555 3338 1610 Ecclesiam
3375 1562 3641 1627 prazdica-

2078 1654 2185 1706 tur,
2217 1641 2337 1696 Filii
2370 1643 2547 1696 Pater.
2597 1644 2767 1697 Filius
2812 1657 2992 1699 autem
3043 1649 3258 1714 quando
3305 1663 3430 1701 cum
3487 1648 3644 1702 Patre

395 1730 531 1782 Θεοῦ
564 1733 656 1784 τοῦ
685 1733 937 1802 ἀοράτου,
967 1734 1059 1786 καὶ
1087 1735 1423 1805 ἀπαύγασμα
1453 1737 1551 1805 τῆς
1585 1735 1858 1806 πατρικῆς
1883 1735 1969 1787 δό-

2073 1745 2441 1802 comparatur,
2480 1750 2582 1787 non
2634 1734 2744 1802 jam
2789 1735 2973 1789 Patris
3027 1736 3192 1805 ipsius
3232 1738 3370 1791 Deus
3419 1739 3638 1802 dicitur,

397 1809 496 1888 ξης
521 1835 534 1848 ·
572 1819 717 1870 σέϐει
745 1837 802 1871 τε
832 1821 924 1872 καὶ
951 1826 1264 1892 προσκυνεῖ,
1295 1824 1387 1875 καὶ
1411 1823 1621 1888 δοξάζει
1655 1825 1744 1878 τὸν
1777 1823 1968 1876 ἑαυτοῦ

399 1907 638 1979 Πατέρα.
691 1909 838 1962 Θεὸν
877 1909 1040 1962 αὐτὸν
1086 1912 1179 1965 καὶ
1229 1913 1446 1966 ἑαυτοῦ
1501 1915 1966 1985 ἐπιγραφόμενος·

391 2000 491 2052 καὶ
531 1997 784 2068 εὔχεσθαι
833 2002 1262 2072 ἀναγέγραπται,
1312 1998 1356 2071 ᾧ
1401 2005 1494 2056 καὶ
1543 2006 1870 2076 εὐχαριστεῖ,

401 2089 495 2140 καὶ
542 2089 779 2159 ὑπήκοος
821 2090 990 2160 μέχρι
1038 2091 1265 2144 Θανάτου
1307 2093 1534 2160 γίνεται.
1594 2094 1875 2163 Ὁμολογεῖ
1910 2112 1969 2146 τε

398 2179 496 2250 ζῇν
525 2180 614 2232 διὰ
644 2179 734 2233 τὸν
767 2182 1015 2252 Πατέρα,
1069 2183 1161 2234 καὶ
1203 2184 1368 2252 μηδὲν
1416 2184 1673 2236 δύνασθαι
1710 2186 1968 2256 πράττειν

395 2269 526 2322 ἄνευ
561 2269 650 2323 τοῦ
686 2271 927 2342 Πατρὸς·
971 2273 1063 2324 καὶ
1089 2273 1164 2342 μὴ
1196 2273 1258 2324 τὸ
1287 2272 1483 2326 ἑαυτοῦ
1519 2274 1728 2344 θέλημα
1775 2279 1970 2341 ποιεῖν,

395 2359 530 2413 ἀλλὰ
564 2360 624 2412 τὸ
656 2359 749 2412 τοῦ
784 2363 1014 2434 Πατρός.
1045 2363 1204 2430 Λέγει
1236 2363 1279 2414 δ’
1311 2361 1401 2416 οὖν
1427 2365 1619 2428 αὑταῖς
1647 2367 1966 2431 συλλαϐαῖς·

401 2453 518 2504 Ὅτι
547 2452 916 2518 καταϐέϐηκα
939 2453 1007 2506 ἐκ
1033 2453 1138 2506 τοῦ
1164 2455 1444 2520 οὐρανοῦ,
1471 2457 1582 2522 οὐχ
1613 2457 1713 2508 ἵνα
1741 2457 1971 2523 ποιήσω

398 2541 464 2594 τὸ
490 2541 718 2610 θέλημα
742 2541 809 2593 τὸ
836 2541 1001 2609 ἐμὸν,
1027 2542 1184 2594 ἀλλὰ
1213 2543 1278 2595 τὸ
1317 2543 1544 2612 θέλημα
1571 2544 1676 2597 τοῦ
1699 2544 1972 2613 πέμψαν-

400 2634 500 2696 τός
531 2647 639 2700 με·
681 2634 774 2684 καὶ
814 2629 999 2692 αὖθις·
1047 2635 1127 2686 Οὐ
1166 2632 1421 2701 δύναμαι
1471 2633 1585 2702 ἐγὼ
1630 2635 1824 2688 ποιεῖν
1871 2637 1972 2688 ἀπ’

391 2727 659 2797 ἐμαυτοῦ
687 2727 866 2781 οὐδὲν
889 2745 902 2758 ·
936 2728 1129 2792 καθὼς
1163 2730 1377 2790 ἀκούω,
1413 2729 1611 2796 κρίνω,
1646 2729 1743 2781 καὶ
1789 2731 1825 2796 ἡ
1854 2730 1975 2796 κρί-

401 2835 500 2882 σις
530 2819 567 2885 ἡ
598 2817 710 2886 ἐμὴ
741 2817 938 2870 δικαία
981 2812 1134 2883 ἐστὶ,
1163 2818 1249 2870 ὅτι
1281 2821 1350 2870 οὺ
1382 2816 1528 2885 ζητὼ
1559 2818 1622 2870 τὸ
1651 2818 1878 2886 θέλημα
1907 2819 1970 2871 τὸ

397 2907 564 2975 ἐμὸν,
609 2907 767 2963 αλλὰ
806 2909 872 2962 τὸ
913 2909 1141 2977 θέλημα
1184 2911 1284 2962 τοῦ
1331 2911 1680 2978 πέμψαντός
1716 2927 1792 2978 με
1834 2909 1968 2979 (96).

400 2999 512 3050 Καὶ
541 2999 619 3050 ὅτι
657 3016 720 3066 γε
765 3000 947 3068 ἕτερος
995 2995 1061 3069 ἦν
1111 3001 1139 3050 ὁ
1177 3000 1396 3069 πέμψας
1434 3001 1593 3052 αὐτὸν
1641 3003 1766 3070 παρ’
1810 3001 1970 3053 αὑτὸν

405 3088 730 3157 παρίστησιν
781 3087 907 3157 ἑξῆς
948 3087 1156 3155 λέγων·
1207 3089 1338 3140 Ἐὰν
1379 3087 1494 3156 ἐγὼ
1527 3087 1805 3156 μαρτυρῶ
1837 3088 1970 3158 περὶ

327 3207 339 3226 .
396 3177 675 3245 ἐμαυτοῦ,
705 3178 744 3245 ή
769 3179 1062 3247 μαρτυρία
1080 3195 1198 3246 μου
1224 3173 1336 3232 οὖκ
1363 3179 1534 3231 ἔστιν
1555 3178 1806 3247 ἀληθής.
1843 3181 1970 3232 Ἀλ-

397 3271 508 3333 λος
544 3268 716 3321 ἐστὶν
767 3272 800 3321 ό
845 3260 1162 3337 μαρτυρῶν
1205 3269 1336 3337 περὶ
1376 3270 1540 3337 ἐμοῦ.
1593 3266 1725 3322 Εἶτα
1761 3286 1968 3339 μνημο-

399 3359 592 3422 νεύσας
628 3360 722 3413 τοῦ
767 3359 1070 3413 Βαπτιστοῦ
1093 3401 1107 3425 ,
1156 3359 1246 3413 τὸν
1285 3362 1504 3433 Πατέρα
1542 3361 1790 3431 μάρτυρα
1832 3356 1970 3413 εἶναι

400 3450 561 3503 αὐτοῦ
601 3451 867 3513 διδάσκει,
907 3449 1162 3518 φάσκων·
1212 3453 1323 3504 Καὶ
1379 3455 1411 3504 ὁ
1450 3451 1682 3519 πέμψας
1730 3468 1806 3519 με
1854 3454 1971 3503 Hac

403 3541 531 3608 τὴρ,
557 3541 738 3606 αὐτὸς
762 3543 1174 3610 μεμαρτύρηκε
1199 3542 1329 3610 περὶ
1353 3541 1517 3610 ἐμοῦ.
1541 3543 1648 3593 Καὶ
1677 3539 1969 3612 προστίθη-

405 3647 488 3684 σιν
507 3648 520 3660 ·
551 3633 616 3684 El
641 3633 753 3701 (97)
776 3633 1043 3702 ἠγαπᾶτέ
1070 3651 1163 3702 με,
1186 3634 1437 3702 ἐχάρητε
1467 3633 1560 3696 ἂν,
1612 3633 1699 3685 ὅτι
1729 3633 1970 3700 πορεύο-

396 3740 502 3790 μαι
537 3723 686 3789 πρὸς
728 3722 834 3776 τὸν
867 3723 1097 3792 Πατέρα
1121 3742 1132 3754 ·
1176 3724 1264 3776 ὅτι
1305 3728 1336 3778 ὁ
1385 3724 1585 3791 Πατήρ
1613 3741 1733 3792 μου
1761 3721 1970 3791 μείζων

399 3811 515 3880 μοῦ
568 3813 720 3865 ἐστι.
763 3814 841 3864 Δι’
888 3808 964 3866 ὦν
1005 3815 1258 3868 ἁπάντων
1293 3815 1473 3885 ἕτερον
1503 3814 1694 3874 ,ἑαυτὸν
1733 3813 1825 3865 τοῦ
1862 3815 1970 3866 Πα-

401 3901 527 3973 τρδς
551 3903 841 3955 δείκνυται.
885 3905 996 3956 Καὶ
1027 3905 1086 3957 τὸ
1119 3906 1381 3975 ὑπερέχον
1417 3909 1516 3974 τῆς
1544 3904 1702 3973 δόξης
1733 3903 1825 3956 τοῦ
1861 3904 1970 3956 Πα-

401 3994 526 4062 τρὸς
559 3995 844 4064 περίστησι
865 3995 958 4046 διὰ
981 3995 1072 4048 τοῦ
1099 3996 1188 4048 τὸν
1215 3996 1310 4066 μὲν
1341 3994 1734 4048 ἀπεσταλκέναι
1765 3994 1966 4060 λέγειν,

405 4083 592 4135 ἑαυτὸν
621 4083 677 4136 δὲ
716 4084 1049 4138 ἀπεστάλθαι
1069 4102 1082 4114 ·
1124 4086 1218 4137 καὶ
1247 4087 1312 4136 ἐκ
1344 4083 1435 4136 τοῦ
1477 4082 1704 4154 οὐρανοῦ
1737 4082 1966 4151 κατελη-

403 4172 623 4241 λυθῆναι
649 4175 745 4244 οὐχ
773 4175 863 4236 ,ἵνα
897 4177 1095 4247 ποιήσῃ
1137 4176 1197 4227 τὸ
1225 4175 1432 4244 θέλημα
1473 4174 1532 4225 τὸ
1577 4171 1792 4234 ἑαυτοῦ,
1836 4171 1969 4224 ἀλλὰ

293 4318 314 4332 ,
403 4262 462 4315 τὸ
504 4263 596 4315 τοῦ
637 4264 953 4333 πέμψαντος
993 4266 1172 4320 αὐτόν.
1231 4264 1440 4344 Καὶπὶ
1501 4264 1564 4316 ἂν
1622 4263 1756 4333 πρὸς
1801 4263 1969 4315 ταυτα

2073 1825 2166 1877 sed
2201 1824 2371 1878 Filius
2405 1825 2744 1892 unigenitus,
2796 1839 2849 1879 et
2881 1827 3106 1880 dilectus
3133 1828 3251 1895 ejus
3296 1845 3311 1879 :
3354 1839 3406 1881 et
3461 1829 3642 1898 imago

2073 1913 2164 1967 Dei
2218 1913 2522 1976 invisibilis,
2581 1924 2635 1967 et
2687 1915 3084 1983 resplendentia
3129 1927 3373 1983 paternae
3406 1920 3636 1987 gloriae:

2073 2003 2333 2064 honorat,
2379 2005 2564 2057 aderat
2595 2017 2649 2058 et
2673 2016 2964 2059 veneratur
3011 2021 3166 2060 suum
3203 2007 3442 2075 Patrem,
3475 2010 3640 2063 Deum

2069 2105 2192 2144 eum
2221 2101 2275 2143 et
2315 2091 2483 2158 ipsius
2519 2093 2683 2145 Deum
2719 2094 3024 2146 inscribens
3061 2113 3077 2148 :
3115 2096 3200 2148 cui
3231 2099 3435 2164 gratias
3459 2113 3638 2167 agere,

2073 2185 2156 2234 cui
2198 2197 2384 2249 preces
2417 2182 2639 2236 fundere
2667 2184 2886 2246 dicitur,
2920 2185 3005 2236 cui
3053 2186 3311 2240 obediens
3355 2203 3524 2255 usque
3575 2191 3643 2242 ad

2073 2281 2300 2324 mortem
2335 2270 2532 2326 fuerat.
2578 2278 2635 2334 ὦ
2671 2273 2892 2327 Fatetur
2929 2288 2986 2327 se
3019 2275 3202 2328 vive—re
3255 2292 3350 2344 per
3399 2276 3641 2340 Patrem,

2029 2421 2034 2426 λ
2076 2375 2175 2414 nec
2218 2363 2505 2429 quidquam
2543 2379 2702 2430 posse
2729 2364 2908 2417 facere
2938 2363 3054 2417 sine
3084 2364 3274 2430 Patre;
3317 2382 3419 2420 non
3465 2383 3638 2430 suam,

2072 2437 2165 2505 sed
2195 2451 2374 2506 Patris
2403 2454 2732 2506 voluntatem
2768 2456 2962 2506 facere.
2997 2456 3086 2507 Ait
3114 2456 3297 2523 igitur,
3332 2470 3387 2510 et
3417 2460 3640 2512 totidem

2072 2547 2286 2614 quidem
2313 2547 2512 2610 verbis,
2548 2545 2698 2610 Quod
2728 2546 2792 2598 de
2826 2547 2952 2599 caelo
2988 2549 3263 2613 descendi,
3322 2568 3422 2602 non
3459 2563 3512 2604 ut
3549 2553 3652 2619 fa-'

2070 2653 2233 2688 cei-em
2273 2636 2591 2688 voluntatem
2627 2651 2824 2699 meam,
2873 2637 2960 2688 sed
2995 2637 3312 2690 voluntatem
3359 2641 3506 2706 ejus,
3551 2644 3642 2710 qui

2072 2726 2210 2778 misit
2239 2741 2318 2778 me
2341 2726 2406 2780 τ’.
2437 2725 2504 2778 Ει
2533 2727 2728 2778 iterum
2767 2741 2779 2775 :
2818 2726 2940 2778 Non
2983 2742 3193 2794 possum
3240 2745 3332 2797 ego
3360 2732 3533 2796 [arere
3577 2735 3642 2783 de

2073 2800 2375 2881 mentetipso
2423 2817 2760 2884 quidquam:
2815 2817 3255 2885 quemadmodum
3319 2821 3509 2884 audio,
3565 2822 3643 2876 ita

2063 2908 2290 2974 judico,
2339 2919 2383 2958 et
2433 2923 2602 2959 meum
2651 2908 2914 2973 judicium
2965 2921 3160 2960 rectum
3191 2894 3300 2972 est,
3359 2911 3480 2975 quia
3539 2928 3644 2964 non

2072 3016 2250 3062 qua'ro
2271 2999 2588 3053 voluntatem
2609 3015 2797 3060 meam,
2827 3001 2916 3051 sed
2944 3003 3262 3054 voluntatem
3306 3000 3518 3068 Patris,
3551 3007 3642 3070 qui

2073 3090 2213 3141 misit
2247 3104 2326 3141 me
2349 3087 2414 3140 ".
2449 3088 2624 3140 Alium
2655 3101 2784 3140 vero
2810 3087 2974 3142 fuisse
3001 3089 3210 3157 ipsum,
3261 3091 3424 3144 alium
3460 3101 3638 3145 autem

2071 3181 2162 3249 qui
2197 3180 2340 3233 misit
2363 3179 2554 3246 ipsum,
2586 3179 2740 3232 docet
2762 3179 3006 3248 inquiens
3047 3196 3060 3232 :
3094 3177 3152 3232 Si
3175 3195 3266 3246 ego
3285 3181 3640 3235 testimonium

2071 3273 2366 3340 perhibeam
2410 3271 2472 3323 de
2522 3272 2750 3338 meipao,
2791 3271 3148 3322 testimonium
3198 3287 3366 3324 meum
3409 3289 3511 3326 non
3562 3284 3642 3327 est

2073 3375 2284 3423 verum;
2315 3360 2450 3410 alius
2475 3370 2549 3410 est
2581 3360 2670 3427 qui
2700 3361 2764 3410 de
2793 3376 2870 3411 me
2893 3359 3286 3423 testiﬁcatur“.
3313 3359 3636 3416 Mentionetn

2073 3449 2266 3501 dehinc
2297 3447 2546 3516 Baptistae
2573 3444 2820 3515 iaciens,
2863 3452 3072 3504 Patrem
3101 3470 3254 3506 suum
3317 3456 3393 3509 illi
3446 3467 3638 3512 testem

2069 3553 2189 3592 esse
2223 3551 2516 3604 asseverat,
2569 3541 2848 3608 inquiens,
2905 3542 2967 3593 Et
3004 3543 3092 3609 qui
3140 3559 3222 3595 me
3274 3545 3416 3596 misit
3455 3544 3634 3611 Pater,

2071 3629 2179 3693 ipse
2203 3628 2510 3696 testiﬁcatus
2537 3640 2612 3681 est
2651 3631 2714 3682 de
2740 3646 2818 3682 me
2840 3631 2908 3682 ".
2943 3631 3103 3683 Addit
3132 3641 3342 3683 autem:
3387 3630 3455 3683 Et
3486 3635 3532 3686 si
3563 3638 3640 3686 di-

2070 3720 2230 3787 ligitis
2265 3735 2365 3784 me,
2393 3721 2689 3787 gaudentis
2735 3721 2910 3788 utique
2947 3723 3084 3788 quod
3124 3725 3198 3772 ad
3231 3720 3439 3774 Putrem
3475 3726 3640 3791 pro/i-

2068 3812 2256 3863 ciscor.
2296 3809 2558 3873 Quoniam
2610 3811 2771 3863 l’ater
2827 3828 2905 3864 me
2962 3813 3138 3878 major
3184 3825 3257 3864 est
3301 3813 3384 3865 ⁷⁶.·
3431 3811 3638 3878 Quibus

2071 3901 2318 3954 omnibus
2350 3901 2582 3956 ostendit
2634 3916 2690 3955 se
2731 3903 2893 3955 alium
2947 3917 2975 3954 a
3019 3902 3198 3968 Patre,
3254 3912 3308 3956 et
3354 3914 3632 3972 paternam

2069 3991 2292 4058 gloriam
2321 3993 2576 4060 majorem
2605 3991 2839 4046 insinuat
2861 4007 3012 4058 esse;
3042 4009 3162 4047 cum
3200 4008 3258 4047 se
3283 3996 3351 4048 ab
3387 3995 3475 4049 illo
3507 3997 3638 4048 mis-

2069 4097 2187 4134 sum
2229 4083 2407 4146 dicat,
2450 4097 2508 4135 se
2542 4097 2682 4158 vero
2729 4084 2795 4136 de
2839 4084 2975 4137 caelo
3022 4085 3405 4150 descendisse,
3444 4099 3547 4138 non
3579 4095 3638 4137 ut
3705 4128 3726 4138 -

2071 4184 2219 4224 Suam
2253 4171 2580 4224 voluntatem
2616 4172 2815 4225 faceret
2840 4211 2854 4234 ,
2887 4175 2979 4225 sed
3014 4173 3341 4226 voluntatem
3373 4175 3511 4243 ejus,
3543 4175 3632 4242 qui

2071 4259 2217 4311 tnisit
2260 4273 2404 4312 etim.
2455 4259 2592 4324 Quid
2643 4263 2709 4313 ad
2769 4262 2872 4315 ista
2909 4261 3154 4316 dicturus
3199 4272 3284 4316 est
3330 4262 3635 4325 Marcellus,

401 4353 534 4422 φαίη
573 4353 678 4423 (98)
710 4353 1042 4424 Μάρκελλος,
1077 4355 1287 4408 ἀκούων
1327 4354 1417 4406 τοῦ
1454 4353 1873 4423 κατεληλυθότος
1909 4353 1968 4417 ἐξ

2071 4362 2191 4400 cum
2234 4363 2354 4400 eum
2385 4351 2474 4416 qui
2506 4351 2571 4403 de
2598 4350 2737 4404 cmlo
2768 4353 3079 4415 descendit,
3134 4353 3234 4404 ista
3281 4353 3394 4420 ipsa
3440 4353 3638 4407 docen-

403 4443 629 4513 οὐρανοϋ
660 4444 830 4497 ταῦτα
857 4447 1228 4510 διδάσκοντος;
1270 4446 1343 4497 Οὐ
1387 4445 1494 4515 γάρ
1533 4445 1701 4514 δήπου
1735 4445 1828 4496 καὶ
1872 4443 1965 4496 νῦν

2073 4448 2177 4492 tem
2212 4440 2415 4492 audiat.
2452 4438 2587 4503 Non,
2617 4442 2826 4510 opinor,
2857 4443 2982 4496 illud
3011 4443 3242 4508 allegare
3273 4443 3490 4510 poterit,
3521 4457 3641 4495 car-

400 4537 499 4606 τὴν
530 4537 706 4607 σάρκα
732 4537 826 4589 τοῦ
859 4539 1107 4609 Σωτῆρος
1137 4539 1304 4591 ταῦτα
1339 4540 1564 4607 φάσκειν
1597 4539 1728 4608 ἐρεῖ.
1760 4537 1833 4588 Οὐ
1857 4536 1965 4607 γὰρ

2075 4548 2193 4584 nent
2226 4531 2528 4585 Servatoris
2555 4533 2655 4586 hoc
2683 4535 3036 4600 prolocutam.
3090 4532 3200 4585 Non
3232 4535 3375 4586 enim
3407 4548 3537 4588 caro
3571 4535 3639 4586 de

399 4628 434 4694 ἡ
468 4626 602 4697 σὰρξ
631 4629 692 4680 ὲκ
720 4628 812 4680 τοῦ
843 4629 1071 4699 οὐρανοῦ
1105 4629 1450 4700 κατελήλυθε.
1487 4628 1619 4680 Τίνα
1649 4627 1821 4680 τοίνυν
1855 4629 1969 4697 ἐρεῖ

2075 4622 2213 4675 cmlo
2242 4624 2538 4676 descendit.
2586 4624 2883 4689 Quemnam
2931 4637 3058 4691 ergo
3113 4623 3357 4676 dicturus
3409 4635 3515 4680 est.
3573 4623 3640 4676 de

510 4769 567 4824 ἦ(
601 4764 696 4818 Ed.
735 4763 926 4826 Paris.,
971 4780 1088 4834 pag.
1140 4764 1261 4818 ΗΟ.

502 4855 547 4885 τί
575 4853 730 4908 Joan.
772 4872 860 4920 xx,
895 4857 981 4910 l7.
1081 4857 1125 4886 ⁷¹
1155 4853 1307 4909 Joan.
1358 4869 1435 4918 νι,
1485 4855 1573 4910 58.
1649 4853 1696 4885 ⁷³
1726 4853 1880 4906 Joan.
1923 4869 1969 4916 γ,

2071 4851 2106 4905 ι.
2181 4851 2227 4880 ⁷⁸
2269 4849 2394 4903 ibid.
2439 4849 2526 4912 5|,
2570 4847 2657 4902 52.
2737 4849 2937 4902 "ibid.
2971 4849 3062 4904 37.
3163 4849 3380 4904 "Joan.
3406 4866 3516 4916 xw,
3543 4849 3633 4906 28.

2072 5003 2184 5040 ram
2229 4986 2508 5055 proposuit
2542 4985 2907 5053 intelligenda,
2957 4994 3011 5038 et
3058 4997 3236 5038 tamen
3283 4987 3443 5038 etiam
3497 4987 3638 5054 apud

2070 5059 2248 5124 ipsum
2270 5056 2514 5124 quaedam
2549 5067 2694 5112 sunt,
2730 5070 2849 5120 quae
2879 5056 2945 5106 de
3003 5056 3220 5124 nomine
3274 5071 3496 5122 prorsus
3537 5073 3635 5110 ca—

2072 5122 2308 5194 piantur.
2333 5123 2424 5244 Dlita
2481 5123 2616 5176 ludit
2669 5123 2754 5175 hic
2803 5134 2990 5176 auctor
3019 5122 3269 5186 ὕπουλος,
3329 5135 3384 5178 et
3432 5125 3640 5194 σαπρὸς

2073 5197 2286 5244 ultione.
2359 5211 2400 5242 ·.

2073 5193 2400 5331 ω’ξὲἶέῗκὲί
2417 5260 2503 5331 ὅτι
2537 5277 2602 5326 τε
2630 5261 2828 5324 ἕτερος
2848 5256 2948 5327 ἦν,
2969 5259 3096 5331 lizec
3121 5273 3152 5310 e
3177 5258 3364 5331 codice
3384 5259 3632 5331 _supplevi

400 4983 751 5054 sequentibus
775 5000 828 5044 et
863 4991 1042 5058 p.158
1071 4991 1112 5043 Β
1140 4991 1198 5044 Η
1238 4989 1412 5043 deleto
1458 4990 1632 5058 λέγων
1667 4988 1809 5056 quod
1843 4998 1965 5056 post

401 5059 530 5114 Υἱού
564 5061 718 5120 vulgo
772 5057 984 5127 legitur.
1039 5060 1216 5112 Possis
1255 5068 1308 5112 et
1356 5057 1805 5127 Getqriconjicere,
1839 5075 1962 5110 cum

401 5144 521 5182 mox
551 5127 756 5182 τιθέναι
774 5125 1049 5196 sequatur.
1070 5127 1125 5179 ln
1155 5143 1297 5181 corr.
1332 5127 1401 5179 Μ.
1430 5145 1450 5177 ι
1485 5125 1815 5183 Ὲοτιεθεοῦ.
1837 5137 1891 5178 et
1911 5127 1963 5179 in

399 5198 647 5251 versione
666 5199 902 5266 quiduas
936 5199 986 5249 in
1021 5196 1128 5249 Deo
1157 5196 1493 5266 hypostaseis
1527 5197 1843 5266 :Arianiz‘at
1880 5196 1967 5266 ltic

401 5275 458 5339 u_t
499 5263 717 5339 passim
781 5266 1062 5320 Eusebius.
1117 5283 1134 5315 ι
1193 5263 1264 5306 ξ-
1319 5264 1438 5317 Mox
1493 5265 1650 5333 vulgo
1703 5263 1823 5316 οὐδὲ
1873 5263 1966 5315 δύο

2075 5263 2253 5339 ωςεψ)
2273 5263 2503 5339 _Kai_6t__t
2537 5277 2602 5326 τε
2630 5263 2828 5339 ἕτερος
2848 5263 2948 5327 ἦν,
2968 5263 3096 5339 _li:ec
3121 5263 3392 5339 ecodire-

390 5329 568 5395 υἱούς.
1588 5329 1622 5379 ἶ
2075 5329 2326 5385 Bibliotlt.
2372 5330 2669 5381 Bodleiana:
2701 5331 2910 5380 altero:
2949 5329 3172 5379 deerant
3201 5329 3342 5380 enim
3383 5329 3432 5380 in
3491 5347 3630 5390 ειη-υ,

471 5402 783 5472 (94)Vulgo
811 5403 946 5457 Θεοῦ
981 5402 1125 5465 Υἱός.
1373 5469 1418 5472 __
1668 5469 1703 5472 _
1779 5469 1788 5472 Α
1859 5471 1866 5472 γ

2071 5416 2240 5472 usque
2255 5403 2340 5472 ad,
2367 5397 2548 5472 Ταῦτα
2560 5395 2882 5472 γὰροῖετθαι
2896 5396 2986 5450 τὸν
2999 5397 3236 5467 Πατέρα,
3255 5398 3542 5451 exclusive.
3563 5398 3630 5450 Μ.

626 5473 734 5546 Τοῦ
778 5473 910 5546 Υὶοῇ
945 5473 1329 5546 κηρύττεταιιί
1373 5469 1636 5546 Utrumne
1667 5469 1962 5546 Ecclesiain

2141 5467 2253 5546 (9E)
2279 5469 2462 5546 ,γιιιεο
2485 5467 2763 5546 etesiis:

2139 5535 2251 5608 (98)
2279 5539 2447 5605 Vulgo
2491 5538 2518 5587 6
2574 5537 2640 5589 Μ.
2667 5535 2720 5588 et
2753 5536 2887 5608 i_n_l'ra
2919 5535 3196 5604 ὲπελέγξει
3231 5546 3286 5590 et
3317 5537 3410 5589 καὶ
3445 5535 3629 5607 καθὼς

405 5539 527 5594 Filii
554 5537 719 5604 dixit;
757 5557 823 5593 an
871 5537 1142 5594 Θεδν”τοῦ
1200 5537 1352 5602 Υῑοῦ,
1382 5540 1482 5593 hoc
1533 5541 1726 5606 potius.
1773 5539 1834 5590 Et
1889 5542 1966 5592 sic

2069 5611 2127 5662 τὸ
2150 5605 2362 5677 ’θέλημά
2397 5623 2497 5676 μου
2525 5616 2576 5660 et
2609 5605 2849 5675 συμφθῆ.

401 5611 543 5679 forte
573 5601 724 5679 deest
763 5611 848 5662 hic
903 5610 1127 5679 Πατήρ;
1163 5601 1348 5662 statim
1397 5601 1764 5679 lege,'§)_xa‘t
1815 5606 1965 5672 εὔχε-

403 5678 548 5736 σθαι.
586 5678 710 5732 Ηιιξο
738 5679 916 5732 omnia
951 5681 1016 5733 de
1043 5676 1178 5733 ’i‘ilio
1210 5678 1502 5733 secundum
1543 5676 1779 5731 divinam
1816 5692 1966 5728 natu-
