4086 6202
462 391 569 448 915

1134 397 1403 451 ΕυδΕΒΠ
1437 392 1907 450 (ΖᾸΞΞΑΒΙΕΝΞΙΘ
1944 395 2040 449 ()PJ

2147 395 2314 450 PARS
2352 395 2440 451 ιν.
2480 429 2549 438 -
2587 397 3004 452 DOGMATICA.

3609 402 3716 458 9l6

470 531 488 563 c
535 517 732 579 cenda,
759 513 1021 581 processit
1049 526 1170 566 cum
1215 511 1481 568 eﬂ‘ecluali
1521 511 1758 567 efﬁcacia
1797 514 2027 567 Verbum

2147 515 2358 584 γράφων
2378 532 2390 544 ο
2436 534 2451 565 ι
2492 515 2604 582 Πρὸ
2643 513 2750 582 γὰρ
2778 513 2871 565 τοῦ
2901 516 2990 566 τὸν
3021 513 3222 583 κόσμον
3261 509 3420 572 εἶναι.
3450 512 3518 586 ἦν
3546 517 3574 567 6
3607 518 3713 568 A6-

471 625 490 656 ι
537 606 689 674 quod.
714 605 888 658 Patris
912 613 1052 657 eral.
1085 623 1103 655 ι
1140 605 1308 670 Quam
1353 605 1598 659 eamdem
1639 604 1854 657 demum
1903 620 2030 658 sen-

470 696 692 749 tentiam
749 695 1055 762 expressius
1135 698 1204 747 ita
1248 695 1460 762 posuit:
1499 693 1592 766 [Β.
1638 693 1770 759 LIV,
1804 695 1928 750 coll.
1964 695 2028 747 41

469 786 666 854 0,163
702 786 767 847 Α,
813 786 914 838 164
951 784 1035 856 8.]
1076 803 1093 834 ι
1135 785 1269 838 Cum
1311 787 1544 839 nondum
1610 796 1755 838 esset
1802 786 2038 838 mundus

473 895 492 928 ι
540 877 648 939 hic,
686 874 918 930 Verbum
955 888 1071 931 eral
1102 878 1153 932 in
1187 877 1349 932 Patre
1376 893 1473 932 suo
1505 897 1518 931 :
1559 884 1615 941 »Β
1656 888 1711 930 at
1758 892 1880 930 cum
1926 877 2034 929 Deo

472 986 490 1017 ι
537 967 894 1034 complacaret
938 969 1288 1035 omnipotenti
1333 985 1518 1025 creare
1561 971 1739 1024 omnia
1785 985 1909 1038 qua:
1978 969 2032 1022 in

474 1075 492 1107 c
539 1056 692 1110 caelis
717 1067 954 1111 erantet
992 1058 1045 1111 in
1074 1069 1236 1122 terra,
1281 1060 1346 1110 ad
1379 1061 1560 1112 mundi
1616 1059 2032 1128 productionem

473 1166 490 1196 ι
541 1149 916 1215 requirebatur
960 1149 1205 1217 operatio
1251 1149 1518 1203 eﬂ‘ectiva.
1581 1149 1647 1204 Et
1689 1166 1809 1204 cum
1841 1162 2037 1224 praeter

473 1258 491 1288 ι
547 1239 710 1292 Deum
759 1239 933 1294 solum
988 1255 1090 1292 non
1145 1249 1387 1294 exstaret
1443 1241 1580 1294 alius
1627 1240 1773 1313 (nam
1821 1242 1889 1294 ab
1924 1243 2037 1310 ipso

467 1349 491 1380 σε
542 1331 712 1386 fuisse
745 1331 959 1385 condita
993 1331 1246 1384 universa
1281 1332 1334 1385 in
1371 1332 1622 1386 confesso
1656 1333 1892 1400 ponitur)
1925 1346 2035 1387 tum

474 1439 496 1470 ο
537 1423 838 1490 procedens
859 1419 1095 1474 Verbum
1133 1421 1282 1484 illud,
1313 1422 1453 1488 quod
1493 1422 1641 1490 prius
1692 1422 2035 1476 intellectuali

473 1530 495 1564 ι
547 1512 702 1567 modo
730 1513 874 1564 intus
915 1513 1129 1578 agebat,
1185 1514 1518 1578 comparavit
1548 1529 1606 1567 se
1637 1523 1696 1566 ut
1728 1514 1910 1567 mundi
1946 1514 2040 1569 fle-

477 1621 496 1652 ι
547 1611 628 1656 ret
663 1603 932 1665 conditor,
967 1620 984 1652 ι
1016 1601 1284 1656 subinfert
1309 1612 1489 1655 autem
1533 1613 1650 1671 post
1691 1603 1806 1658 haec
1857 1601 2039 1658 omnia

471 1692 713 1743 demum.
757 1707 775 1740 ι
811 1689 963 1743 Hanc
997 1689 1066 1742 ob
1108 1706 1348 1754 causam,
1410 1706 1514 1743 non
1564 1693 1798 1761 appellat
1841 1707 1900 1746 se
1946 1693 2036 1745 Dei

476 1800 494 1832 ι
541 1781 760 1844 Filium,
795 1782 886 1835 sed
917 1783 1114 1849 ubique
1156 1796 1212 1835 se
1245 1791 1401 1836 vocat
1446 1783 1611 1836 lilium
1671 1784 1947 1837 hominis:
1981 1794 2038 1836 ut

476 1891 494 1921 ι
540 1886 636 1939 per
666 1872 805 1925 hanc
829 1887 980 1925 suam
1011 1872 1402 1926 confessionem
1443 1890 1563 1924 eum
1593 1876 1682 1942 qui
1711 1884 1828 1927 erat
1853 1875 2032 1942 homo,

476 1982 494 2008 σ
542 1977 638 2031 per
679 1963 1113 2015 communionem
1167 1976 1287 2015 cum
1323 1961 1501 2016 Verbo
1543 1963 1732 2017 Filium
1775 1965 1866 2018 Dei
1917 1979 2036 2019 esse

475 2073 494 2104 ο
543 2054 899 2122 disponeret:
933 2065 985 2107 et
1014 2065 1389 2107 consummato
1418 2054 1518 2107 hoc
1565 2070 1664 2108 suo
1709 2071 1894 2124 opere,
1933 2057 2031 2109 ite-

476 2163 494 2194 ι
547 2160 664 2197 rum
706 2145 844 2211 ipse,
883 2143 1029 2196 velut
1071 2143 1306 2197 Verbum
1337 2143 1656 2196 aduniretur
1689 2145 1798 2199 Deo
1827 2162 1842 2207 ;
1868 2147 1947 2200 sic
1981 2156 2038 2198 ut

476 2253 493 2284 ι
544 2233 860 2300 adimpleret
897 2234 1022 2285 illud
1065 2234 1204 2300 quod
1234 2233 1522 2299 Apostolus
1554 2234 1788 2294 dicebat.
1818 2233 1964 2288 Tunc
1989 2246 2036 2288 et

477 2343 495 2375 ι
543 2326 651 2391 ipse
699 2323 1005 2391 subjicietur
1044 2333 1111 2384 et,
1149 2325 1238 2393 qui
1271 2325 1369 2390 ipsi
1411 2325 1590 2376 omnia
1645 2326 1863 2394 subjecit
1905 2327 2034 2390 Deo,

477 2434 496 2464 ο
539 2424 592 2466 ut
625 2415 692 2466 sit
729 2412 864 2464 Deus
898 2414 1072 2464 (mania
1102 2412 1154 2463 in
1178 2414 1414 2464 omnibus
1439 2413 1504 2464 ⁸⁸.
1539 2411 1691 2466 Tunc
1720 2422 1899 2466 autem
1923 2431 2039 2468 om-

475 2524 496 2553 σ
541 2505 627 2558 nia
661 2507 810 2566 fient.
843 2519 961 2572 qua:
991 2503 1141 2572 prius
1167 2502 1403 2556 fuerant.
1431 2522 1450 2554 ι
1485 2501 1609 2557 Haec
1632 2517 1751 2557 cum
1775 2505 1840 2558 de
1865 2503 2038 2558 Verbo

471 2594 758 2648 Marcellus
788 2595 1055 2648 edisserat
1077 2632 1093 2659 ,
1127 2593 1218 2647 illo
1249 2594 1502 2647 nimirum
1537 2603 1756 2663 propter
1786 2595 1928 2662 quod
1961 2595 2039 2648 lo—

471 2688 618 2754 gicos
658 2686 797 2740 l)eus
838 2685 1054 2751 dicitur,
1097 2685 1148 2738 in
1190 2685 1696 2741 maximasoincidit
1735 2689 2039 2755 angustias,

2141 625 2158 655 ι
2206 623 2299 673 γος
2334 607 2391 657 ἐν
2425 606 2502 676 τῷ
2533 607 2702 678 Πατρί
2721 625 2734 636 ·
2767 608 2854 659 ὅτε
2892 606 2946 658 δὲ
2983 605 3058 677 (8)
3087 609 3115 658 6
3150 607 3547 677 παντοκράτωρ
3580 607 3714 670 Θεὸς

2141 713 2158 746 ι
2207 697 2381 748 πάντα
2414 698 2483 750 τὰ
2524 713 2582 749 τε
2631 699 2687 749 ὲν
2736 698 2981 767 οὐρανοῖς
3033 695 3126 749 καὶ
3171 697 3263 747 ἐπὶ
3312 698 3416 766 γῆς
3451 697 3716 766 προέθετο

2143 803 2160 835 ι
2206 785 2450 854 ποιῆσαι,
2499 785 2779 856 ἐνεργείας
2825 787 2856 856 ἡ
2907 783 3000 837 τοῦ
3039 785 3241 854 κόσμου
3282 784 3494 852 γένεσις
3540 785 3716 837 ἐδεῖτο

2142 895 2162 927 ι
2208 875 2535 948 δραστικῆς,
2581 879 2672 930 καὶ
2716 876 2802 930 διὰ
2834 875 3024 938 τοῦτο,
3063 876 3289 946 μηδενὸς
3329 876 3481 938 ὄντος
3521 875 3714 946 ἑτέρου

2144 986 2161 1017 ι
2208 967 2344 1037 πλὴν
2377 967 2510 1020 Θεοῦ
2562 969 2579 1038 (
2603 969 2779 1020 πάντα
2808 967 2917 1037 γὰρ
2943 966 3280 1037 ὁμολογεῖται
3308 966 3398 1018 ὑπ’
3423 965 3590 1018 αὐτοῦ
3614 983 3712 1034 γε-

2143 1077 2162 1107 ‹
2208 1058 2558 1128 γεννῆσθαι),
2600 1060 2717 1111 τότε
2751 1060 2780 1110 6
2813 1055 3314 1128 Λόγος,προελθὼν
3361 1058 3570 1124 ἐγίνετο
3615 1057 3711 1110 τοῦ

2143 1167 2161 1198 ι
2207 1149 2410 1218 κόσμου
2463 1150 2711 1218 ποιητὴς,
2763 1151 2791 1201 6
2843 1147 2937 1200 καὶ
2995 1149 3256 1220 πρότερον
3307 1148 3453 1200 ἔνδον
3503 1147 3714 1216 venti);

2144 1259 2161 1290 ι
2209 1241 2512 1310 ἐτοιμάζων
2542 1241 2722 1296 αὐτόν.
2762 1259 2779 1292 ο
2815 1240 2923 1292 Καὶ
2955 1236 3110 1302 αὖθις
3146 1240 3282 1310 μετὰ
3315 1239 3492 1291 πάντα
3522 1237 3716 1306 ἐπιφέ-

2144 1345 2224 1398 ρει
2268 1329 2472 1397 λέγων·
2507 1347 2525 1380 ι
2573 1330 2684 1382 Καὶ
2719 1329 2806 1382 διὰ
2850 1329 3005 1382 τοῦτο
3034 1331 3130 1398 οὐχ
3159 1329 3290 1381 Υἱὸν
3336 1327 3468 1381 Θεοῦ
3518 1327 3710 1380 ἑαυτὸν

2144 1440 2162 1471 ι
2207 1421 2479 1490 ὀνομάζει,
2525 1421 2660 1474 ἀλλὰ
2699 1421 2973 1490 πανταχοῦ
3025 1421 3150 1473 Υἰὸν
3188 1419 3471 1490 ἀνθρώπου
3520 1418 3724 1472 ἑαυτὸν·

2146 1531 2164 1562 ι
2210 1512 2357 1579 λέγει
2382 1529 2395 1541 ·
2431 1513 2516 1564 ἵνα
2557 1511 2645 1564 διὰ
2678 1512 2778 1580 τῆς
2808 1511 3064 1581 τοιαύτης
3113 1510 3404 1580 ὁμολογίας
3434 1510 3579 1561 θέσει
3617 1508 3710 1561 τὸν

2147 1621 2164 1654 ι
2207 1603 2490 1673 ἄνθρωπον
2546 1604 2634 1656 διὰ
2684 1605 2784 1673 τῆς
2837 1603 2973 1674 πρὸς
3027 1602 3186 1656 αὐτὸν
3247 1602 3530 1664 κοινωνίας
3583 1601 3709 1653 Υίὺν

2149 1715 2166 1746 ι
2213 1695 2346 1747 Θεοῦ
2381 1695 2633 1763 γενέσθαι
2667 1695 3098 1768 παρασκευάσῃ*
3151 1693 3244 1746 καὶ
3283 1693 3420 1761 μετὰ
3473 1692 3533 1744 τὸ
3559 1692 3712 1753 τέλος

2148 1807 2164 1837 ι
2211 1789 2309 1857 τῆς
2347 1786 2598 1858 πράξεως
2642 1783 2824 1850 αὖθις,
2861 1787 2935 1850 ὡς
2989 1787 3191 1853 Λόγος,
3237 1783 3410 1854 ἑνωθῇ
3451 1782 3528 1853 τῷ
3570 1783 3712 1852 Θεῷ,

2144 1895 2159 1926 ι
2209 1876 2428 1946 πληρῶν
2459 1878 2634 1927 ἐκεῖνο
2673 1875 2733 1928 τὸ
2762 1875 2865 1927 ὑπὸ
2892 1875 2983 1926 τοῦ
3039 1873 3356 1926 ’Λποστόλου
3403 1872 3712 1942 εἰρημένον,

2143 1987 2160 2016 ι
2216 1969 2352 2020 Τότε
2380 1967 2562 2032 αὐτὸς
2589 1965 3026 2035 ὑποταγήσεται
3063 1966 3143 2030 τῷ
3166 1963 3527 2027 ὑποτάξαντι
3554 1961 3714 2026 αὐτῷ

2143 2078 2160 2108 ι
2205 2059 2276 2110 τὰ
2303 2058 2517 2124 πάντα,
2546 2059 2645 2110 ἵνα
2668 2053 2708 2128 ᾗ
2735 2059 2805 2110 τὰ
2835 2059 3031 2109 πάντα
3059 2056 3156 2109 καὶ
3176 2056 3245 2108 ἐν
3268 2053 3458 2109 πᾶσιν
3483 2059 3516 2107 ό
3547 2056 3709 2120 Θεός.

2144 2165 2162 2197 ι
2214 2148 2406 2198 Ἔσται
2446 2146 2554 2217 γὰρ
2583 2145 2884 2215 τηνικαῦτα
2918 2145 3066 2198 τοῦθ’
3098 2146 3233 2208 ὅπερ
3275 2144 3536 2214 πρότερον
3564 2139 3654 2214 ἦν.
3691 2163 3710 2194 ι

2141 2236 2387 2287 Τοσαῦτα
2433 2235 2750 2304 Μάρκελλος
2799 2235 2925 2306 περὶ
2963 2234 3052 2288 τοῦ
3090 2235 3262 2301 Λόγου
3296 2232 3498 2296 εἰπὼν,
3529 2233 3624 2286 τοῦ
3659 2233 3728 2284 ὲν-

2142 2325 2220 2395 τῷ
2260 2325 2398 2395 Θεῷ,
2445 2325 2563 2376 καθ’
2596 2325 2624 2376 ὅ
2654 2325 2883 2394 νοοῦμεν
2933 2326 3092 2378 αὐτὸν
3127 2317 3342 2390 λογικὸν
3375 2319 3542 2385 εἶναι,
3572 2323 3718 2391 δεινῇ

2144 2416 2419 2486 δυσχωρίᾳ
2441 2415 2843 2486 περιπέπτωκε,
2873 2415 3146 2484 τολμήσας
3172 2415 3326 2477 ἐκτὸς
3350 2413 3440 2466 τοῦ
3465 2412 3599 2464 Θεοῦ
3632 2428 3723 2480 γε-

2144 2507 2357 2572 γονέναι
2408 2507 2536 2558 ποτὲ
2595 2507 2757 2574 φάναι
2789 2506 2880 2558 τὸν
2921 2509 2978 2558 ὲν
3021 2507 3169 2576 αὐτῷ
3191 2506 3386 2574 Λόγον,
3423 2505 3517 2557 καὶ
3559 2499 3723 2556 πάλιν

2147 2597 2294 2658 ἐντὸς
2328 2597 2490 2648 αὑτοῦ
2523 2597 2658 2666 μετὰ
2687 2598 2774 2649 τὸν
2809 2598 2996 2669 καιρὸν
3029 2601 3127 2667 τῆς
3166 2598 3416 2668 κρίσεως·
3457 2597 3523 2647 ἵν’
3551 2595 3724 2656 οὕτως

2146 2685 2181 2760 ᾖ
2216 2691 2272 2741 ὲν
2302 2689 2378 2757 τῷ
2405 2689 2523 2760 Θεῷ
2553 2691 2772 2752 ἐνωϐεὶς
2807 2687 2974 2760 αὐτῷ,
3002 2691 3190 2760 ῶσπερ
3219 2691 3312 2742 καὶ
3338 2689 3600 2760 πρότερον
3631 2683 3720 2756 ἦν.

472 2792 634 2830 ausus
668 2775 938 2828 alIirmare
971 2785 1126 2828 extra
1159 2774 1322 2827 Deum
1367 2765 1698 2843 processisse
1737 2776 2030 2845 aliquando
2069 2781 2161 2844 qui
2213 2779 2265 2832 in
2306 2781 2412 2834 lteo
2452 2790 2570 2834 crat
2606 2780 2768 2851 logon
2806 2800 2816 2832 :
2852 2791 2908 2834 et
2967 2795 3156 2834 rursus
3216 2790 3338 2850 post
3366 2780 3556 2848 judicii
3585 2787 3724 2832 tem-

471 2885 573 2940 pus
632 2869 798 2923 Deum
832 2869 1004 2921 denuo
1079 2867 1503 2936 ingressurum:
1533 2877 1592 2921 ut
1662 2869 1733 2921 ita
1769 2868 1987 2922 demum
2031 2871 2288 2925 adunitus
2330 2873 2437 2928 Deo
2477 2873 2758 2937 subsistat,
2810 2873 3267 2942 quemadmodum
3307 2879 3366 2926 et
3404 2869 3554 2940 prius
3583 2869 3724 2924 sub-

470 2963 706 3017 stiterat.

1113 3052 1265 3110 CAP.
1303 3051 1391 3106 IX.

578 3145 854 3213 Refutatio
891 3159 1148 3212 perversa:
1183 3145 1343 3212 hujus
1384 3144 1610 3197 hominis
1644 3147 1934 3198 sententia.

541 3239 696 3293 Nunc
757 3239 974 3292 domum
1037 3239 1103 3292 ad
1164 3238 1624 3307 interrogationes
1697 3240 2037 3307 respondeat.

471 3331 611 3398 Quid
653 3331 719 3382 de
756 3338 1000 3397 tempore
1028 3329 1350 3382 intermcdio
1375 3330 1578 3382 sentire
1610 3329 1890 3394 debemus,
1920 3345 2040 3382 cum

471 3433 628 3478 extra
668 3422 834 3476 Deum
871 3430 1016 3474 esset
1055 3420 1246 3491 logos?
1291 3420 1572 3490 Quomodo
1607 3421 1989 3490 egrediebatur
2021 3421 2045 3474 ?

471 3515 574 3582 Qui
609 3523 780 3568 status
809 3513 902 3567 Dei
940 3513 1113 3566 fuerat
1155 3512 1363 3567 interea
1389 3513 1515 3566 dum
1558 3513 1716 3580 logon
1745 3515 1798 3567 in
1829 3528 1890 3567 se
1939 3514 2042 3566 sibi

470 3607 750 3676 proprium
783 3619 889 3658 non
920 3605 1187 3659 haberet?
1232 3604 1276 3659 si
1311 3603 1453 3658 enim
1498 3611 1620 3671 post
1672 3602 1856 3656 mundi
1910 3617 2043 3655 con-

472 3699 891 3754 summationem
920 3698 974 3752 in
1018 3698 1128 3752 Deo
1155 3698 1261 3751 erit
1301 3698 1468 3766 logos.
1513 3695 1588 3749 uti
1639 3695 1791 3763 prius
1845 3695 2043 3762 fuerat,

473 3791 746 3858 quomodo
783 3789 888 3842 erit
926 3787 1104 3856 Logos
1139 3803 1170 3840 e
1202 3789 1310 3840 Deo
1333 3787 1636 3854 egressus?
1680 3788 1724 3838 si
1763 3788 1906 3838 enim
1948 3801 2046 3854 per

470 3897 532 3936 se
576 3879 883 3936 subsistens
930 3894 960 3932 a
1023 3878 1130 3932 Deo
1189 3888 1310 3932 erat
1347 3878 1504 3941 alius,
1544 3887 1655 3930 tum
1705 3876 2046 3931 frustraneus

473 3982 560 4024 est
607 3971 785 4023 omnis
830 3967 1068 4023 Marcelli
1123 3967 1296 4023 labor.
1349 3968 1502 4034 Quod
1556 3969 1600 4021 si
1659 3978 1813 4022 extra
1876 3969 2043 4026 Deum

471 4077 728 4132 egressus
765 4060 935 4132 logos,
981 4070 1306 4116 utnostrum
1361 4059 1692 4130 prolatitium
1742 4061 1880 4116 solet
1919 4075 2044 4115 ver-

474 4154 625 4216 bum,
680 4161 830 4206 extra
894 4151 1061 4205 Deum
1123 4153 1499 4220 permanebat,
1549 4153 1892 4220 inseparatus
1933 4161 2043 4202 tum

474 4252 624 4296 certe
672 4256 909 4312 semper,
955 4252 1009 4296 et
1055 4242 1201 4296 omni
1247 4251 1492 4310 tempore
1549 4242 1713 4296 etiam
1769 4252 1879 4295 tmn
1923 4257 2043 4296 cum

473 4342 814 4404 operaretur,
849 4345 968 4388 erat
1012 4335 1157 4388 intus
1195 4333 1246 4385 in
1291 4334 1417 4386 Deo.
1455 4338 1512 4395 >3
1541 4334 1691 4398 Quod
1733 4333 1776 4386 si
1817 4335 1920 4396 sic,
1956 4342 2006 4385 ta
2031 4361 2043 4373 ο

475 4434 598 4473 men
631 4419 888 4481 undeilit.
931 4430 988 4474 ut
1019 4421 1070 4474 in
1111 4421 1250 4474 diem
1278 4417 1469 4486 judicii
1501 4421 2050 4489 comperendinetur?

473 4512 552 4564 ait
585 4510 728 4565 enim
761 4521 887 4565 tunc
919 4513 1028 4565 Dro
1078 4511 1225 4564 illum
1283 4512 1732 4575 readuniendmn,
1764 4520 1819 4564 et
1860 4525 2048 4580 perpe-

478 4614 570 4658 tuo
601 4602 866 4668 futurum,
899 4605 1038 4658 sicut
1069 4603 1198 4657 olim
1233 4605 1384 4671 prius
1423 4603 1524 4656 fuit
1553 4623 1565 4658 :
1622 4605 1717 4658 sed
1768 4618 1866 4658 nec
1898 4604 2049 4671 logos

474 4696 567 4764 qui
605 4696 672 4750 do
725 4695 834 4750 Deo
886 4696 1170 4763 processit,
1212 4696 1389 4765 qualis
1427 4705 1544 4749 erat
1594 4697 1762 4764 prius,
1813 4697 2049 4750 exstabit

477 4789 622 4854 talis,
652 4789 746 4842 sed
781 4799 835 4844 et
871 4790 1012 4844 Deus
1045 4791 1126 4843 sui
1165 4791 1334 4859 ipsius
1362 4791 1645 4846 dissimilis
1680 4790 1898 4847 futurus
1920 4802 2042 4846 est:

476 4890 666 4952 utpote
697 4880 786 4949 qui
816 4881 945 4933 olim
993 4879 1154 4949 logon
1210 4895 1373 4934 suum
1421 4882 1473 4933 in
1521 4897 1580 4938 se
1615 4882 1871 4947 habebat,
1899 4892 1952 4936 et
1993 4883 2045 4935 in

479 4973 583 5027 line
618 4971 800 5026 mundi
842 4973 1092 5026 eumdem
1120 4983 1516 5040 resumpturus,
1557 4983 1610 5027 et
1635 4975 1848 5028 futurus
1871 4975 2050 5043 qualis

475 5063 603 5116 olim
634 5066 785 5130 prius
811 5062 1027 5117 fuerat:
1060 5064 1267 5118 interea
1311 5065 1572 5134 temporis
1607 5066 1946 5119 dissimiliter
1991 5080 2048 5118 se

481 5153 786 5208 habiturus.
837 5152 942 5207 Sed
972 5162 1026 5206 et
1062 5152 1212 5223 logos
1241 5154 1306 5207 ad
1339 5154 1587 5210 eumdem
1639 5155 1854 5208 modum
1892 5164 2044 5208 extra

481 5243 648 5298 Deum
680 5246 912 5313 positus,
949 5260 1053 5299 non
1089 5244 1302 5300 futurus
1326 5256 1410 5299 est
1451 5247 1520 5308 is,
1563 5246 1654 5314 qui
1691 5247 1841 5315 prius
1875 5246 2051 5298 fuerat

476 5346 602 5389 ante
653 5338 834 5390 mundi
890 5338 1431 5390 consummationem.
1491 5336 1714 5406 Erquid,
1777 5337 1925 5390 hisce
1977 5334 2051 5387 ita

552 5456 611 5512 r14
641 5450 740 5505 Ed-
765 5449 965 5514 Paris.,
996 5467 1148 5522 pagg.
1183 5453 1303 5518 115,
1337 5453 1458 5509 114.

547 5540 594 5574 ⁸⁸
621 5539 639 5594 l
670 5540 794 5595 Cor.
827 5564 920 5606 xv,
947 5542 1037 5596 28.

553 5635 630 5703 (8)
663 5631 834 5704 Vulgo
854 5633 933 5704 τῷ
969 5635 1384 5704 παντοκράτορα
1409 5632 1528 5704 Θεῷ
1554 5641 1608 5686 ct
1633 5630 1733 5702 τὴν
1761 5648 1870 5704 πρ.
1890 5630 2050 5704 αὐτὸν

471 5701 854 5824 ’κρίνωνὲανήθι
883 5701 1002 5760 loco
1029 5701 1279 5772 πράξεως
1312 5701 1373 5756 ll.
1408 5703 1639 5772 κρίσεως
1670 5701 1722 5755 et
1742 5702 1862 5756 detn
1897 5701 2053 5768 vulgo

483 5791 652 5836 ουτως
699 5791 762 5842 ιν.

2809 3057 2964 3108 ΚΕΦ.
3009 3055 3087 3107 Θ’.

2315 3148 2602 3215 Ἔλεγχος
2637 3143 2746 3210 τῆς
2774 3146 2880 3198 τοῦ
2905 3144 3131 3211 ἀνδρὸς
3168 3141 3549 3207 κακοδοξίας.

2217 3237 2357 3307 Ὦρα
2393 3239 2570 3290 τοίνυν
2620 3235 2894 3306 ἐρωτῶσιν
2923 3235 3052 3304 ἡμῖν
3095 3231 3256 3284 αὑτὸν
3304 3232 3720 3302 ἀποκρίνασθαι.

2146 3327 2209 3379 Τί
2239 3324 2330 3381 οῦν
2361 3329 2417 3381 ὲν
2437 3327 2514 3397 τῷ
2543 3327 2743 3397 μεταξὺ
2774 3325 2968 3397 χρόνῳ,
2994 3325 3081 3376 ὅτε
3109 3324 3265 3387 ἐκτὸς
3289 3319 3356 3393 ἦν
3386 3325 3414 3374 ό
3436 3323 3602 3389 Λόγος
3625 3319 3723 3373 τοῦ

2147 3419 2305 3482 Θεοῦ,
2339 3421 2606 3490 προσήκει
2628 3420 2802 3482 νοεῖν;
2833 3415 2955 3478 Πῶς
2987 3416 3043 3467 δὲ
3094 3414 3395 3484 προῆλθεν;
3449 3413 3532 3463 Ἐν
3555 3411 3723 3482 ὁποίᾳ

2145 3509 2199 3560 δὲ
2225 3504 2292 3578 ἦν
2326 3509 2433 3577 ἄρα
2463 3510 2791 3561 καταστάσει
2825 3509 2851 3558 6
2881 3506 3033 3569 Θεὸς,
3063 3507 3136 3574 μὴ
3172 3505 3309 3574 ἔχων
3331 3506 3386 3555 ὲν
3420 3502 3596 3571 ἑαυτῷ
3625 3501 3721 3554 τὸν

2149 3603 2346 3653 οἰκεῖον
2379 3601 2549 3667 Λόγον
2574 3617 2586 3663 ;
2611 3600 2659 3650 εἰ
2687 3598 2795 3669 γὰρ
2826 3599 2917 3650 ἐπὶ
2953 3597 3028 3666 (9)
3077 3596 3357 3667 συντελείᾳ
3387 3594 3477 3647 τοῦ
3523 3592 3726 3657 παντὸς

2147 3691 2296 3744 ἔσται
2335 3693 2362 3744 6
2405 3693 2573 3758 Λόγος
2597 3692 2656 3742 ὲν
2687 3687 2763 3758 τῷ
2811 3688 2947 3758 Θεῷ,
2983 3688 3171 3759 ὥσπερ
3222 3691 3316 3741 καὶ
3368 3687 3629 3757 πρότερον
3657 3682 3729 3756 ἦν

2147 3785 2254 3856 πρὸ
2287 3783 2378 3836 τοῦ
2404 3800 2598 3854 καιροῦ
2631 3783 2727 3851 τῆς
2753 3782 3078 3845 συντελείας,
3113 3781 3230 3843 πῶς
3259 3780 3410 3832 ἔσται
3438 3781 3466 3832 6
3494 3779 3663 3846 Λόγος
3697 3779 3724 3828 6

2149 3874 2422 3945 προελθὼν
2439 3874 2530 3926 τοῦ
2555 3872 2688 3925 Θεοῦ
2711 3889 2724 3937 ;
2750 3872 2812 3924 Ei
2836 3873 3070 3945 μὲνγὰρ,
3106 3871 3225 3924 καθ’
3252 3871 3441 3923 ἑαυτὸν
3461 3867 3723 3939 ὑφεστὼς,

2148 3968 2333 4037 ἕτερος
2361 3968 2606 4034 ἐγίγνετο
2635 3965 2728 4016 τοῦ
2753 3964 2912 4028 Θεοῦ,
2941 3965 3168 4033 μάταιος
3195 3965 3220 4016 6
3251 3962 3571 4033 Μαρκέλλου
3627 3960 3726 4010 πό-

2149 4073 2272 4119 νος·
2306 4059 2355 4109 ei
2381 4057 2456 4118 δὲ,
2491 4055 2582 4108 καὶ
2617 4052 2893 4123 προελθὼν
2911 4051 3003 4104 τοῦ
3033 4051 3190 4114 Θεοῦ,
3235 4052 3373 4104 κατὰ
3405 4052 3494 4104 τὸν
3523 4052 3577 4103 ὲν
3595 4052 3726 4119 ἡμῖν

2151 4147 2482 4219 προφορικὸν
2512 4146 2688 4213 λόγον,
2709 4145 2863 4214 ἔμενε
2892 4143 2985 4195 τοῦ
3017 4143 3230 4213 Πατρὸς
3255 4141 3575 4212 ἀχώριστος,
3593 4141 3722 4193 οὐκ·

2154 4240 2248 4293 οῦν
2291 4242 2376 4292 ἀεὶ
2412 4241 2505 4292 καὶ
2534 4239 2622 4290 διὰ
2658 4237 2854 4300 παντὸς
2874 4232 2940 4306 ἦν
2968 4237 3024 4286 ἐν
3058 4235 3136 4304 τῷ
3168 4234 3308 4304 Θεῷ.
3337 4235 3429 4287 καὶ
3459 4234 3544 4285 ὅτε
3571 4232 3727 4303 ἐνήρ-

2152 4350 2258 4400 γει.
2287 4332 2409 4394 Πῶς
2434 4325 2525 4383 οῦν
2551 4334 2629 4392 εἰς
2657 4329 2747 4382 τὸν
2775 4328 2872 4396 τῆς
2905 4328 3138 4397 κρίσεως
3170 4325 3482 4394 ἀναπέμπει
3513 4321 3721 4393 καιρὸν,

2154 4422 2274 4474 τότε
2305 4422 2478 4489 λέγων
2511 4421 2672 4473 αὑτὸν
2717 4419 3082 4488 ὲνωθήσεσθαι
3109 4417 3186 4486 τῷ
3225 4417 3364 4486 Θεῷ,
3389 4416 3482 4468 καὶ
3507 4413 3725 4466 ἔσεσθαι

2155 4513 2344 4584 ὥσπερ
2370 4514 2463 4566 καὶ
2498 4513 2759 4582 πρότερον
2797 4506 2896 4580 ἦν;
2929 4511 2990 4560 Ei
3014 4510 3121 4580 γὰρ
3149 4509 3269 4562 τότε
3299 4508 3452 4560 ἔσται
3487 4506 3596 4576 (16)
3622 4505 3728 4558 ῶσ-

2158 4622 2264 4674 περ
2294 4605 2386 4658 καὶ
2418 4604 2678 4673 πρότερον
2710 4599 2796 4672 ἦν,
2831 4601 2954 4655 οὔτε
2992 4605 3020 4655 6
3043 4601 3233 4669 Λόγος,
3263 4602 3289 4652 6
3332 4598 3608 4669 προελθὼν
3633 4597 3727 4650 τοῦ

2153 4695 2308 4759 Θεοῦ,
2340 4697 2520 4756 ὁποῖος
2550 4689 2617 4763 ἦν
2646 4693 2927 4764 πρότερον,
2957 4691 3403 4763 ὑπάρξειηἌλλά
3432 4692 3525 4744 καὶ
3572 4689 3731 4751 αὐτὸς

2148 4787 2176 4838 6
2210 4785 2340 4847 Θεὸς
2384 4783 2534 4835 ἔσται
2587 4780 2762 4850 ἑαυτῷ
2805 4775 3088 4850 “ἀνόμοιος,
3123 4779 3288 4832 πάλαι
3336 4777 3434 4847 μὲν
3480 4777 3619 4846 ἔχων
3673 4777 3730 4827 ὲν

2151 4874 2328 4944 ἑαυτῷ
2348 4875 2436 4926 τὸν
2469 4872 2661 4939 Λόγον,
2695 4871 2790 4922 καὶ
2817 4871 2909 4922 ἐπὶ
2937 4869 3214 4940 συντελείᾳ
3238 4867 3332 4920 τοῦ
3363 4866 3560 4928 παντὸς
3599 4865 3732 4917 ἀπο-

2152 4965 2456 5035 ληψόμενος
2521 4962 2704 5026 αῦτὸν,
2742 4960 2836 5013 καὶ
2893 4959 3175 5029 γινόμενος
3218 4959 3359 5012 τότε.
3404 4955 3732 5027 (11)ὥσπερ

2153 5056 2536 5126 καὶπρότερον
2578 5049 2675 5122 ἦν·
2715 5055 2770 5104 ὲν
2807 5050 2863 5103 δὲ
2896 5049 2972 5120 τῷ
3010 5050 3212 5120 μεταξὺ
3249 5048 3424 5119 χρόνῳ
3465 5045 3734 5115 ἀνομοίως

2155 5149 2423 5218 κείμενος.
2451 5146 2561 5200 Καὶ
2600 5147 2628 5196 6
2661 5143 2831 5211 Λόγος
2872 5143 2928 5194 δὲ
2962 5142 3242 5204 ὡσαύτως,
3272 5139 3428 5202 ἐκτὸς
3459 5137 3552 5190 τοῦ
3596 5135 3736 5190 Θεοῦ

2156 5239 2464 5308 γενόμενος,
2498 5236 2596 5288 οὐκ
2617 5233 2766 5285 ἔσται
2794 5231 2900 5301 πρὸ
2931 5233 3029 5302 τῆς
3060 5230 3364 5292 συντελείας
3389 5227 3480 5280 τοῦ
3509 5227 3734 5289 παντὸς,

2159 5324 2268 5391 οἶος
2295 5323 2362 5396 ἦν
2392 5325 2674 5396 πρότερον.
2721 5322 2830 5375 Καὶ
2865 5322 2948 5383 τίς
2979 5320 3044 5373 ἂν
3078 5319 3280 5372 τούτων
3312 5316 3735 5385 δυσσεϐέστερος

2235 5625 2309 5695 (9)
2338 5578 2506 5693 Vulgo
2527 5627 2611 5695 τῇ,
2627 5641 2774 5676 συντ.
2796 5633 2850 5676 et
2881 5637 3002 5677 mox
3030 5621 3124 5673 καὶ
3157 5620 3218 5671 τὸ
3255 5618 3534 5690 πρότερον.

2232 5698 2342 5760 (10)
2380 5695 2545 5762 Vulgo
2579 5694 2740 5747 ὥστε.

2234 5769 2342 5834 (ll)
2384 5764 2486 5832 Mp.
2513 5764 2582 5815 ἵσ.
2614 5764 2801 5832 ὅσπερ.
