4086 6202
377 287 481 344 9η

1307 281 1395 336 DE
1435 279 1970 337 ECCLESIASTICA
2011 279 2403 336 TllEOLOGlA
2442 279 2570 334 LIB.
2612 278 2677 332 ll.

3536 281 3643 337 9l8

381 400 580 469 γένοιτ’
613 398 678 452 ἂν
721 395 911 464 λόγος;
946 393 1121 456 Ὅλως
1171 391 1279 463 γὰρ
1311 393 1372 446 τὸ
1402 388 1494 463 ἦν,
1543 393 1636 445 καὶ
1694 393 1756 443 τὸ
1800 391 1961 444 ἔσται,

2081 393 2288 461 positis.
2335 394 2506 460 magis
2540 391 2760 458 impium
2787 388 2982 458 poterit
3017 389 3179 442 esse?
3209 388 3440 445 Omnino
3472 394 3644 458 enim,

383 491 562 546 καὶτὸ
603 488 905 558 γεγονέναι,
952 485 1081 537 ποτὲ
1118 485 1212 537 καὶ
1245 484 1430 547 πάλιν,
1457 484 1694 554 μέλλειν,
1724 483 1966 546 ἔσεσθαι,

383 582 486 652 τῆς
519 582 576 633 ὲν
629 578 805 649 χρόνῳ
837 573 1142 645 μεταϐολῆς
1192 561 1322 627 ὄντά
1361 573 1653 645 δηλωτικὰ,
1713 572 1965 644 ἀλλότρια

385 671 452 725 ἂν
473 670 558 741 εἴη
592 671 692 740 τῆς
715 667 944 738 ἀχρόνου
995 667 1088 718 καὶ
1123 665 1361 736 ἀνάρχου
1409 661 1504 718 καὶ
1550 665 1843 734 ἀγεννὴτου
1873 665 1966 716 καὶ

385 759 742 816 ἀναλλοιώτου
772 759 983 820 οὐσίας.
1010 758 1124 824 Ἐφ’
1147 753 1236 827 ἦς,
1256 753 1470 810 τὸεῖναι
1492 756 1649 826 μόνον
1674 756 1964 826 ἐπιπρέπει

389 855 527 906 νοεῖν
546 870 559 882 ·
594 852 687 904 καὶ
714 845 852 903 εἶναι
884 847 1319 920 ἀπαραλλάκτως
1359 849 1444 900 ἀεὶ
1473 848 1583 917 (12)
1603 848 1743 901 κατὰ
1773 847 1840 901 τὰ
1870 849 1968 900 αὺ-

387 945 480 1010 τὰ,
519 943 610 996 καὶ
629 942 889 1004 ὡσαύτως
911 940 1159 1011 ἔχουσαν,
1194 939 1272 1010 μὴ
1302 938 1968 1010 μειουμένην,,μὴσυστελ-

390 1035 640 1104 λομένην,
679 1032 754 1103 μὴ
809 1032 1215 1102 ἐκτεινομένην,
1263 1031 1339 1101 μὴ
1382 1029 1809 1100 ὲξαπλουμένην,
1841 1029 1963 1101 μηδ’

391 1124 542 1186 ἐκτός
564 1140 617 1176 τι
640 1123 732 1177 καὶ
760 1123 909 1186 ἐντὸς
935 1123 1135 1192 ἑαυτῆς
1168 1121 1411 1189 ἔχουσαν,
1435 1121 1556 1191 μηδ’
1569 1119 1754 1173 ἄλλοτε
1800 1120 1964 1191 ἄλλην

389 1216 739 1285 γιγνομένην,
794 1215 914 1286 μηδ’
947 1216 1131 1285 ἕτερον
1167 1214 1266 1284 μὲν
1309 1209 1475 1265 οὖσαν
1511 1213 1794 1283 πρότερον,
1847 1211 1962 1266 εἶτα

386 1306 515 1361 ἄλλο
541 1325 600 1359 τι
633 1305 984 1376 γιγνομένην,
1016 1306 1110 1359 καὶ
1148 1304 1309 1356 πάλιν
1350 1305 1430 1365 εἰς
1478 1303 1538 1356 τὸ
1576 1306 1798 1374 ἀρχαῖον
1832 1306 1966 1357 ἀποα-

387 1396 820 1468 καθισταμένην.
854 1399 920 1448 ’Λ
942 1396 1004 1466 δὴ
1033 1395 1350 1473 Μάρκελλος
1376 1394 1576 1466 ἐτόλμα
1617 1394 1962 1448 ὑποτίθεσθαι

390 1487 560 1541 πάλαι
588 1488 686 1557 μὲν
719 1487 892 1554 λέγων
940 1481 1078 1537 εἶναι
1114 1485 1202 1537 τὸν
1239 1483 1393 1550 Θεὸν,
1435 1484 1526 1537 καί
1572 1503 1693 1538 τινα
1735 1486 1962 1556 ἡσυχίαν

385 1577 507 1646 ἅμα
536 1577 614 1647 τῷ
646 1577 764 1648 Θεῷ
809 1577 1141 1648 ὑπογράφων
1191 1574 1368 1644 ἐαυτῷ
1400 1577 1518 1628 κατ’
1563 1577 1721 1629 αὑτὸν
1759 1579 1964 1628 ἐκεῖνον

383 1670 476 1724 τὸν
498 1673 606 1724 τῶν
637 1671 810 1725 ἀθέων
849 1671 1183 1741 αἱρεσιωτῶν
1231 1670 1492 1741 ἀρχηγὸν,
1522 1669 1578 1732 ὃς
1613 1669 1677 1720 τὰ
1711 1669 1844 1722 ἄθεα
1875 1668 1961 1720 δο-

384 1757 664 1827 γματίζων
711 1759 1041 1826 ἀπεφαίνετο
1083 1757 1287 1826 λέγων’
1322 1755 1446 1810 ’Ἦνσ
1472 1757 1603 1820 Θεὸς
1650 1759 1744 1810 καὶ
1793 1757 1958 1827 Σιγή·

388 1848 527 1916 μετά
549 1847 606 1900 δὲ
628 1847 726 1918 τὴν
751 1847 915 1918 Σιγὴν
937 1849 1028 1900 καὶ
1049 1847 1146 1918 τὴν
1165 1848 1421 1918 Ἡσυχίαν
1450 1847 1729 1919 προελθεῖν
1761 1849 1851 1901 τὸν
1867 1850 1965 1902 Λό-

365 1921 481 2005 ’γον
511 1938 604 1991 τοῦ
647 1939 780 1991 Θεοῦ
831 1942 889 1992 ὲν
939 1940 1079 2009 ἀρχῇ
1135 1940 1232 2009 τῆς
1289 1939 1644 2010 κοσμοποιίας
1698 1939 1960 2010 δραστικῇ

385 2031 665 2100 ἐνεργείᾳ·
703 2031 778 2093 ὡς
811 2030 1000 2101 μηκέτ’
1024 2026 1160 2082 εἶναι
1190 2031 1350 2084 αὑτὸν
1384 2026 1492 2095 οἷος
1515 2027 1582 2102 ἦν
1607 2034 1665 2084 ἐν
1690 2033 1963 2085 σιωπῶντι

383 2119 468 2188 τῷ
499 2119 618 2190 Θεῷ
651 2121 916 2192 πρότερον
947 2121 1254 2192 ἡσυχάζων,
1286 2122 1398 2175 ἀλλ’
1420 2124 1662 2194 ἐνεργεῖν
1699 2125 1963 2195 προερχό-

388 2224 548 2276 μενον
582 2209 676 2262 τοῦ
721 2210 879 2265 Θεοῦ.
918 2212 1029 2264 Καὶ
1071 2213 1187 2274 πῶς
1211 2212 1318 2283 ἄρα
1359 2213 1584 2283 προῄει;
1615 2215 1836 2276 Πάντως
1864 2232 1962 2267 που

385 2298 526 2350 κατὰ
557 2302 835 2370 προφορὰν
861 2303 1042 2372 φωνῆς
1068 2301 1328 2373 ἐνάρθρου
1352 2322 1364 2334 ·
1399 2303 1770 2374 φθεγγομένου
1803 2305 1964 2374 δηλα-

383 2385 449 2456 δὴ
484 2390 578 2441 καὶ
606 2388 895 2453 λαλοῦντος
917 2392 1010 2444 τοῦ
1045 2393 1178 2444 Θεοῦ
1207 2394 1408 2462 ὁμοίως
1442 2395 1766 2464 ἀνθρώποις.
1796 2397 1837 2447 Τ
1841 2395 1966 2448 οῦτο

384 2480 515 2546 γοῦν
538 2483 629 2536 καὶ
664 2483 816 2553 αὐτῷ
858 2483 1034 2537 ἐδόκει
1061 2487 1324 2556 γράφοντι
1358 2485 1546 2538 τοῦτον
1592 2488 1682 2539 τὸν
1729 2488 1926 2557 τρόπον
1947 2506 1958 2516 ·

390 2587 409 2618 ι
435 2570 644 2642 Ὠσπερ
668 2573 777 2643 γὰρ
807 2574 873 2626 τὰ
905 2575 1165 2642 γεγονότα
1183 2576 1359 2629 πάντα
1383 2577 1608 2630 ὑπὸ-τοῦ
1635 2577 1845 2648 Πατρὸς
1877 2578 1964 2630 διὰ

389 2679 410 2714 s
436 2661 528 2714 τοῦ
564 2663 738 2730 Λόγου
773 2665 1014 2732 γέγονεν,
1048 2665 1190 2719 οὕτω
1218 2667 1308 2719 καὶ
1333 2668 1400 2721 τὰ
1429 2667 1692 2738 λεγόμενα
1726 2668 1830 2720 ὑπὸ
1868 2668 1961 2720 τοῦ

392 2772 411 2802 ι
441 2753 651 2822 Πατρδς
701 2754 788 2806 διὰ
840 2754 933 2807 τοῦ
963 2756 1134 2824 Λόγου
1199 2758 1540 2827 σημαίνεται.
1580 2778 1597 2810 ι
1631 2761 1742 2811 Καὶ
1777 2755 1959 2822 αὖθις

392 2862 410 2894 ι
443 2843 627 2897 Πάντα
673 2845 780 2916 γὰρ
807 2847 906 2899 ὅσα
930 2846 994 2900 ἂν
1021 2850 1049 2900 ό
1075 2848 1264 2920 Πατὴρ
1304 2849 1457 2922 λέγῃ,
1483 2849 1657 2904 ταῦτα
1691 2850 1962 2920 πανταχοῦ

393 2951 415 2985 ι
445 2933 534 2986 διὰ
561 2934 654 2987 τοῦ
673 2937 844 3004 Λόγου
875 2937 1047 3006 λέγων
1080 2939 1348 3007 φαίνεται.
1373 2941 1542 2993 Τοῦτο
1571 2941 1628 2993 δὲ
1658 2941 1814 3011 δῆλόν
1847 2944 1962 2996 ἐστι

397 3042 416 3074 ι
456 3027 549 3077 καὶ
581 3026 673 3095 ἀφ’
701 3029 732 3096 ἡ
744 3026 856 3096 μῶν
881 3028 1080 3093 αὐτῶν,
1112 3030 1212 3083 ὅσα
1245 3031 1416 3101 μικρὰ
1449 3033 1562 3094 τοῖς
1592 3032 1846 3100 μεγάλοις
1869 3035 1962 3085 καὶ

392 3136 410 3168 ι
453 3116 616 3182 θείοις
651 3119 965 3173 ἀπεικάσαι·
993 3122 1085 3173 καὶ
1113 3123 1274 3192 ἡμεῖς
1304 3122 1412 3192 γὰρ
1437 3123 1611 3176 πάντα
1639 3124 1738 3176 ὅσα
1769 3123 1834 3176 ἂν
1868 3124 1972 3178 θέοι

389 3228 408 3261 ι
440 3210 620 3280 λωμεν
641 3211 780 3264 κατὰ
795 3213 855 3266 τὸ
875 3213 1098 3266 δυνατὸν
1118 3213 1295 3281 λέγειν
1319 3231 1378 3266 τε
1401 3215 1493 3267 καὶ
1515 3218 1706 3280 ποιεῖν,
1726 3215 1804 3286 τῷ
1823 3217 1854 3286 ἡ
1863 3234 1959 3286 με-

389 3319 409 3353 s
437 3301 580 3372 τέρῳ
607 3302 865 3372 ποιοῦμεν
892 3303 1053 3374 λόγῳ.
1070 3305 1234 3376 »Είδὴ
1265 3301 1356 3358 οὖν
1385 3305 1599 3368 οὖτωςό
1621 3307 1790 3374 Λόγος
1828 3325 1958 3379 προ-

382 3392 511 3461 ῆλθε
532 3394 625 3446 τοῦ
652 3395 863 3466 Πατρὸς
893 3395 1149 3467 δραστικῇ
1177 3399 1445 3469 ἐνεργείᾳ,
1469 3399 1631 3451 πόθεν
1654 3401 1959 3471 Μαρκέλλῳ

385 3481 584 3552 ἐπῆλθε
612 3484 922 3555 περιορίσαι
951 3486 1139 3555 χρόνον
1165 3489 1229 3557 τῇ
1257 3487 1351 3539 τοῦ
1382 3489 1554 3556 Λόγου
1589 3490 1958 3560 ὲνεργείᾳ,τὸν

384 3573 483 3641 τῆς
510 3575 818 3637 συντελείας
841 3575 961 3627 καθ’
994 3576 1052 3628 ὃν
1091 3577 1310 3630 ἔσεσθαι
1346 3579 1544 3646 φάσκει
1577 3581 1666 3633 τὸν
1699 3581 1869 3648 Λόγον
1901 3583 1958 3633 ὲν

383 3663 463 3734 τῷ
495 3665 635 3735 Θεῷ,
663 3665 852 3738 ὥσπερ
881 3668 974 3719 καὶ
1007 3670 1268 3740 πρότερον
1309 3667 1408 3741 ἧνς
1452 3673 1719 3743 Πρότερον
1744 3673 1800 3726 δὲ
1826 3675 1960 3743 ἡσυ-

384 3757 616 3825 χάζοντα
651 3757 812 3810 αὑτὸν
848 3758 1014 3811 ἐδίδου
1056 3762 1113 3813 ἐν
1145 3761 1417 3814 σιωπῶντι
1452 3763 1530 3832 τῷ
1561 3763 1698 3833 Θεῷ.
1750 3763 1958 3818 Οὐκοῦν

384 3849 479 3902 καὶ
531 3848 671 3919 μετὰ
711 3850 812 3921 τὴν
846 3852 1150 3904 συντέλειαν
1201 3855 1399 3924 ἡσυχία
1446 3873 1530 3918 τις
1577 3855 1749 3919 ἔσται,
1795 3857 1958 3927 μηδὲν

387 3939 668 4007 μέλλοντος
701 3943 941 4012 ἐνεργεῖν
960 3944 1052 3996 τοῦ
1072 3945 1266 4012 Λόγου.
1303 3945 1463 3997 Ἀλλὰ
1486 3947 1591 4017 πρὸ
1611 3949 1708 4016 μὲν
1726 3949 1820 4018 τῆς
1853 3949 1959 4001 τῶν

382 4027 624 4099 γενητῶν
658 4029 968 4094 συστάσεως
1000 4032 1151 4084 οὐδὲν
1190 4029 1279 4102 ἦν,
1318 4036 1471 4104 φησι,
1508 4035 1645 4106 πλὴν
1671 4035 1826 4093 Θεοῦ.
1852 4038 1960 4090 Καὶ

381 4118 504 4172 ἐπεὶ
531 4121 698 4191 μηδὲν
718 4117 805 4191 ἦν,
841 4123 1064 4185 εἰκότως
1090 4123 1265 4193 ἑαυτῷ
1284 4124 1379 4194 τὴν
1397 4126 1626 4196 ἡσυχίαν
1660 4126 1918 4180 ὲτυποῦτο
1942 4146 1954 4158 ·

382 4210 524 4264 κατὰ
562 4212 618 4265 δὲ
663 4214 755 4266 τὸν
799 4215 897 4285 τῆς
934 4215 1244 4278 συντελείας
1291 4217 1484 4286 καιρὸν
1527 4218 1726 4289 Δανιὴλ
1759 4221 1786 4271 ὁ
1828 4237 1958 4290 προ-

384 4301 561 4372 φήτης
590 4303 696 4374 πρὸ
727 4303 823 4357 τοῦ
873 4304 1064 4376 θρόνου
1108 4305 1202 4358 τοῦ
1246 4306 1380 4358 Θεοῦ
1423 4308 1693 4378 μυριάδας
1739 4308 1956 4362 ἔσεσθαι

2079 494 2220 548 erat,
2265 484 2393 548 erit,
2427 482 2667 536 futurum
2699 489 2800 544 est,
2838 482 3143 550 aliquando,
3177 483 3394 548 iterum,
3429 485 3637 537 contin-

2069 559 2221 642 gens:
2278 583 2332 628 et
2381 589 2502 643 qua:
2550 585 2676 628 sunt
2710 573 3026 628 mutationis
3076 571 3270 626 indicia
3307 573 3360 626 in
3403 583 3640 642 tempore.

2071 665 2253 732 factm,
2296 668 2473 721 aliena
2522 675 2649 721 sunt
2693 681 2920 738 prorsus
2966 683 2993 718 ιι
3046 665 3348 720 substantia
3397 665 3484 720 illa
3525 682 3641 735 quae

2068 771 2151 812 est
2213 758 2330 811 sine
2393 767 2657 828 tempore,
2717 756 3008 826 principio,
3056 755 3424 823 generatione,
3467 767 3641 809 mula-

2073 853 2233 903 tione.
2275 850 2347 904 De
2380 865 2486 918 qua
2524 849 2700 903 solum
2731 847 2863 902 Esse
2896 847 3236 913 cogitandum
3265 856 3348 900 est
3383 858 3474 912 ;et
3507 846 3640 899 Esse

2072 943 2290 1010 quidem
2359 941 2790 995 immutabiliter.
2833 939 3005 1006 Quam
3056 939 3301 992 eamdem
3351 947 3405 993 et
3449 939 3636 1012 eodem

2068 1035 2225 1089 modo
2262 1049 2322 1089 se
2377 1034 2667 1089 habentem
2716 1034 2975 1090 debemus
3015 1033 3339 1100 cogitatione
3390 1044 3636 1100 compre-

2069 1126 2348 1180 hendere:
2406 1140 2512 1180 non
2554 1126 2915 1192 imminutam,
2963 1142 3067 1182 non
3125 1132 3472 1186 coarctatam,
3531 1135 3636 1174 non

2068 1215 2368 1278 dilatatam,
2407 1230 2514 1269 non
2559 1229 2876 1286 expensam,
2917 1217 3048 1270 nihil
3081 1225 3235 1269 extra
3283 1230 3341 1268 se
3375 1214 3458 1266 vel
3497 1214 3635 1265 intra

2065 1320 2124 1358 se
2161 1305 2566 1371 continentem;
2611 1321 2714 1358 non
2743 1307 2882 1359 hanc.
2910 1306 3088 1372 modo,
3117 1303 3274 1357 modo
3319 1301 3461 1355 illam
3483 1315 3636 1354 com-

2067 1403 2388 1464 paratttettt:
2425 1405 2674 1448 neutram
2704 1405 3131 1462 pertttattettlet‘:
3167 1393 3257 1447 secl
3303 1391 3568 1445 diversam
3610 1409 3635 1440 λι

2067 1500 2125 1538 se
2154 1484 2322 1553 priori
2354 1506 2364 1538 :
2401 1494 2453 1538 et
2497 1500 2685 1538 rursus
2717 1486 2768 1538 in
2802 1496 3003 1537 statum
3049 1484 3197 1536 illutn
3226 1482 3458 1550 priorem
3486 1495 3638 1534 revo-

2066 1576 2255 1628 lutam.
2290 1576 2415 1629 llaec
2462 1592 2769 1644 supponere
2799 1585 2981 1629 tamen
3023 1591 3184 1628 ausus
3223 1583 3304 1628 est
3334 1572 3637 1635 Marcellus,

2067 1669 2265 1736 quippe
2297 1667 2386 1735 qui
2419 1667 2547 1721 olim
2602 1667 2676 1718 ait
2726 1666 2892 1718 Deum
2943 1666 3260 1718 exstitisse:
3315 1672 3370 1718 et
3403 1665 3638 1732 quietem

2069 1757 2357 1826 quamdatn
2390 1757 2554 1810 altam
2594 1758 2734 1825 apud
2765 1757 2931 1810 Deum
2967 1758 3328 1824 imaginatur:
3364 1757 3428 1809 ad
3463 1755 3640 1809 imita-

2071 1849 2270 1902 tionem
2306 1847 2453 1901 illius
2504 1848 2881 1901 hzeresiarcha:
2918 1847 3065 1916 impii
3110 1862 3230 1900 sese
3269 1845 3637 1906 conformars,

2066 1940 2156 2008 qui
2183 1939 2489 2009 blaSphema
2531 1939 2833 1993 istiusmodi
2881 1937 3307 2008 dogmatizavit:
3349 1945 3466 1992 erat
3500 1935 3642 1991 Deus

2065 2039 2120 2086 et
2161 2032 2305 2100 Sige.
2342 2031 2472 2085 Post
2521 2031 2683 2100 Sigcn
2739 2040 2794 2084 et
2835 2030 3137 2101 l‘lesyehian
3185 2031 3522 2101 processisse
3567 2031 3642 2083 ait

2069 2122 2272 2193 Logon,
2306 2123 2358 2176 in
2388 2123 2654 2191 principio
2685 2123 3014 2177 conditionis
3053 2125 3256 2190 mundi,
3289 2139 3409 2176 cum
3445 2139 3640 2193 opera-

2066 2215 2213 2268 tione
2242 2213 2483 2268 efﬁcaci:
2527 2214 2596 2268 ita
2623 2224 2680 2267 ut
2708 2228 2813 2268 non
2845 2223 3006 2280 esset,
3043 2213 3216 2282 qualis
3249 2223 3368 2266 erat
3399 2214 3548 2283 prius
3589 2215 3639 2266 in

2069 2306 2173 2360 Deo
2214 2307 2624 2376 conquiescenti
2659 2306 2949 2374 quiescens
2998 2307 3132 2374 ipse,
3185 2308 3276 2360 sed
3323 2320 3640 2375 progressus

2064 2398 2590 2466 eDeOuperaretnr.
2643 2397 2706 2450 Et
2737 2413 2841 2465 quo
2899 2398 3061 2450 modo
3116 2398 3330 2449 tandem
3379 2399 3641 2466 processit

2068 2490 2226 2542 inde?
2251 2485 2482 2542 Omnino
2513 2504 2606 2556 per
2636 2488 2994 2557 prolationem
3029 2490 3311 2556 Cujusdam
3345 2489 3643 2541 articulant:

2064 2581 2233 2643 vicis,
2274 2589 2599 2648 personante
2641 2578 2898 2631 nimirum
2942 2589 2993 2632 et
3037 2579 3388 2647 proloqnente
3419 2580 3527 2632 Deo
3577 2580 3642 2632 ad

2069 2670 2282 2722 tnodutn
2336 2670 2584 2722 humana:
2634 2667 2879 2735 loquelte.
2923 2668 2994 2721 Ita
3037 2667 3180 2721 enim
3212 2668 3283 2720 illi
3319 2668 3487 2720 visum
3527 2681 3634 2733 est,

2065 2764 2189 2816 dtttn
2218 2761 2290 2814 ita
2321 2762 2583 2815 scriberet
2628 2780 2640 2815 :
2696 2759 2787 2830 [Β.
2833 2758 2917 2814 LV
2972 2761 3118 2825 (-oll.,
3185 2777 3238 2830 p.
3271 2760 3340 2814 35
3379 2761 3440 2827 D,
3482 2760 3547 2814 79
3579 2760 3640 2823 Β,

2071 2850 2170 2904 125
2202 2849 2288 2921 Bl.
2339 2869 2355 2901 ι
2401 2850 2862 2917 Quemadmodum
2891 2851 3031 2904 facta
3063 2852 3240 2904 omnia
3277 2867 3304 2903 a
3336 2851 3517 2913 Patre.
3548 2868 3642 2921 per

2071 2960 2088 2993 ι
2141 2939 2372 2994 Verbum
2433 2939 2576 2994 latta
2619 2948 2783 2993 sunt:
2819 2940 2893 2994 ita
2932 2948 2986 2993 et
3016 2939 3159 2993 dicta
3204 2941 3437 2994 omniaa
3482 2941 3641 2994 Patre

2071 3050 2088 3082 ι
2137 3029 2941 3100 penVerbum'signiﬁcantur.
2983 3049 3001 3081 ›
3032 3030 3096 3084 Et
3125 3031 3358 3085 iterum:
3386 3030 3478 3102 [Β.
3509 3031 3640 3096 LVI,

2065 3123 2186 3179 coll.
2215 3139 2268 3192 p.
2294 3123 2361 3176 49
2393 3123 2453 3188 Β,
2481 3123 2580 3177 118
2610 3120 2694 3192 ιι]
2747 3140 2764 3173 ι
2784 3120 2976 3175 Omnia
3010 3139 3346 3193 quaeettnque
3366 3121 3528 3177 Pater
3560 3123 3642 3176 tli-

2072 3233 2090 3266 ι
2138 3215 2231 3280 cit,
2253 3231 2312 3269 ea
2334 3229 2547 3283 semper
2569 3225 2622 3267 et
2657 3214 2855 3282 ubique
2880 3230 2974 3282 per
2992 3213 3224 3268 Verbum
3259 3214 3634 3268 declarantur:

2073 3322 2090 3355 ι
2137 3305 2353 3373 quodet
2377 3320 2406 3356 a
2435 3304 2588 3358 nobis
2623 3304 2751 3370 ipsis
2793 3305 2927 3357 satis
2962 3304 3152 3372 liquet,
3194 3305 3460 3373 siquidem
3493 3304 3644 3358 hisee

2071 3413 2088 3445 ι
2136 3392 2522 3462 parrismagna
2553 3391 2777 3445 liceatet
2804 3392 2982 3446 divina
3012 3408 3349 3462 comparare.
3379 3393 3640 3450 Nosenint
3673 3431 3676 3436 ι

2073 3505 2089 3536 ι
2135 3499 2194 3539 ea
2213 3484 2393 3539 omnia
2411 3500 2528 3553 qua:
2545 3485 3076 3551 rolntnus,quantum
3091 3484 3306 3552 quidem
3330 3500 3639 3552 possumus,

2072 3596 2090 3628 ι
2138 3586 2192 3632 ει
2226 3575 2453 3630 facimus
2487 3585 2541 3628 et
2571 3574 2797 3628 dicimus
2857 3571 3161 3626 ministerio
3207 3573 3352 3626 verbi
3381 3579 3574 3631 nostri.
3617 3594 3634 3628 ι

2072 3674 2129 3732 ›Ι‹
2166 3666 2390 3735 Quod-si
2427 3667 2493 3723 ad
2531 3665 2673 3720 hunc
2701 3663 2918 3718 modum
2953 3677 3049 3743 per
3081 3660 3378 3718 eﬂicaciam
3413 3679 3646 3734 operan-

2070 3772 2173 3815 tem
2225 3757 2486 3827 processit
2519 3756 2584 3810 de
2637 3753 2798 3808 Patre
2834 3752 3087 3819 Verbum,
3131 3754 3270 3808 unde
3326 3771 3642 3824 progressus

2066 3863 2145 3909 est
2177 3851 2480 3916 Marcellus,
2541 3849 2604 3902 ad
2634 3845 3194 3901 eircumscribenduut
3238 3846 3402 3900 Verbi
3448 3862 3642 3914 opera-

2071 3947 2268 3999 tionem
2328 3953 2568 4012 tetnpore
2640 3939 2870 4009 quodam
2934 3939 3318 4004 determinato,
3382 3939 3640 3993 nimirum

2070 4033 2254 4086 mundi
2291 4027 2800 4086 consummatione?
2835 4026 3060 4092 Quando
3089 4027 3326 4082 futurum
3363 4041 3464 4093 est,
3499 4029 3640 4097 quod

2067 4124 2318 4187 allirmat,
2367 4133 2422 4176 ut
2481 4121 2708 4176 Verbum
2763 4119 2902 4172 intra
2940 4117 3106 4172 Deum
3145 4121 3423 4183 subsistat,
3453 4131 3645 4190 quent-

2067 4217 2356 4271 admodutn
2397 4215 2686 4282 aliquando
2741 4213 3108 4271 subsistebat?
3132 4213 3434 4282 Aliquando
3460 4224 3640 4268 autem

2067 4310 2438 4377 quiescentem
2477 4309 2655 4377 Logon
2688 4310 2858 4376 illum,
2882 4311 2932 4364 in
2964 4309 3269 4380 quiescenti
3295 4306 3456 4360 Patre
3486 4306 3640 4361 nobis
3713 4372 3720 4378 ,

382 4399 628 4463 θεσπίζει
657 4400 860 4468 λέγων’
896 4402 1091 4454 Χίλιαι
1120 4401 1386 4470 χιλιάδες
1405 4403 1825 4471 ἐλειτούργουν
1849 4405 1956 4456 αὐ-

2069 4400 2233 4453 dedit.
2276 4398 2371 4462 Ita,
2401 4408 2454 4452 ut
2491 4400 2724 4465 videtur,
2759 4408 2878 4469 post
2905 4399 3088 4454 mundi
3121 4396 3638 4452 consummationem

382 4490 482 4556 τῷ,
508 4492 603 4545 καί
629 4493 831 4560 μύριαι
848 4490 1136 4560 μιεριιὶδες
1169 4491 1279 4559 (15)
1315 4491 1836 4558 παρειστήκεισαν
1862 4494 1961 4562 ἔμε

379 4586 644 4649 προσθεν
665 4582 872 4637 αὑτοῦ.
901 4584 1106 4646 Πάντες
1131 4584 1301 4654 δήπου
1333 4585 1424 4635 καὶ
1466 4586 1512 4636 οἱ
1543 4587 1647 4638 υἱοὶ
1687 4583 1780 4636 τοῦ
1829 4585 1957 4654 μὲλ-

379 4674 559 4737 λοντος
585 4675 778 4738 αἰῶνος
810 4675 929 4727 τότε
969 4674 1210 4726 ἔσονταιο
1252 4675 1313 4727 αἴ
1354 4693 1411 4727 τε
1468 4678 1735 4747 μακάριαι
1789 4676 1959 4747 ψυχαὶ

382 4767 754 4837 πατριαρχῶν,
789 4769 882 4820 καὶ
909 4767 1223 4838 προερητῶν,
1252 4769 1344 4820 καὶ
1372 4769 1702 4834 ἀποστόλων,
1737 4769 1868 4837 ἆγιὰ
1899 4786 1956 4820 τε

378 4858 662 4929 πνεύματα
694 4861 1013 4930 μαρτύρων·
1067 4861 1242 4916 πάντα
1275 4881 1333 4916 τε
1377 4862 1623 4932 πρόϐατα
1656 4860 1748 4913 τοῦ
1775 4861 1954 4930 Σωτῆ⁴

380 4967 471 5020 ρος
520 4951 696 5021 ἡμῶν,
731 4952 799 5005 τὰ
849 4955 910 5006 ἐκ
958 4954 1144 5020 δεξιῶν
1175 4955 1339 5008 αὐτοῦ
1392 4955 1699 5025 στησόμενά
1747 4971 1805 5006 τε
1863 4955 1956 5006 καὶ

376 5043 746 5107 ἁκουσόμενα·
801 5045 977 5098 Δεῦτε
1030 5050 1084 5099 οι
1133 5047 1524 5116 εὐλογημένοι
1583 5045 1689 5098 τοῦ
1731 5046 1959 5112 Πατρός

375 5148 518 5199 μου,
549 5134 1045 5204 κληρονομήσατε
1069 5136 1185 5202 τὴν
1219 5135 1674 5205 ἡτοιμασμένην
1697 5135 1838 5204 ὑμῖν
1857 5137 1964 5200 ,Ba-

378 5223 618 5276 Uulelar
647 5226 764 5278 ἀπὸ
785 5226 1122 5293 καταϐολῆς
1141 5227 1252 5298 (Η)
1284 5230 1535 5296 κόσμου.
1556 5221 1837 5280 Τοσοῦτων
1857 5227 1966 5279 τοί-

451 5335 638 5408 ᾧ-Ειί.
673 5335 870 5392 Paris..
900 5352 1018 5408 ρειε.
1081 5337 1199 5392 115.

446 5405 489 5436 ⁸⁷
523 5404 658 5460 Dan.
695 5423 787 5470 \‘ll,
830 5410 913 5460 l0.

449 5499 569 5572 (Ιξ)⁸
599 5499 766 5566 Vulgo
801 5503 894 5554 καὶ
925 5500 1011 5572 τὰ.
1048 5499 1164 5553 Mox
1187 5499 1348 5572 vulgo
1363 5501 1508 5552 deest
1533 5501 1606 5572 μὴ
1641 5503 1952 5572 ἐκτεινομέ-

373 5587 493 5638 νην.
525 5569 641 5622 Mox
667 5573 824 5639 vulgo
859 5571 1152 5641 μηδέτερον
1195 5571 1458 5641 μένουσαν
1481 5579 1534 5623 et
1556 5569 1616 5622 ’Λ
1644 5571 1718 5624 δέ.
1759 5574 1833 5622 Ad
1861 5569 1949 5624 se-

375 5641 591 5708 quentia
629 5641 699 5695 ρι’.
736 5638 970 5694 remot.
1021 5638 1172 5693 Vind.
1219 5639 1392 5708 [gn-tt.
1424 5638 1477 5692 ‘2.
1519 5657 1566 5709 μ.
1603 5641 1690 5694 5i.

2066 4492 2301 4559 quietem
2351 4491 2565 4556 statuit,
2597 4508 2718 4546 cum
2767 4492 2903 4546 ttiltil
2955 4489 3186 4546 Verbum
3219 4489 3472 4558 deinceps
3510 4503 3639 4556 ope-

2070 4585 2300 4640 rahitur.
2355 4583 2570 4637 Atenim
2618 4592 2744 4637 ante
2786 4582 2971 4636 mundi
3006 4580 3470 4650 constitutionem,
3505 4580 3637 4632 nihil

2064 4685 2182 4729 erat
2216 4690 2438 4742 prorsus
2471 4685 2668 4745 prmter
2695 4676 2884 4741 Deum,
2917 4674 3142 4743 inquiet.
3176 4671 3242 4725 Et
3272 4674 3486 4744 quando
3517 4673 3637 4740 qui-
3687 4709 3690 4712 λ

2064 4767 2183 4820 dem
2213 4767 2342 4820 nihil
2381 4776 2521 4831 erat,
2544 4768 2666 4836 jure
2712 4768 2910 4822 merito
2939 4766 3014 4820 illi
3043 4765 3282 4834 quietem
3316 4764 3635 4833 assignavit.

2065 4856 2180 4911 Jam
2234 4859 2284 4911 in
2321 4869 2562 4928 tempore
2606 4849 3322 4914 consummationisDaniel
3371 4856 3637 4926 propheta

2067 4960 2191 5004 ante
2225 4952 2474 5004 thronum
2511 4950 2605 5004 Dei
2645 4945 2958 5005 constitisse
2988 4949 3219 5003 aﬂirtnat
3265 4948 3638 5002 innumerabi-

2064 5043 2167 5097 lem
2197 5043 2513 5113 angelorum
2559 5043 2956 5096 multitudinem
2988 5055 2998 5090 :
3035 5041 3217 5095 Milliaa
3255 5042 3500 5105 millium,
3540 5041 3633 5104 ait,

2070 5135 2444 5189 ministrabant
2489 5134 2613 5187 illi:
2644 5145 2691 5188 et
2727 5135 2896 5188 decies
2951 5133 3141 5187 millies
3195 5144 3410 5186 centena
3469 5134 3635 5185 millia

2075 5227 2386 5280 assistebant
2415 5226 2485 5279 ei.
2517 5223 2790 5279 Iudicium
2834 5225 2990 5289 sedit,
3018 5234 3063 5277 et
3089 5225 3212 5278 Iilm'
3240 5226 3406 5295 aperti
3437 5225 3634 5282 sunt”.

2133 5504 2240 5568 (15)
2278 5501 2443 5564 Vulgo
2473 5515 2713 5569 προειστ.

2135 5573 2243 5642 (Ii)
2280 5571 2444 5639 Vulgo
2472 5568 2564 5620 τοῦ
2589 5586 2641 5622 κ.
