  <div class='ocr_page' id='page_1' title='image "/cluster/home/n/w/nwhite01/storage/ocr_20150623/24/hvd.32044073501801/469.png"; bbox 0 0 4086 6202; ppageno 0'>
   <div class='ocr_carea' id='block_1_1' title="bbox 528 309 631 366">
    <p class='ocr_par' dir='ltr' id='par_1_1' title="bbox 528 309 631 366">
     <span class='ocr_line' id='line_1_1' title="bbox 528 309 631 366; baseline 0 0"><span class='ocrx_word' id='word_1_1' title='bbox 528 309 631 366; x_wconf 75' lang='grc'><strong>919</strong></span> 
     </span>
    </p>
   </div>
   <div class='ocr_carea' id='block_1_2' title="bbox 1246 307 3129 378">
    <p class='ocr_par' dir='ltr' id='par_1_2' title="bbox 1246 307 3129 378">
     <span class='ocr_line' id='line_1_2' title="bbox 1246 307 3129 378; baseline 0.001 -14"><span class='ocrx_word' id='word_1_2' title='bbox 1246 308 1512 366; x_wconf 77' lang='lat' dir='ltr'><strong>EUSEBH</strong></span> <span class='ocrx_word' id='word_1_3' title='bbox 1552 309 2032 367; x_wconf 62' lang='lat' dir='ltr'><strong>CESARIENSIS</strong></span> <span class='ocrx_word' id='word_1_4' title='bbox 2068 309 2218 367; x_wconf 87' lang='lat' dir='ltr'><strong>OPP.</strong></span> <span class='ocrx_word' id='word_1_5' title='bbox 2261 307 2438 368; x_wconf 78' lang='lat' dir='ltr'><strong>PARS</strong></span> <span class='ocrx_word' id='word_1_6' title='bbox 2478 310 2566 365; x_wconf 92' lang='lat' dir='ltr'><strong>lV.</strong></span> <span class='ocrx_word' id='word_1_7' title='bbox 2603 307 3129 378; x_wconf 52' lang='grc' dir='ltr'><strong>-ΒΟϐΜΛΤΙΕΔᾹ</strong></span> 
     </span>
    </p>
   </div>
   <div class='ocr_carea' id='block_1_3' title="bbox 3663 303 3761 363">
    <p class='ocr_par' dir='ltr' id='par_1_3' title="bbox 3663 303 3761 363">
     <span class='ocr_line' id='line_1_3' title="bbox 3663 303 3761 363; baseline 0 0"><span class='ocrx_word' id='word_1_8' title='bbox 3663 303 3761 363; x_wconf 67' lang='lat'><strong>920</strong></span> 
     </span>
    </p>
   </div>
   <div class='ocr_carea' id='block_1_4' title="bbox 473 415 2083 493">
    <p class='ocr_par' dir='ltr' id='par_1_4' title="bbox 473 423 2083 493">
     <span class='ocr_line' id='line_1_4' title="bbox 473 423 2083 493; baseline -0.003 -15"><span class='ocrx_word' id='word_1_9' title='bbox 473 458 483 470; x_wconf 86' lang='lat'><strong>-</strong></span> <span class='ocrx_word' id='word_1_10' title='bbox 531 424 639 478; x_wconf 80' lang='lat' dir='ltr'><strong>Sed</strong></span> <span class='ocrx_word' id='word_1_11' title='bbox 671 432 724 477; x_wconf 84' lang='lat' dir='ltr'><strong>et</strong></span> <span class='ocrx_word' id='word_1_12' title='bbox 772 433 898 479; x_wconf 88' lang='lat' dir='ltr'><strong>tunc</strong></span> <span class='ocrx_word' id='word_1_13' title='bbox 940 433 1204 493; x_wconf 69' lang='lat' dir='ltr'><strong>pra-terea</strong></span> <span class='ocrx_word' id='word_1_14' title='bbox 1250 423 1507 492; x_wconf 88' lang='lat' dir='ltr'><strong>temporis</strong></span> <span class='ocrx_word' id='word_1_15' title='bbox 1555 424 1856 477; x_wconf 85' lang='lat' dir='ltr'><strong>consistent</strong></span> <span class='ocrx_word' id='word_1_16' title='bbox 1904 438 2083 477; x_wconf 76' lang='lat' dir='ltr'><strong>omnes</strong></span> 
     </span>
    </p>
   </div>
   <div class='ocr_carea' id='block_1_5' title="bbox 2185 415 3768 493">
    <p class='ocr_par' dir='ltr' id='par_1_5' title="bbox 2198 415 3768 492">
     <span class='ocr_line' id='line_1_5' title="bbox 2198 415 3768 492; baseline -0.001 -19"><span class='ocrx_word' id='word_1_17' title='bbox 2198 440 2291 473; x_wconf 92' lang='grc' dir='ltr'><strong>νυν</strong></span> <span class='ocrx_word' id='word_1_18' title='bbox 2330 423 2603 492; x_wconf 73' lang='grc' dir='ltr'><strong>ἐσομένων</strong></span> <span class='ocrx_word' id='word_1_19' title='bbox 2641 422 2729 474; x_wconf 81' lang='grc' dir='ltr'>καὶ</span> <span class='ocrx_word' id='word_1_20' title='bbox 2777 421 3039 475; x_wconf 78' lang='grc' dir='ltr'>ἀθάνατον</span> <span class='ocrx_word' id='word_1_21' title='bbox 3085 419 3228 489; x_wconf 75' lang='grc' dir='ltr'>ζωὴν</span> <span class='ocrx_word' id='word_1_22' title='bbox 3274 415 3590 488; x_wconf 76' lang='grc' dir='ltr'>ζησομένων</span> <span class='ocrx_word' id='word_1_23' title='bbox 3624 419 3768 488; x_wconf 80' lang='grc' dir='ltr'>μετὰ</span> 
     </span>
    </p>
   </div>
   <div class='ocr_carea' id='block_1_6' title="bbox 532 511 2094 579">
    <p class='ocr_par' dir='ltr' id='par_1_6' title="bbox 532 511 2094 579">
     <span class='ocr_line' id='line_1_6' title="bbox 532 511 2094 579; baseline 0 -17"><span class='ocrx_word' id='word_1_24' title='bbox 532 513 604 566; x_wconf 92' lang='lat' dir='ltr'><strong>illi</strong></span> <span class='ocrx_word' id='word_1_25' title='bbox 654 513 747 565; x_wconf 82' lang='lat' dir='ltr'><strong>ﬁlii</strong></span> <span class='ocrx_word' id='word_1_26' title='bbox 793 514 959 566; x_wconf 80' lang='lat' dir='ltr'><strong>futuri</strong></span> <span class='ocrx_word' id='word_1_27' title='bbox 1003 512 1207 566; x_wconf 71' lang='lat' dir='ltr'><strong>sarculi.</strong></span> <span class='ocrx_word' id='word_1_28' title='bbox 1260 511 1438 566; x_wconf 77' lang='lat' dir='ltr'><strong>Beata:</strong></span> <span class='ocrx_word' id='word_1_29' title='bbox 1488 512 1943 578; x_wconf 72' lang='lat' dir='ltr'><strong>patriarcharum.</strong></span> <span class='ocrx_word' id='word_1_30' title='bbox 1974 528 2094 579; x_wconf 86' lang='lat' dir='ltr'><strong>pro-</strong></span> 
     </span>
    </p>
   </div>
   <div class='ocr_carea' id='block_1_7' title="bbox 532 600 2093 668">
    <p class='ocr_par' dir='ltr' id='par_1_7' title="bbox 532 600 2093 668">
     <span class='ocr_line' id='line_1_7' title="bbox 532 600 2093 668; baseline -0.001 -14"><span class='ocrx_word' id='word_1_31' title='bbox 532 605 812 666; x_wconf 85' lang='lat' dir='ltr'><strong>phetarum</strong></span> <span class='ocrx_word' id='word_1_32' title='bbox 851 612 904 655; x_wconf 90' lang='lat' dir='ltr'><strong>et</strong></span> <span class='ocrx_word' id='word_1_33' title='bbox 928 601 1295 668; x_wconf 74' lang='lat' dir='ltr'><strong>apostolorum</strong></span> <span class='ocrx_word' id='word_1_34' title='bbox 1327 601 1520 654; x_wconf 68' lang='lat' dir='ltr'><strong>animae</strong></span> <span class='ocrx_word' id='word_1_35' title='bbox 1540 639 1555 662; x_wconf 90' lang='lat'><strong>,</strong></span> <span class='ocrx_word' id='word_1_36' title='bbox 1588 600 1812 668; x_wconf 79' lang='lat' dir='ltr'><strong>spiritus</strong></span> <span class='ocrx_word' id='word_1_37' title='bbox 1843 600 1917 652; x_wconf 83' lang='lat' dir='ltr'><strong>illi</strong></span> <span class='ocrx_word' id='word_1_38' title='bbox 1947 616 2093 652; x_wconf 85' lang='lat' dir='ltr'><strong>mar-</strong></span> 
     </span>
    </p>
   </div>
   <div class='ocr_carea' id='block_1_8' title="bbox 533 688 2093 760">
    <p class='ocr_par' dir='ltr' id='par_1_8' title="bbox 533 688 2093 760">
     <span class='ocr_line' id='line_1_8' title="bbox 533 688 2093 760; baseline 0.001 -19"><span class='ocrx_word' id='word_1_39' title='bbox 533 705 710 760; x_wconf 82' lang='lat' dir='ltr'><strong>tyrum</strong></span> <span class='ocrx_word' id='word_1_40' title='bbox 736 691 927 743; x_wconf 83' lang='lat' dir='ltr'><strong>sancti.</strong></span> <span class='ocrx_word' id='word_1_41' title='bbox 953 688 1154 743; x_wconf 86' lang='lat' dir='ltr'><strong>Omnes</strong></span> <span class='ocrx_word' id='word_1_42' title='bbox 1177 705 1391 759; x_wconf 87' lang='lat' dir='ltr'><strong>quoque</strong></span> <span class='ocrx_word' id='word_1_43' title='bbox 1412 688 1719 744; x_wconf 85' lang='lat' dir='ltr'><strong>Servatoris</strong></span> <span class='ocrx_word' id='word_1_44' title='bbox 1743 690 1911 743; x_wconf 77' lang='lat' dir='ltr'><strong>nostri</strong></span> <span class='ocrx_word' id='word_1_45' title='bbox 1940 704 2093 754; x_wconf 88' lang='lat' dir='ltr'><strong>oves,</strong></span> 
     </span>
    </p>
   </div>
   <div class='ocr_carea' id='block_1_9' title="bbox 535 776 2091 848">
    <p class='ocr_par' dir='ltr' id='par_1_9' title="bbox 535 776 2091 848">
     <span class='ocr_line' id='line_1_9' title="bbox 535 776 2091 848; baseline 0.001 -18"><span class='ocrx_word' id='word_1_46' title='bbox 535 796 654 848; x_wconf 74' lang='lat' dir='ltr'><strong>qua:</strong></span> <span class='ocrx_word' id='word_1_47' title='bbox 698 795 725 831; x_wconf 87' lang='lat' dir='ltr'><strong>a</strong></span> <span class='ocrx_word' id='word_1_48' title='bbox 772 779 980 833; x_wconf 79' lang='lat' dir='ltr'><strong>dextris</strong></span> <span class='ocrx_word' id='word_1_49' title='bbox 1032 779 1201 846; x_wconf 82' lang='lat' dir='ltr'><strong>ipsius</strong></span> <span class='ocrx_word' id='word_1_50' title='bbox 1252 779 1566 832; x_wconf 72' lang='lat' dir='ltr'><strong>constitutae</strong></span> <span class='ocrx_word' id='word_1_51' title='bbox 1594 777 1856 832; x_wconf 87' lang='lat' dir='ltr'><strong>audient:</strong></span> <span class='ocrx_word' id='word_1_52' title='bbox 1893 776 2091 840; x_wconf 86' lang='lat' dir='ltr'><strong>Venite,</strong></span> 
     </span>
    </p>
   </div>
   <div class='ocr_carea' id='block_1_10' title="bbox 532 869 2094 938">
    <p class='ocr_par' dir='ltr' id='par_1_10' title="bbox 532 869 2094 938">
     <span class='ocr_line' id='line_1_10' title="bbox 532 869 2094 938; baseline 0 -17"><span class='ocrx_word' id='word_1_53' title='bbox 532 869 784 923; x_wconf 79' lang='lat' dir='ltr'><strong>benedicti</strong></span> <span class='ocrx_word' id='word_1_54' title='bbox 815 869 993 923; x_wconf 73' lang='lat' dir='ltr'><strong>Putris</strong></span> <span class='ocrx_word' id='word_1_55' title='bbox 1025 870 1148 932; x_wconf 82' lang='lat' dir='ltr'><strong>mei,</strong></span> <span class='ocrx_word' id='word_1_56' title='bbox 1180 870 1439 938; x_wconf 73' lang='lat' dir='ltr'><strong>possidete</strong></span> <span class='ocrx_word' id='word_1_57' title='bbox 1487 885 1697 938; x_wconf 83' lang='lat' dir='ltr'><strong>regnum</strong></span> <span class='ocrx_word' id='word_1_58' title='bbox 1739 882 2094 936; x_wconf 61' lang='lat' dir='ltr'><strong>praeparatum</strong></span> 
     </span>
    </p>
   </div>
   <div class='ocr_carea' id='block_1_11' title="bbox 532 958 2091 1030">
    <p class='ocr_par' dir='ltr' id='par_1_11' title="bbox 532 958 2091 1030">
     <span class='ocr_line' id='line_1_11' title="bbox 532 958 2091 1030; baseline 0 -18"><span class='ocrx_word' id='word_1_59' title='bbox 532 961 670 1012; x_wconf 79' lang='lat' dir='ltr'><strong>vobis</strong></span> <span class='ocrx_word' id='word_1_60' title='bbox 714 977 746 1011; x_wconf 91' lang='lat' dir='ltr'><strong><em>a</em></strong></span> <span class='ocrx_word' id='word_1_61' title='bbox 779 960 938 1030; x_wconf 77' lang='lat' dir='ltr'><strong>jactis</strong></span> <span class='ocrx_word' id='word_1_62' title='bbox 978 961 1160 1012; x_wconf 70' lang='lat' dir='ltr'><strong>mutuli</strong></span> <span class='ocrx_word' id='word_1_63' title='bbox 1197 960 1553 1027; x_wconf 72' lang='lat' dir='ltr'><strong>fundamentis</strong></span> <span class='ocrx_word' id='word_1_64' title='bbox 1576 958 1642 1010; x_wconf 80' lang='grc'><strong>⁸⁸.</strong></span> <span class='ocrx_word' id='word_1_65' title='bbox 1674 960 1936 1024; x_wconf 81' lang='lat' dir='ltr'><strong>Quocirca</strong></span> <span class='ocrx_word' id='word_1_66' title='bbox 1969 977 2091 1013; x_wconf 90' lang='lat' dir='ltr'><strong>cum</strong></span> 
     </span>
    </p>
   </div>
   <div class='ocr_carea' id='block_1_12' title="bbox 530 1049 2092 1118">
    <p class='ocr_par' dir='ltr' id='par_1_12' title="bbox 530 1049 2092 1118">
     <span class='ocr_line' id='line_1_12' title="bbox 530 1049 2092 1118; baseline 0.005 -22"><span class='ocrx_word' id='word_1_67' title='bbox 530 1051 611 1101; x_wconf 80' lang='lat' dir='ltr'><strong>vel</strong></span> <span class='ocrx_word' id='word_1_68' title='bbox 666 1058 783 1117; x_wconf 88' lang='lat' dir='ltr'><strong>post</strong></span> <span class='ocrx_word' id='word_1_69' title='bbox 832 1049 1020 1118; x_wconf 86' lang='lat' dir='ltr'><strong>judicii</strong></span> <span class='ocrx_word' id='word_1_70' title='bbox 1071 1060 1300 1116; x_wconf 82' lang='lat' dir='ltr'><strong>tempus.</strong></span> <span class='ocrx_word' id='word_1_71' title='bbox 1349 1061 1527 1102; x_wconf 87' lang='lat' dir='ltr'><strong>tantus</strong></span> <span class='ocrx_word' id='word_1_72' title='bbox 1582 1065 1840 1103; x_wconf 86' lang='lat' dir='ltr'><strong>numerus</strong></span> <span class='ocrx_word' id='word_1_73' title='bbox 1903 1064 2092 1104; x_wconf 89' lang='lat' dir='ltr'><strong>eorum</strong></span> 
     </span>
    </p>
   </div>
   <div class='ocr_carea' id='block_1_13' title="bbox 531 1139 2090 1210">
    <p class='ocr_par' dir='ltr' id='par_1_13' title="bbox 531 1139 2090 1210">
     <span class='ocr_line' id='line_1_13' title="bbox 531 1139 2090 1210; baseline -0.001 -18"><span class='ocrx_word' id='word_1_74' title='bbox 531 1141 745 1195; x_wconf 82' lang='lat' dir='ltr'><strong>futurus</strong></span> <span class='ocrx_word' id='word_1_75' title='bbox 785 1151 887 1206; x_wconf 88' lang='lat' dir='ltr'><strong>est,</strong></span> <span class='ocrx_word' id='word_1_76' title='bbox 941 1141 1032 1210; x_wconf 88' lang='lat' dir='ltr'><strong>qui</strong></span> <span class='ocrx_word' id='word_1_77' title='bbox 1079 1141 1274 1194; x_wconf 89' lang='lat' dir='ltr'><strong>victuri</strong></span> <span class='ocrx_word' id='word_1_78' title='bbox 1325 1149 1451 1193; x_wconf 92' lang='lat' dir='ltr'><strong>sunt</strong></span> <span class='ocrx_word' id='word_1_79' title='bbox 1501 1139 1665 1192; x_wconf 90' lang='lat' dir='ltr'><strong>vitam</strong></span> <span class='ocrx_word' id='word_1_80' title='bbox 1708 1139 2090 1206; x_wconf 83' lang='lat' dir='ltr'><strong>immortalem,</strong></span> 
     </span>
    </p>
   </div>
   <div class='ocr_carea' id='block_1_14' title="bbox 528 1229 2089 1298">
    <p class='ocr_par' dir='ltr' id='par_1_14' title="bbox 528 1229 2089 1298">
     <span class='ocr_line' id='line_1_14' title="bbox 528 1229 2089 1298; baseline -0.001 -16"><span class='ocrx_word' id='word_1_81' title='bbox 528 1232 654 1298; x_wconf 84' lang='lat' dir='ltr'><strong>quid</strong></span> <span class='ocrx_word' id='word_1_82' title='bbox 690 1247 866 1285; x_wconf 83' lang='lat' dir='ltr'><strong>causae</strong></span> <span class='ocrx_word' id='word_1_83' title='bbox 906 1233 1126 1284; x_wconf 75' lang='lat' dir='ltr'><strong>subesse</strong></span> <span class='ocrx_word' id='word_1_84' title='bbox 1179 1230 1396 1297; x_wconf 85' lang='lat' dir='ltr'><strong>poterit,</strong></span> <span class='ocrx_word' id='word_1_85' title='bbox 1428 1244 1526 1282; x_wconf 92' lang='lat' dir='ltr'><strong>cur</strong></span> <span class='ocrx_word' id='word_1_86' title='bbox 1565 1243 1673 1280; x_wconf 89' lang='lat' dir='ltr'><strong>non</strong></span> <span class='ocrx_word' id='word_1_87' title='bbox 1701 1235 1754 1281; x_wconf 91' lang='lat' dir='ltr'><strong>et</strong></span> <span class='ocrx_word' id='word_1_88' title='bbox 1784 1237 1893 1281; x_wconf 91' lang='lat' dir='ltr'><strong>tum</strong></span> <span class='ocrx_word' id='word_1_89' title='bbox 1927 1229 2089 1282; x_wconf 91' lang='lat' dir='ltr'><strong>etiam</strong></span> 
     </span>
    </p>
   </div>
   <div class='ocr_carea' id='block_1_15' title="bbox 529 1317 2089 1389">
    <p class='ocr_par' dir='ltr' id='par_1_15' title="bbox 529 1317 2089 1389">
     <span class='ocr_line' id='line_1_15' title="bbox 529 1317 2089 1389; baseline -0.001 -15"><span class='ocrx_word' id='word_1_90' title='bbox 529 1323 620 1374; x_wconf 85' lang='lat' dir='ltr'><strong>Dei</strong></span> <span class='ocrx_word' id='word_1_91' title='bbox 654 1322 887 1375; x_wconf 85' lang='lat' dir='ltr'><strong>Verbum</strong></span> <span class='ocrx_word' id='word_1_92' title='bbox 920 1322 1214 1389; x_wconf 78' lang='lat' dir='ltr'><strong>Operetur?</strong></span> <span class='ocrx_word' id='word_1_93' title='bbox 1247 1319 1396 1373; x_wconf 88' lang='lat' dir='ltr'><strong>Unde</strong></span> <span class='ocrx_word' id='word_1_94' title='bbox 1425 1319 1582 1372; x_wconf 84' lang='lat' dir='ltr'><strong>scivit</strong></span> <span class='ocrx_word' id='word_1_95' title='bbox 1610 1317 1908 1383; x_wconf 83' lang='lat' dir='ltr'><strong>Marcellus,</strong></span> <span class='ocrx_word' id='word_1_96' title='bbox 1947 1321 2089 1386; x_wconf 87' lang='lat' dir='ltr'><strong>quod</strong></span> 
     </span>
    </p>
   </div>
   <div class='ocr_carea' id='block_1_16' title="bbox 529 1407 2088 1476">
    <p class='ocr_par' dir='ltr' id='par_1_16' title="bbox 529 1407 2088 1476">
     <span class='ocr_line' id='line_1_16' title="bbox 529 1407 2088 1476; baseline -0.001 -16"><span class='ocrx_word' id='word_1_97' title='bbox 529 1425 866 1476; x_wconf 84' lang='lat' dir='ltr'><strong>nequaquam</strong></span> <span class='ocrx_word' id='word_1_98' title='bbox 911 1418 1019 1462; x_wconf 89' lang='lat' dir='ltr'><strong>tum</strong></span> <span class='ocrx_word' id='word_1_99' title='bbox 1054 1419 1272 1462; x_wconf 88' lang='lat' dir='ltr'><strong>sanctos</strong></span> <span class='ocrx_word' id='word_1_100' title='bbox 1302 1424 1428 1462; x_wconf 83' lang='lat' dir='ltr'><strong>suos</strong></span> <span class='ocrx_word' id='word_1_101' title='bbox 1471 1408 1610 1461; x_wconf 85' lang='lat' dir='ltr'><strong>Deus</strong></span> <span class='ocrx_word' id='word_1_102' title='bbox 1639 1407 1710 1459; x_wconf 85' lang='lat' dir='ltr'><strong>sit</strong></span> <span class='ocrx_word' id='word_1_103' title='bbox 1739 1407 2088 1470; x_wconf 82' lang='lat' dir='ltr'><strong>allocuturus,</strong></span> 
     </span>
    </p>
   </div>
   <div class='ocr_carea' id='block_1_17' title="bbox 531 1498 2091 1568">
    <p class='ocr_par' dir='ltr' id='par_1_17' title="bbox 531 1498 2091 1568">
     <span class='ocr_line' id='line_1_17' title="bbox 531 1498 2091 1568; baseline 0 -19"><span class='ocrx_word' id='word_1_104' title='bbox 531 1514 700 1568; x_wconf 86' lang='lat' dir='ltr'><strong>neque</strong></span> <span class='ocrx_word' id='word_1_105' title='bbox 725 1499 905 1553; x_wconf 85' lang='lat' dir='ltr'><strong>Verbo</strong></span> <span class='ocrx_word' id='word_1_106' title='bbox 947 1513 1046 1551; x_wconf 90' lang='lat' dir='ltr'><strong>suo</strong></span> <span class='ocrx_word' id='word_1_107' title='bbox 1097 1515 1290 1552; x_wconf 85' lang='lat' dir='ltr'><strong>usurus</strong></span> <span class='ocrx_word' id='word_1_108' title='bbox 1324 1499 1575 1553; x_wconf 61' lang='grc' dir='ltr'>σίτοιςιίνο</span> <span class='ocrx_word' id='word_1_109' title='bbox 1605 1541 1620 1564; x_wconf 90' lang='grc'><strong>,</strong></span> <span class='ocrx_word' id='word_1_110' title='bbox 1649 1500 1744 1552; x_wconf 84' lang='lat' dir='ltr'><strong>sed</strong></span> <span class='ocrx_word' id='word_1_111' title='bbox 1775 1503 1916 1567; x_wconf 88' lang='lat' dir='ltr'><strong>quod</strong></span> <span class='ocrx_word' id='word_1_112' title='bbox 1946 1498 2091 1551; x_wconf 80' lang='lat' dir='ltr'><strong>futu-</strong></span> 
     </span>
    </p>
   </div>
   <div class='ocr_carea' id='block_1_18' title="bbox 530 1587 2090 1656">
    <p class='ocr_par' dir='ltr' id='par_1_18' title="bbox 530 1587 2090 1656">
     <span class='ocr_line' id='line_1_18' title="bbox 530 1587 2090 1656; baseline 0.003 -18"><span class='ocrx_word' id='word_1_113' title='bbox 530 1604 643 1640; x_wconf 87' lang='lat' dir='ltr'><strong>rum</strong></span> <span class='ocrx_word' id='word_1_114' title='bbox 681 1589 750 1642; x_wconf 85' lang='lat' dir='ltr'><strong>sit</strong></span> <span class='ocrx_word' id='word_1_115' title='bbox 785 1588 836 1641; x_wconf 93' lang='lat' dir='ltr'><strong>in</strong></span> <span class='ocrx_word' id='word_1_116' title='bbox 875 1590 983 1644; x_wconf 87' lang='lat' dir='ltr'><strong>Deo</strong></span> <span class='ocrx_word' id='word_1_117' title='bbox 1035 1587 1288 1651; x_wconf 83' lang='lat' dir='ltr'><strong>Verbum,</strong></span> <span class='ocrx_word' id='word_1_118' title='bbox 1337 1589 1788 1655; x_wconf 84' lang='lat' dir='ltr'><strong>quemadmodum</strong></span> <span class='ocrx_word' id='word_1_119' title='bbox 1837 1598 1892 1640; x_wconf 88' lang='lat' dir='ltr'><strong>et</strong></span> <span class='ocrx_word' id='word_1_120' title='bbox 1941 1588 2090 1656; x_wconf 88' lang='lat' dir='ltr'><strong>prius</strong></span> 
     </span>
    </p>
   </div>
   <div class='ocr_carea' id='block_1_19' title="bbox 527 1678 2089 1748">
    <p class='ocr_par' dir='ltr' id='par_1_19' title="bbox 527 1678 2089 1748">
     <span class='ocr_line' id='line_1_19' title="bbox 527 1678 2089 1748; baseline 0.002 -19"><span class='ocrx_word' id='word_1_121' title='bbox 527 1682 722 1742; x_wconf 69' lang='lat' dir='ltr'><strong>fuerat,</strong></span> <span class='ocrx_word' id='word_1_122' title='bbox 776 1682 999 1732; x_wconf 82' lang='lat' dir='ltr'><strong>omnino</strong></span> <span class='ocrx_word' id='word_1_123' title='bbox 1039 1680 1431 1748; x_wconf 87' lang='lat' dir='ltr'><strong>conquiescens</strong></span> <span class='ocrx_word' id='word_1_124' title='bbox 1461 1690 1512 1732; x_wconf 87' lang='lat' dir='ltr'><strong>et</strong></span> <span class='ocrx_word' id='word_1_125' title='bbox 1539 1679 1949 1734; x_wconf 86' lang='lat' dir='ltr'><strong>conticescens?</strong></span> <span class='ocrx_word' id='word_1_126' title='bbox 1977 1678 2089 1732; x_wconf 81' lang='lat' dir='ltr'><strong>Hoc</strong></span> 
     </span>
    </p>
   </div>
   <div class='ocr_carea' id='block_1_20' title="bbox 521 1770 2085 1833">
    <p class='ocr_par' dir='ltr' id='par_1_20' title="bbox 521 1770 2085 1833">
     <span class='ocr_line' id='line_1_20' title="bbox 521 1770 2085 1833; baseline 0.003 -16"><span class='ocrx_word' id='word_1_127' title='bbox 521 1770 664 1822; x_wconf 64' lang='lat' dir='ltr'><strong>«nim</strong></span> <span class='ocrx_word' id='word_1_128' title='bbox 693 1771 964 1824; x_wconf 88' lang='lat' dir='ltr'><strong>multoties</strong></span> <span class='ocrx_word' id='word_1_129' title='bbox 993 1770 1280 1824; x_wconf 84' lang='lat' dir='ltr'><strong>allirmavit</strong></span> <span class='ocrx_word' id='word_1_130' title='bbox 1303 1772 1490 1824; x_wconf 87' lang='lat' dir='ltr'><strong>dicens</strong></span> <span class='ocrx_word' id='word_1_131' title='bbox 1519 1787 1531 1822; x_wconf 91' lang='lat'>:</span> <span class='ocrx_word' id='word_1_132' title='bbox 1571 1789 1587 1820; x_wconf 82' lang='grc' dir='ltr'><strong>ι</strong></span> <span class='ocrx_word' id='word_1_133' title='bbox 1618 1771 1770 1824; x_wconf 89' lang='lat' dir='ltr'><strong>Tunc</strong></span> <span class='ocrx_word' id='word_1_134' title='bbox 1791 1771 1894 1823; x_wconf 92' lang='lat' dir='ltr'><strong>erit</strong></span> <span class='ocrx_word' id='word_1_135' title='bbox 1933 1771 2085 1833; x_wconf 89' lang='lat' dir='ltr'><strong>illud,</strong></span> 
     </span>
    </p>
   </div>
   <div class='ocr_carea' id='block_1_21' title="bbox 528 1861 2086 1930">
    <p class='ocr_par' dir='ltr' id='par_1_21' title="bbox 528 1861 2086 1930">
     <span class='ocr_line' id='line_1_21' title="bbox 528 1861 2086 1930; baseline 0.002 -20"><span class='ocrx_word' id='word_1_136' title='bbox 528 1878 546 1910; x_wconf 81' lang='grc' dir='ltr'><strong>ι</strong></span> <span class='ocrx_word' id='word_1_137' title='bbox 595 1863 735 1928; x_wconf 91' lang='lat' dir='ltr'><strong>quod</strong></span> <span class='ocrx_word' id='word_1_138' title='bbox 782 1870 836 1915; x_wconf 91' lang='lat' dir='ltr'><strong>et</strong></span> <span class='ocrx_word' id='word_1_139' title='bbox 888 1862 1035 1930; x_wconf 90' lang='lat' dir='ltr'><strong>prius</strong></span> <span class='ocrx_word' id='word_1_140' title='bbox 1069 1861 1430 1915; x_wconf 79' lang='lat' dir='ltr'><strong>fueratzerat</strong></span> <span class='ocrx_word' id='word_1_141' title='bbox 1479 1872 1659 1913; x_wconf 88' lang='lat' dir='ltr'><strong>autem</strong></span> <span class='ocrx_word' id='word_1_142' title='bbox 1713 1861 1880 1924; x_wconf 85' lang='lat' dir='ltr'><strong>prius.</strong></span> <span class='ocrx_word' id='word_1_143' title='bbox 1933 1869 1989 1911; x_wconf 93' lang='lat' dir='ltr'><strong>ut</strong></span> <span class='ocrx_word' id='word_1_144' title='bbox 2033 1869 2086 1913; x_wconf 90' lang='lat' dir='ltr'><strong>et</strong></span> 
     </span>
    </p>
   </div>
   <div class='ocr_carea' id='block_1_22' title="bbox 526 1951 2084 2020">
    <p class='ocr_par' dir='ltr' id='par_1_22' title="bbox 526 1951 2084 2020">
     <span class='ocr_line' id='line_1_22' title="bbox 526 1951 2084 2020; baseline 0.002 -18"><span class='ocrx_word' id='word_1_145' title='bbox 526 1971 545 2002; x_wconf 78' lang='grc' dir='ltr'><strong>ι</strong></span> <span class='ocrx_word' id='word_1_146' title='bbox 598 1953 709 2018; x_wconf 90' lang='lat' dir='ltr'><strong>ipse</strong></span> <span class='ocrx_word' id='word_1_147' title='bbox 737 1967 953 2020; x_wconf 88' lang='lat' dir='ltr'><strong>quoque</strong></span> <span class='ocrx_word' id='word_1_148' title='bbox 983 1951 1209 2004; x_wconf 84' lang='lat' dir='ltr'><strong>allirmat</strong></span> <span class='ocrx_word' id='word_1_149' title='bbox 1241 1953 1292 2005; x_wconf 95' lang='lat' dir='ltr'><strong>in</strong></span> <span class='ocrx_word' id='word_1_150' title='bbox 1325 1953 1525 2020; x_wconf 88' lang='lat' dir='ltr'><strong>quiete.</strong></span> <span class='ocrx_word' id='word_1_151' title='bbox 1568 1951 1910 2006; x_wconf 88' lang='lat' dir='ltr'><strong>Conticescet.</strong></span> <span class='ocrx_word' id='word_1_152' title='bbox 1956 1965 2084 2018; x_wconf 75' lang='lat' dir='ltr'><strong>ergo</strong></span> 
     </span>
    </p>
   </div>
   <div class='ocr_carea' id='block_1_23' title="bbox 527 2043 2080 2112">
    <p class='ocr_par' dir='ltr' id='par_1_23' title="bbox 527 2043 2080 2112">
     <span class='ocr_line' id='line_1_23' title="bbox 527 2043 2080 2112; baseline 0.001 -20"><span class='ocrx_word' id='word_1_153' title='bbox 527 2062 544 2092; x_wconf 82' lang='grc' dir='ltr'><strong>ι</strong></span> <span class='ocrx_word' id='word_1_154' title='bbox 595 2044 760 2106; x_wconf 87' lang='lat' dir='ltr'><strong>Deus,</strong></span> <span class='ocrx_word' id='word_1_155' title='bbox 793 2060 888 2112; x_wconf 89' lang='lat' dir='ltr'><strong>per</strong></span> <span class='ocrx_word' id='word_1_156' title='bbox 912 2044 1045 2097; x_wconf 89' lang='lat' dir='ltr'><strong>illud</strong></span> <span class='ocrx_word' id='word_1_157' title='bbox 1079 2055 1306 2112; x_wconf 85' lang='lat' dir='ltr'><strong>tempus,</strong></span> <span class='ocrx_word' id='word_1_158' title='bbox 1333 2044 1423 2112; x_wconf 87' lang='lat' dir='ltr'><strong>qui</strong></span> <span class='ocrx_word' id='word_1_159' title='bbox 1459 2043 1610 2110; x_wconf 91' lang='lat' dir='ltr'><strong>prius</strong></span> <span class='ocrx_word' id='word_1_160' title='bbox 1643 2043 1820 2096; x_wconf 80' lang='lat' dir='ltr'><strong>fuerat</strong></span> <span class='ocrx_word' id='word_1_161' title='bbox 1851 2043 2080 2104; x_wconf 83' lang='lat' dir='ltr'><strong>locutus,</strong></span> 
     </span>
    </p>
   </div>
   <div class='ocr_carea' id='block_1_24' title="bbox 527 2133 2080 2200">
    <p class='ocr_par' dir='ltr' id='par_1_24' title="bbox 527 2133 2080 2200">
     <span class='ocr_line' id='line_1_24' title="bbox 527 2133 2080 2200; baseline 0.002 -18"><span class='ocrx_word' id='word_1_162' title='bbox 527 2152 545 2182; x_wconf 85' lang='grc' dir='ltr'><strong>ι</strong></span> <span class='ocrx_word' id='word_1_163' title='bbox 590 2144 645 2186; x_wconf 87' lang='lat' dir='ltr'><strong>et</strong></span> <span class='ocrx_word' id='word_1_164' title='bbox 679 2151 807 2187; x_wconf 88' lang='lat' dir='ltr'><strong>usus</strong></span> <span class='ocrx_word' id='word_1_165' title='bbox 857 2151 953 2188; x_wconf 91' lang='lat' dir='ltr'><strong>suo</strong></span> <span class='ocrx_word' id='word_1_166' title='bbox 986 2135 1161 2197; x_wconf 78' lang='lat' dir='ltr'><strong>Verbo</strong></span> <span class='ocrx_word' id='word_1_167' title='bbox 1212 2134 1511 2199; x_wconf 86' lang='lat' dir='ltr'><strong>operativo.</strong></span> <span class='ocrx_word' id='word_1_168' title='bbox 1544 2133 1612 2185; x_wconf 85' lang='lat' dir='ltr'><strong>At</strong></span> <span class='ocrx_word' id='word_1_169' title='bbox 1652 2141 1780 2184; x_wconf 90' lang='lat' dir='ltr'><strong>tunc</strong></span> <span class='ocrx_word' id='word_1_170' title='bbox 1829 2147 1924 2200; x_wconf 90' lang='lat' dir='ltr'><strong>per</strong></span> <span class='ocrx_word' id='word_1_171' title='bbox 1956 2148 2080 2198; x_wconf 92' lang='lat' dir='ltr'><strong>pro-</strong></span> 
     </span>
    </p>
   </div>
   <div class='ocr_carea' id='block_1_25' title="bbox 527 2221 2084 2292">
    <p class='ocr_par' dir='ltr' id='par_1_25' title="bbox 527 2221 2084 2292">
     <span class='ocr_line' id='line_1_25' title="bbox 527 2221 2084 2292; baseline 0.002 -20"><span class='ocrx_word' id='word_1_172' title='bbox 527 2241 545 2272; x_wconf 80' lang='grc' dir='ltr'><strong>ι</strong></span> <span class='ocrx_word' id='word_1_173' title='bbox 595 2225 815 2277; x_wconf 81' lang='lat' dir='ltr'><strong>missum</strong></span> <span class='ocrx_word' id='word_1_174' title='bbox 845 2224 976 2276; x_wconf 88' lang='lat' dir='ltr'><strong>illud</strong></span> <span class='ocrx_word' id='word_1_175' title='bbox 1009 2223 1272 2277; x_wconf 73' lang='lat' dir='ltr'><strong>cmlorum</strong></span> <span class='ocrx_word' id='word_1_176' title='bbox 1299 2239 1542 2292; x_wconf 82' lang='lat' dir='ltr'><strong>regnum.</strong></span> <span class='ocrx_word' id='word_1_177' title='bbox 1577 2223 1797 2291; x_wconf 88' lang='lat' dir='ltr'><strong>proprio</strong></span> <span class='ocrx_word' id='word_1_178' title='bbox 1825 2239 1921 2276; x_wconf 90' lang='lat' dir='ltr'><strong>suo</strong></span> <span class='ocrx_word' id='word_1_179' title='bbox 1950 2221 2084 2275; x_wconf 83' lang='lat' dir='ltr'><strong>Ver-</strong></span> 
     </span>
    </p>
   </div>
   <div class='ocr_carea' id='block_1_26' title="bbox 526 2312 2084 2382">
    <p class='ocr_par' dir='ltr' id='par_1_26' title="bbox 526 2312 2084 2382">
     <span class='ocr_line' id='line_1_26' title="bbox 526 2312 2084 2382; baseline 0.003 -21"><span class='ocrx_word' id='word_1_180' title='bbox 526 2332 543 2361; x_wconf 81' lang='grc' dir='ltr'><strong>ι</strong></span> <span class='ocrx_word' id='word_1_181' title='bbox 594 2312 683 2375; x_wconf 89' lang='lat' dir='ltr'><strong>bo,</strong></span> <span class='ocrx_word' id='word_1_182' title='bbox 733 2322 789 2364; x_wconf 90' lang='lat' dir='ltr'><strong>et</strong></span> <span class='ocrx_word' id='word_1_183' title='bbox 839 2313 982 2366; x_wconf 90' lang='lat' dir='ltr'><strong>omni</strong></span> <span class='ocrx_word' id='word_1_184' title='bbox 1021 2327 1140 2381; x_wconf 73' lang='lat' dir='ltr'><strong>qua:</strong></span> <span class='ocrx_word' id='word_1_185' title='bbox 1174 2313 1227 2366; x_wconf 93' lang='lat' dir='ltr'><strong>in</strong></span> <span class='ocrx_word' id='word_1_186' title='bbox 1272 2313 1365 2366; x_wconf 91' lang='lat' dir='ltr'><strong>illo</strong></span> <span class='ocrx_word' id='word_1_187' title='bbox 1394 2314 1497 2367; x_wconf 88' lang='lat' dir='ltr'><strong>sita</strong></span> <span class='ocrx_word' id='word_1_188' title='bbox 1528 2323 1610 2366; x_wconf 88' lang='lat' dir='ltr'><strong>est</strong></span> <span class='ocrx_word' id='word_1_189' title='bbox 1639 2314 1928 2382; x_wconf 84' lang='lat' dir='ltr'><strong>sapientia,</strong></span> <span class='ocrx_word' id='word_1_190' title='bbox 1958 2329 2084 2366; x_wconf 87' lang='lat' dir='ltr'><strong>san-</strong></span> 
     </span>
    </p>
   </div>
   <div class='ocr_carea' id='block_1_27' title="bbox 527 2403 2080 2472">
    <p class='ocr_par' dir='ltr' id='par_1_27' title="bbox 527 2403 2080 2472">
     <span class='ocr_line' id='line_1_27' title="bbox 527 2403 2080 2472; baseline 0.003 -20"><span class='ocrx_word' id='word_1_191' title='bbox 527 2421 544 2452; x_wconf 77' lang='grc' dir='ltr'><strong>ι</strong></span> <span class='ocrx_word' id='word_1_192' title='bbox 595 2412 712 2456; x_wconf 91' lang='lat' dir='ltr'><strong>ctos</strong></span> <span class='ocrx_word' id='word_1_193' title='bbox 757 2418 884 2457; x_wconf 84' lang='lat' dir='ltr'><strong>suos</strong></span> <span class='ocrx_word' id='word_1_194' title='bbox 923 2403 1138 2471; x_wconf 81' lang='lat' dir='ltr'><strong>penitus</strong></span> <span class='ocrx_word' id='word_1_195' title='bbox 1189 2404 1496 2472; x_wconf 89' lang='lat' dir='ltr'><strong>privaturus</strong></span> <span class='ocrx_word' id='word_1_196' title='bbox 1538 2413 1643 2457; x_wconf 87' lang='lat' dir='ltr'><strong>est.</strong></span> <span class='ocrx_word' id='word_1_197' title='bbox 1679 2423 1696 2455; x_wconf 76' lang='grc' dir='ltr'><strong>ι</strong></span> <span class='ocrx_word' id='word_1_198' title='bbox 1730 2404 1870 2458; x_wconf 86' lang='lat' dir='ltr'><strong>Ecce</strong></span> <span class='ocrx_word' id='word_1_199' title='bbox 1902 2415 2080 2458; x_wconf 88' lang='lat' dir='ltr'><strong>autem</strong></span> 
     </span>
    </p>
   </div>
   <div class='ocr_carea' id='block_1_28' title="bbox 520 2493 2080 2563">
    <p class='ocr_par' dir='ltr' id='par_1_28' title="bbox 520 2493 2080 2563">
     <span class='ocr_line' id='line_1_28' title="bbox 520 2493 2080 2563; baseline 0.001 -17"><span class='ocrx_word' id='word_1_200' title='bbox 520 2495 571 2548; x_wconf 92' lang='lat' dir='ltr'><strong>in</strong></span> <span class='ocrx_word' id='word_1_201' title='bbox 598 2493 880 2563; x_wconf 79' lang='lat' dir='ltr'><strong>qnalenam</strong></span> <span class='ocrx_word' id='word_1_202' title='bbox 915 2509 973 2546; x_wconf 89' lang='lat' dir='ltr'><strong>se</strong></span> <span class='ocrx_word' id='word_1_203' title='bbox 999 2495 1354 2562; x_wconf 61' lang='lat' dir='ltr'><strong>praecipitium</strong></span> <span class='ocrx_word' id='word_1_204' title='bbox 1384 2493 1614 2559; x_wconf 84' lang='lat' dir='ltr'><strong>dederit,</strong></span> <span class='ocrx_word' id='word_1_205' title='bbox 1643 2493 1770 2548; x_wconf 84' lang='lat' dir='ltr'><strong>dum</strong></span> <span class='ocrx_word' id='word_1_206' title='bbox 1810 2495 2080 2548; x_wconf 91' lang='lat' dir='ltr'><strong>neminem</strong></span> 
     </span>
    </p>
   </div>
   <div class='ocr_carea' id='block_1_29' title="bbox 518 2585 2082 2653">
    <p class='ocr_par' dir='ltr' id='par_1_29' title="bbox 518 2585 2082 2653">
     <span class='ocr_line' id='line_1_29' title="bbox 518 2585 2082 2653; baseline 0 -15"><span class='ocrx_word' id='word_1_207' title='bbox 518 2585 621 2638; x_wconf 86' lang='lat' dir='ltr'><strong>sibi</strong></span> <span class='ocrx_word' id='word_1_208' title='bbox 651 2586 872 2639; x_wconf 82' lang='lat' dir='ltr'><strong>adhibet</strong></span> <span class='ocrx_word' id='word_1_209' title='bbox 915 2587 1356 2639; x_wconf 84' lang='lat' dir='ltr'><strong>Inanuductorem</strong></span> <span class='ocrx_word' id='word_1_210' title='bbox 1386 2603 1399 2639; x_wconf 92' lang='lat'><strong>:</strong></span> <span class='ocrx_word' id='word_1_211' title='bbox 1435 2600 1534 2639; x_wconf 91' lang='lat' dir='ltr'><strong>nec</strong></span> <span class='ocrx_word' id='word_1_212' title='bbox 1564 2587 1791 2638; x_wconf 72' lang='lat' dir='ltr'><strong>advocat</strong></span> <span class='ocrx_word' id='word_1_213' title='bbox 1840 2585 2082 2653; x_wconf 82' lang='lat' dir='ltr'><strong>Scriptu-</strong></span> 
     </span>
    </p>
   </div>
   <div class='ocr_carea' id='block_1_30' title="bbox 519 2674 2082 2744">
    <p class='ocr_par' dir='ltr' id='par_1_30' title="bbox 519 2674 2082 2744">
     <span class='ocr_line' id='line_1_30' title="bbox 519 2674 2082 2744; baseline 0.002 -17"><span class='ocrx_word' id='word_1_214' title='bbox 519 2691 608 2728; x_wconf 90' lang='lat' dir='ltr'><strong>ras</strong></span> <span class='ocrx_word' id='word_1_215' title='bbox 641 2676 693 2728; x_wconf 91' lang='lat' dir='ltr'><strong>in</strong></span> <span class='ocrx_word' id='word_1_216' title='bbox 734 2675 1037 2728; x_wconf 84' lang='lat' dir='ltr'><strong>consilium.</strong></span> <span class='ocrx_word' id='word_1_217' title='bbox 1079 2674 1210 2728; x_wconf 82' lang='lat' dir='ltr'><strong>Nam</strong></span> <span class='ocrx_word' id='word_1_218' title='bbox 1250 2677 1361 2729; x_wconf 48' lang='lat' dir='ltr'><strong>haec</strong></span> <span class='ocrx_word' id='word_1_219' title='bbox 1396 2677 1574 2730; x_wconf 89' lang='lat' dir='ltr'><strong>onmia</strong></span> <span class='ocrx_word' id='word_1_220' title='bbox 1619 2678 1730 2744; x_wconf 88' lang='lat' dir='ltr'><strong>ipse</strong></span> <span class='ocrx_word' id='word_1_221' title='bbox 1771 2677 1870 2729; x_wconf 90' lang='lat' dir='ltr'><strong>sibi</strong></span> <span class='ocrx_word' id='word_1_222' title='bbox 1915 2676 2082 2730; x_wconf 80' lang='lat' dir='ltr'><strong>fabri-</strong></span> 
     </span>
    </p>
   </div>
   <div class='ocr_carea' id='block_1_31' title="bbox 515 2765 2076 2835">
    <p class='ocr_par' dir='ltr' id='par_1_31' title="bbox 515 2765 2076 2835">
     <span class='ocr_line' id='line_1_31' title="bbox 515 2765 2076 2835; baseline 0.004 -20"><span class='ocrx_word' id='word_1_223' title='bbox 515 2775 635 2817; x_wconf 83' lang='lat' dir='ltr'><strong>cata</strong></span> <span class='ocrx_word' id='word_1_224' title='bbox 668 2765 882 2834; x_wconf 74' lang='lat' dir='ltr'><strong>Cullt‘git</strong></span> <span class='ocrx_word' id='word_1_225' title='bbox 917 2767 983 2818; x_wconf 89' lang='lat' dir='ltr'><strong>de</strong></span> <span class='ocrx_word' id='word_1_226' title='bbox 1018 2781 1121 2819; x_wconf 89' lang='lat' dir='ltr'><strong>una</strong></span> <span class='ocrx_word' id='word_1_227' title='bbox 1154 2782 1288 2820; x_wconf 82' lang='lat' dir='ltr'><strong>voce</strong></span> <span class='ocrx_word' id='word_1_228' title='bbox 1320 2781 1597 2835; x_wconf 80' lang='lat' dir='ltr'><strong>perperam</strong></span> <span class='ocrx_word' id='word_1_229' title='bbox 1622 2767 1914 2820; x_wconf 83' lang='lat' dir='ltr'><strong>intellecta.</strong></span> <span class='ocrx_word' id='word_1_230' title='bbox 1946 2766 2076 2821; x_wconf 78' lang='lat' dir='ltr'><strong>Nam</strong></span> 
     </span>
    </p>
   </div>
   <div class='ocr_carea' id='block_1_32' title="bbox 2197 505 3765 582">
    <p class='ocr_par' dir='ltr' id='par_1_32' title="bbox 2197 505 3765 582">
     <span class='ocr_line' id='line_1_32' title="bbox 2197 505 3765 582; baseline -0.001 -20"><span class='ocrx_word' id='word_1_231' title='bbox 2197 511 2287 563; x_wconf 79' lang='grc' dir='ltr'><strong>τὸν</strong></span> <span class='ocrx_word' id='word_1_232' title='bbox 2313 511 2410 580; x_wconf 77' lang='grc' dir='ltr'>τῆς</span> <span class='ocrx_word' id='word_1_233' title='bbox 2444 511 2675 582; x_wconf 83' lang='grc' dir='ltr'>κρίσεως</span> <span class='ocrx_word' id='word_1_234' title='bbox 2725 511 2934 582; x_wconf 77' lang='grc' dir='ltr'>καιρὸν,</span> <span class='ocrx_word' id='word_1_235' title='bbox 2968 510 3055 562; x_wconf 78' lang='grc' dir='ltr'>διὰ</span> <span class='ocrx_word' id='word_1_236' title='bbox 3084 509 3136 561; x_wconf 88' lang='grc' dir='ltr'><strong>τί</strong></span> <span class='ocrx_word' id='word_1_237' title='bbox 3180 507 3254 578; x_wconf 80' lang='grc' dir='ltr'>μὴ</span> <span class='ocrx_word' id='word_1_238' title='bbox 3295 508 3578 577; x_wconf 75' lang='grc' dir='ltr'><strong>ἐνεργήσει</strong></span> <span class='ocrx_word' id='word_1_239' title='bbox 3609 509 3637 560; x_wconf 86' lang='grc' dir='ltr'><strong>ό</strong></span> <span class='ocrx_word' id='word_1_240' title='bbox 3667 505 3765 560; x_wconf 77' lang='grc' dir='ltr'><strong>τοῦ</strong></span> 
     </span>
    </p>
   </div>
   <div class='ocr_carea' id='block_1_33' title="bbox 2197 597 3764 670">
    <p class='ocr_par' dir='ltr' id='par_1_33' title="bbox 2197 597 3764 670">
     <span class='ocr_line' id='line_1_33' title="bbox 2197 597 3764 670; baseline -0.001 -18"><span class='ocrx_word' id='word_1_241' title='bbox 2197 600 2329 653; x_wconf 83' lang='grc' dir='ltr'>Θεοῦ</span> <span class='ocrx_word' id='word_1_242' title='bbox 2366 603 2536 670; x_wconf 84' lang='grc' dir='ltr'>Λόγος</span> <span class='ocrx_word' id='word_1_243' title='bbox 2571 603 2663 654; x_wconf 72' lang='grc' dir='ltr'><strong>καὶ</strong></span> <span class='ocrx_word' id='word_1_244' title='bbox 2689 601 2838 665; x_wconf 84' lang='grc' dir='ltr'>τότε;</span> <span class='ocrx_word' id='word_1_245' title='bbox 2869 601 3038 653; x_wconf 84' lang='grc' dir='ltr'>Πόθεν</span> <span class='ocrx_word' id='word_1_246' title='bbox 3081 599 3138 651; x_wconf 80' lang='grc' dir='ltr'>δὲ</span> <span class='ocrx_word' id='word_1_247' title='bbox 3171 597 3472 667; x_wconf 77' lang='grc' dir='ltr'><strong>Μαρκέλλῳ</strong></span> <span class='ocrx_word' id='word_1_248' title='bbox 3517 597 3764 668; x_wconf 80' lang='grc' dir='ltr'><strong>παρέστη</strong></span> 
     </span>
    </p>
   </div>
   <div class='ocr_carea' id='block_1_34' title="bbox 2196 687 3765 762">
    <p class='ocr_par' dir='ltr' id='par_1_34' title="bbox 2196 687 3765 762">
     <span class='ocr_line' id='line_1_34' title="bbox 2196 687 3765 762; baseline -0.003 -18"><span class='ocrx_word' id='word_1_249' title='bbox 2196 693 2598 762; x_wconf 74' lang='grc' dir='ltr'><strong>ἀποφήνασθαι,</strong></span> <span class='ocrx_word' id='word_1_250' title='bbox 2625 695 2705 746; x_wconf 81' lang='grc' dir='ltr'><strong>ὅτι</strong></span> <span class='ocrx_word' id='word_1_251' title='bbox 2737 694 2835 746; x_wconf 83' lang='grc' dir='ltr'><strong>οὐκ</strong></span> <span class='ocrx_word' id='word_1_252' title='bbox 2872 693 2952 744; x_wconf 76' lang='grc' dir='ltr'>ἔτι</span> <span class='ocrx_word' id='word_1_253' title='bbox 2976 691 3201 761; x_wconf 76' lang='grc' dir='ltr'><strong>λαλήσει</strong></span> <span class='ocrx_word' id='word_1_254' title='bbox 3236 692 3350 751; x_wconf 84' lang='grc' dir='ltr'>τοῖς</span> <span class='ocrx_word' id='word_1_255' title='bbox 3373 690 3549 756; x_wconf 82' lang='grc' dir='ltr'><strong>ἁγίοις</strong></span> <span class='ocrx_word' id='word_1_256' title='bbox 3581 687 3765 751; x_wconf 69' lang='grc' dir='ltr'>όΘεὺς</span> 
     </span>
    </p>
   </div>
   <div class='ocr_carea' id='block_1_35' title="bbox 2194 778 3765 854">
    <p class='ocr_par' dir='ltr' id='par_1_35' title="bbox 2194 778 3765 854">
     <span class='ocr_line' id='line_1_35' title="bbox 2194 778 3765 854; baseline -0.003 -20"><span class='ocrx_word' id='word_1_257' title='bbox 2194 782 2334 845; x_wconf 85' lang='grc' dir='ltr'>τότε,</span> <span class='ocrx_word' id='word_1_258' title='bbox 2367 784 2484 837; x_wconf 70' lang='grc' dir='ltr'>οὐδὲ</span> <span class='ocrx_word' id='word_1_259' title='bbox 2527 789 2786 854; x_wconf 73' lang='grc' dir='ltr'>χρήσεται</span> <span class='ocrx_word' id='word_1_260' title='bbox 2834 781 3039 852; x_wconf 71' lang='grc' dir='ltr'>ἐνεργῷ</span> <span class='ocrx_word' id='word_1_261' title='bbox 3071 779 3149 850; x_wconf 79' lang='grc' dir='ltr'>τῷ</span> <span class='ocrx_word' id='word_1_262' title='bbox 3201 779 3366 833; x_wconf 79' lang='grc' dir='ltr'>αὐτοῦ</span> <span class='ocrx_word' id='word_1_263' title='bbox 3414 779 3592 848; x_wconf 83' lang='grc' dir='ltr'>Λόγῳ,</span> <span class='ocrx_word' id='word_1_264' title='bbox 3642 778 3765 830; x_wconf 82' lang='grc' dir='ltr'>ἀλλ’</span> 
     </span>
    </p>
   </div>
   <div class='ocr_carea' id='block_1_36' title="bbox 2195 869 3760 944">
    <p class='ocr_par' dir='ltr' id='par_1_36' title="bbox 2195 869 3760 944">
     <span class='ocr_line' id='line_1_36' title="bbox 2195 869 3760 944; baseline -0.003 -20"><span class='ocrx_word' id='word_1_265' title='bbox 2195 872 2367 936; x_wconf 81' lang='grc' dir='ltr'>ἔσται,</span> <span class='ocrx_word' id='word_1_266' title='bbox 2388 873 2460 933; x_wconf 80' lang='grc' dir='ltr'>ὡς</span> <span class='ocrx_word' id='word_1_267' title='bbox 2492 875 2584 927; x_wconf 77' lang='grc' dir='ltr'><strong>καὶ</strong></span> <span class='ocrx_word' id='word_1_268' title='bbox 2613 875 2876 944; x_wconf 79' lang='grc' dir='ltr'>πρότερον</span> <span class='ocrx_word' id='word_1_269' title='bbox 2907 869 2996 944; x_wconf 74' lang='grc' dir='ltr'>ἦν,</span> <span class='ocrx_word' id='word_1_270' title='bbox 3029 874 3087 924; x_wconf 80' lang='grc' dir='ltr'>ὲν</span> <span class='ocrx_word' id='word_1_271' title='bbox 3116 871 3283 940; x_wconf 79' lang='grc' dir='ltr'>αὐτῷ,</span> <span class='ocrx_word' id='word_1_272' title='bbox 3314 869 3533 922; x_wconf 82' lang='grc' dir='ltr'>σιωπῶν</span> <span class='ocrx_word' id='word_1_273' title='bbox 3558 869 3760 939; x_wconf 78' lang='grc' dir='ltr'>δηλαδὴ</span> 
     </span>
    </p>
   </div>
   <div class='ocr_carea' id='block_1_37' title="bbox 2194 960 3760 1034">
    <p class='ocr_par' dir='ltr' id='par_1_37' title="bbox 2194 960 3760 1034">
     <span class='ocr_line' id='line_1_37' title="bbox 2194 960 3760 1034; baseline 0.007 -20"><span class='ocrx_word' id='word_1_274' title='bbox 2194 964 2286 1014; x_wconf 70' lang='grc' dir='ltr'><strong>καὶ</strong></span> <span class='ocrx_word' id='word_1_275' title='bbox 2311 963 2630 1032; x_wconf 77' lang='grc' dir='ltr'>ἡσυχάζων;</span> <span class='ocrx_word' id='word_1_276' title='bbox 2666 964 2833 1016; x_wconf 88' lang='grc' dir='ltr'>Τοῦτο</span> <span class='ocrx_word' id='word_1_277' title='bbox 2865 965 2972 1034; x_wconf 70' lang='grc' dir='ltr'>γὰρ</span> <span class='ocrx_word' id='word_1_278' title='bbox 3005 963 3238 1032; x_wconf 78' lang='grc' dir='ltr'>παρίστη</span> <span class='ocrx_word' id='word_1_279' title='bbox 3280 961 3536 1024; x_wconf 79' lang='grc' dir='ltr'>πολλάκις</span> <span class='ocrx_word' id='word_1_280' title='bbox 3567 960 3760 1024; x_wconf 60' lang='grc' dir='ltr'><strong>εἰπεῖν),</strong></span> 
     </span>
    </p>
   </div>
   <div class='ocr_carea' id='block_1_38' title="bbox 2191 1047 3762 1122">
    <p class='ocr_par' dir='ltr' id='par_1_38' title="bbox 2191 1047 3762 1122">
     <span class='ocr_line' id='line_1_38' title="bbox 2191 1047 3762 1122; baseline -0.001 -19"><span class='ocrx_word' id='word_1_281' title='bbox 2191 1053 2310 1104; x_wconf 87' lang='grc' dir='ltr'>τότε</span> <span class='ocrx_word' id='word_1_282' title='bbox 2342 1053 2558 1106; x_wconf 75' lang='grc' dir='ltr'>ἔσεσθαι</span> <span class='ocrx_word' id='word_1_283' title='bbox 2607 1055 2765 1107; x_wconf 72' lang='grc' dir='ltr'>αὑτὸν</span> <span class='ocrx_word' id='word_1_284' title='bbox 2787 1057 2862 1117; x_wconf 82' lang='grc' dir='ltr'>ὡς</span> <span class='ocrx_word' id='word_1_285' title='bbox 2895 1053 3268 1122; x_wconf 75' lang='grc' dir='ltr'>καὶπρότερον</span> <span class='ocrx_word' id='word_1_286' title='bbox 3308 1048 3374 1122; x_wconf 74' lang='grc' dir='ltr'>ἦν</span> <span class='ocrx_word' id='word_1_287' title='bbox 3399 1069 3412 1080; x_wconf 78' lang='grc'><strong><em>⁸</em></strong></span> <span class='ocrx_word' id='word_1_288' title='bbox 3438 1047 3506 1121; x_wconf 83' lang='grc' dir='ltr'>ἦν</span> <span class='ocrx_word' id='word_1_289' title='bbox 3534 1051 3590 1103; x_wconf 83' lang='grc' dir='ltr'>δὲ</span> <span class='ocrx_word' id='word_1_290' title='bbox 3625 1051 3762 1120; x_wconf 87' lang='grc' dir='ltr'>πρό-</span> 
     </span>
    </p>
   </div>
   <div class='ocr_carea' id='block_1_39' title="bbox 2191 1141 3763 1216">
    <p class='ocr_par' dir='ltr' id='par_1_39' title="bbox 2191 1141 3763 1216">
     <span class='ocr_line' id='line_1_39' title="bbox 2191 1141 3763 1216; baseline -0.001 -22"><span class='ocrx_word' id='word_1_291' title='bbox 2191 1160 2366 1213; x_wconf 84' lang='grc' dir='ltr'>τερον,</span> <span class='ocrx_word' id='word_1_292' title='bbox 2401 1144 2476 1206; x_wconf 80' lang='grc' dir='ltr'>ὡς</span> <span class='ocrx_word' id='word_1_293' title='bbox 2504 1145 2663 1207; x_wconf 79' lang='grc' dir='ltr'>αὐτὸς</span> <span class='ocrx_word' id='word_1_294' title='bbox 2696 1146 2820 1216; x_wconf 69' lang='grc' dir='ltr'>ἔφη,</span> <span class='ocrx_word' id='word_1_295' title='bbox 2845 1146 2903 1196; x_wconf 72' lang='grc' dir='ltr'><strong>ἐν</strong></span> <span class='ocrx_word' id='word_1_296' title='bbox 2940 1143 3153 1213; x_wconf 79' lang='grc' dir='ltr'>ἡσυχία.</span> <span class='ocrx_word' id='word_1_297' title='bbox 3201 1142 3409 1195; x_wconf 80' lang='grc' dir='ltr'>Οὐκοῦν</span> <span class='ocrx_word' id='word_1_298' title='bbox 3445 1141 3763 1211; x_wconf 58' lang='grc' dir='ltr'>ἀποσιωπήιέ</span> 
     </span>
    </p>
   </div>
   <div class='ocr_carea' id='block_1_40' title="bbox 2193 1230 3759 1304">
    <p class='ocr_par' dir='ltr' id='par_1_40' title="bbox 2193 1230 3759 1304">
     <span class='ocr_line' id='line_1_40' title="bbox 2193 1230 3759 1304; baseline -0.001 -21"><span class='ocrx_word' id='word_1_299' title='bbox 2193 1247 2276 1284; x_wconf 85' lang='grc' dir='ltr'><strong>σει</strong></span> <span class='ocrx_word' id='word_1_300' title='bbox 2304 1234 2422 1285; x_wconf 85' lang='grc' dir='ltr'>τότε</span> <span class='ocrx_word' id='word_1_301' title='bbox 2453 1235 2482 1285; x_wconf 89' lang='grc' dir='ltr'><strong>ό</strong></span> <span class='ocrx_word' id='word_1_302' title='bbox 2519 1234 2672 1296; x_wconf 84' lang='grc' dir='ltr'>Θεὸς,</span> <span class='ocrx_word' id='word_1_303' title='bbox 2724 1234 2830 1304; x_wconf 83' lang='grc' dir='ltr'>πρὸ</span> <span class='ocrx_word' id='word_1_304' title='bbox 2860 1235 3047 1286; x_wconf 84' lang='grc' dir='ltr'>τούτου</span> <span class='ocrx_word' id='word_1_305' title='bbox 3079 1233 3178 1302; x_wconf 83' lang='grc' dir='ltr'>μὲν</span> <span class='ocrx_word' id='word_1_306' title='bbox 3213 1232 3409 1294; x_wconf 81' lang='grc' dir='ltr'>λαλῶν,</span> <span class='ocrx_word' id='word_1_307' title='bbox 3438 1233 3530 1284; x_wconf 76' lang='grc' dir='ltr'>καὶ</span> <span class='ocrx_word' id='word_1_308' title='bbox 3549 1230 3626 1300; x_wconf 82' lang='grc' dir='ltr'>τῷ</span> <span class='ocrx_word' id='word_1_309' title='bbox 3657 1231 3759 1294; x_wconf 66' lang='lat' dir='ltr'><strong>A6-</strong></span> 
     </span>
    </p>
   </div>
   <div class='ocr_carea' id='block_1_41' title="bbox 2191 1321 3758 1394">
    <p class='ocr_par' dir='ltr' id='par_1_41' title="bbox 2191 1321 3758 1394">
     <span class='ocr_line' id='line_1_41' title="bbox 2191 1321 3758 1394; baseline -0.001 -20"><span class='ocrx_word' id='word_1_310' title='bbox 2191 1341 2272 1392; x_wconf 83' lang='grc' dir='ltr'>γῳ</span> <span class='ocrx_word' id='word_1_311' title='bbox 2299 1324 2832 1394; x_wconf 82' lang='grc' dir='ltr'>χρώμενοςὲνεργῷ,</span> <span class='ocrx_word' id='word_1_312' title='bbox 2860 1325 2981 1377; x_wconf 90' lang='grc' dir='ltr'>τότε</span> <span class='ocrx_word' id='word_1_313' title='bbox 3035 1325 3092 1376; x_wconf 85' lang='grc' dir='ltr'>δὲ</span> <span class='ocrx_word' id='word_1_314' title='bbox 3133 1325 3252 1376; x_wconf 78' lang='grc' dir='ltr'>κατ’</span> <span class='ocrx_word' id='word_1_315' title='bbox 3297 1324 3464 1392; x_wconf 77' lang='grc' dir='ltr'>αὐτὴν</span> <span class='ocrx_word' id='word_1_316' title='bbox 3511 1321 3618 1392; x_wconf 80' lang='grc'><strong>(15)</strong></span> <span class='ocrx_word' id='word_1_317' title='bbox 3653 1321 3758 1390; x_wconf 74' lang='grc' dir='ltr'>τὴν</span> 
     </span>
    </p>
   </div>
   <div class='ocr_carea' id='block_1_42' title="bbox 2191 1412 3755 1483">
    <p class='ocr_par' dir='ltr' id='par_1_42' title="bbox 2191 1412 3755 1483">
     <span class='ocr_line' id='line_1_42' title="bbox 2191 1412 3755 1483; baseline -0.001 -20"><span class='ocrx_word' id='word_1_318' title='bbox 2191 1413 2601 1483; x_wconf 77' lang='grc' dir='ltr'><strong>ἐπηγγελμένην</strong></span> <span class='ocrx_word' id='word_1_319' title='bbox 2630 1414 2898 1483; x_wconf 83' lang='grc' dir='ltr'>βασιλείαν</span> <span class='ocrx_word' id='word_1_320' title='bbox 2928 1415 3170 1482; x_wconf 74' lang='grc' dir='ltr'>οὐρανῶν</span> <span class='ocrx_word' id='word_1_321' title='bbox 3205 1414 3299 1466; x_wconf 84' lang='grc' dir='ltr'><strong>τοῦ</strong></span> <span class='ocrx_word' id='word_1_322' title='bbox 3337 1414 3535 1466; x_wconf 75' lang='grc' dir='ltr'>οἰκείου</span> <span class='ocrx_word' id='word_1_323' title='bbox 3579 1412 3755 1478; x_wconf 84' lang='grc' dir='ltr'>Λόγου</span> 
     </span>
    </p>
   </div>
   <div class='ocr_carea' id='block_1_43' title="bbox 2192 1500 3750 1573">
    <p class='ocr_par' dir='ltr' id='par_1_43' title="bbox 2192 1500 3750 1573">
     <span class='ocr_line' id='line_1_43' title="bbox 2192 1500 3750 1573; baseline -0.001 -19"><span class='ocrx_word' id='word_1_324' title='bbox 2192 1503 2284 1555; x_wconf 73' lang='grc' dir='ltr'><strong>καὶ</strong></span> <span class='ocrx_word' id='word_1_325' title='bbox 2312 1504 2411 1570; x_wconf 79' lang='grc' dir='ltr'><strong>τῆς</strong></span> <span class='ocrx_word' id='word_1_326' title='bbox 2433 1505 2491 1554; x_wconf 85' lang='grc' dir='ltr'><strong>ὲν</strong></span> <span class='ocrx_word' id='word_1_327' title='bbox 2530 1503 2675 1573; x_wconf 73' lang='grc' dir='ltr'>αὐτῷ</span> <span class='ocrx_word' id='word_1_328' title='bbox 2701 1503 2886 1572; x_wconf 72' lang='grc' dir='ltr'>σοφίας</span> <span class='ocrx_word' id='word_1_329' title='bbox 2921 1505 3236 1573; x_wconf 80' lang='grc' dir='ltr'>ἀποστερῶν</span> <span class='ocrx_word' id='word_1_330' title='bbox 3257 1507 3383 1566; x_wconf 76' lang='grc' dir='ltr'>τοὺς</span> <span class='ocrx_word' id='word_1_331' title='bbox 3412 1503 3594 1571; x_wconf 80' lang='grc' dir='ltr'>ἁγίους</span> <span class='ocrx_word' id='word_1_332' title='bbox 3641 1500 3750 1569; x_wconf 86' lang='grc'><strong>(16)</strong></span> 
     </span>
    </p>
   </div>
   <div class='ocr_carea' id='block_1_44' title="bbox 2190 1591 3753 1667">
    <p class='ocr_par' dir='ltr' id='par_1_44' title="bbox 2190 1591 3753 1667">
     <span class='ocr_line' id='line_1_44' title="bbox 2190 1591 3753 1667; baseline -0.001 -21"><span class='ocrx_word' id='word_1_333' title='bbox 2190 1593 2374 1646; x_wconf 74' lang='grc' dir='ltr'>αὐτοῦ.</span> <span class='ocrx_word' id='word_1_334' title='bbox 2435 1595 2594 1664; x_wconf 73' lang='grc' dir='ltr'>Ὁρᾷς</span> <span class='ocrx_word' id='word_1_335' title='bbox 2648 1599 2726 1658; x_wconf 81' lang='grc' dir='ltr'><strong>είς</strong></span> <span class='ocrx_word' id='word_1_336' title='bbox 2775 1591 2887 1650; x_wconf 75' lang='grc' dir='ltr'>οἷον</span> <span class='ocrx_word' id='word_1_337' title='bbox 2937 1597 3220 1667; x_wconf 77' lang='grc' dir='ltr'>κεχώρηκε</span> <span class='ocrx_word' id='word_1_338' title='bbox 3269 1596 3511 1667; x_wconf 81' lang='grc' dir='ltr'>κρημνὸν</span> <span class='ocrx_word' id='word_1_339' title='bbox 3568 1593 3753 1663; x_wconf 75' lang='grc' dir='ltr'>μηδενὶ</span> 
     </span>
    </p>
   </div>
   <div class='ocr_carea' id='block_1_45' title="bbox 2191 1683 3750 1756">
    <p class='ocr_par' dir='ltr' id='par_1_45' title="bbox 2191 1683 3750 1756">
     <span class='ocr_line' id='line_1_45' title="bbox 2191 1683 3750 1756; baseline 0 -22"><span class='ocrx_word' id='word_1_340' title='bbox 2191 1683 2512 1754; x_wconf 81' lang='grc' dir='ltr'>χειραγωγῷ</span> <span class='ocrx_word' id='word_1_341' title='bbox 2566 1687 2928 1756; x_wconf 80' lang='grc' dir='ltr'>χρησάμενος,</span> <span class='ocrx_word' id='word_1_342' title='bbox 2965 1687 3096 1756; x_wconf 81' lang='grc' dir='ltr'>μηδὲ</span> <span class='ocrx_word' id='word_1_343' title='bbox 3127 1689 3246 1747; x_wconf 85' lang='grc' dir='ltr'>ταῖς</span> <span class='ocrx_word' id='word_1_344' title='bbox 3279 1685 3449 1746; x_wconf 74' lang='grc' dir='ltr'>θείαις</span> <span class='ocrx_word' id='word_1_345' title='bbox 3491 1684 3750 1754; x_wconf 73' lang='grc' dir='ltr'>Γραφατς.</span> 
     </span>
    </p>
   </div>
   <div class='ocr_carea' id='block_1_46' title="bbox 2122 1754 3751 1846">
    <p class='ocr_par' dir='ltr' id='par_1_46' title="bbox 2122 1754 3751 1846">
     <span class='ocr_line' id='line_1_46' title="bbox 2122 1754 3751 1846; baseline 0.001 -22"><span class='ocrx_word' id='word_1_346' title='bbox 2122 1754 2160 1808; x_wconf 74' lang='grc' dir='ltr'><strong>Β</strong></span> <span class='ocrx_word' id='word_1_347' title='bbox 2192 1773 2376 1825; x_wconf 82' lang='grc' dir='ltr'>Ταῦτα</span> <span class='ocrx_word' id='word_1_348' title='bbox 2402 1774 2531 1842; x_wconf 71' lang='grc' dir='ltr'>γοῦν</span> <span class='ocrx_word' id='word_1_349' title='bbox 2560 1776 2733 1828; x_wconf 82' lang='grc' dir='ltr'>πάντα</span> <span class='ocrx_word' id='word_1_350' title='bbox 2753 1754 2870 1830; x_wconf 82' lang='grc' dir='ltr'><strong>ἀπό</strong></span> <span class='ocrx_word' id='word_1_351' title='bbox 2906 1754 3035 1846; x_wconf 63' lang='grc' dir='ltr'>μιᾶς</span> <span class='ocrx_word' id='word_1_352' title='bbox 3057 1776 3260 1844; x_wconf 71' lang='grc' dir='ltr'>φωνῆς,</span> <span class='ocrx_word' id='word_1_353' title='bbox 3290 1775 3356 1844; x_wconf 77' lang='grc' dir='ltr'>ἡν</span> <span class='ocrx_word' id='word_1_354' title='bbox 3386 1774 3458 1844; x_wconf 78' lang='grc' dir='ltr'>μὴ</span> <span class='ocrx_word' id='word_1_355' title='bbox 3480 1773 3751 1841; x_wconf 74' lang='grc' dir='ltr'>νενόηκεν,</span> 
     </span>
    </p>
   </div>
   <div class='ocr_carea' id='block_1_47' title="bbox 2192 1863 3753 1937">
    <p class='ocr_par' dir='ltr' id='par_1_47' title="bbox 2192 1863 3753 1937">
     <span class='ocr_line' id='line_1_47' title="bbox 2192 1863 3753 1937; baseline 0.006 -22"><span class='ocrx_word' id='word_1_356' title='bbox 2192 1865 2366 1934; x_wconf 80' lang='grc' dir='ltr'>ἑαυτῷ</span> <span class='ocrx_word' id='word_1_357' title='bbox 2391 1865 2697 1934; x_wconf 82' lang='grc' dir='ltr'>συνέθηκεν.</span> <span class='ocrx_word' id='word_1_358' title='bbox 2718 1867 2923 1920; x_wconf 73' lang='grc' dir='ltr'>Λύτίκα</span> <span class='ocrx_word' id='word_1_359' title='bbox 2945 1868 3196 1937; x_wconf 77' lang='grc' dir='ltr'>χωρήσας</span> <span class='ocrx_word' id='word_1_360' title='bbox 3217 1867 3308 1919; x_wconf 75' lang='grc' dir='ltr'><strong>ἐπὶ</strong></span> <span class='ocrx_word' id='word_1_361' title='bbox 3331 1866 3426 1926; x_wconf 81' lang='grc' dir='ltr'>τὰς</span> <span class='ocrx_word' id='word_1_362' title='bbox 3457 1863 3753 1928; x_wconf 76' lang='grc' dir='ltr'>ἀποδείξεις</span> 
     </span>
    </p>
   </div>
   <div class='ocr_carea' id='block_1_48' title="bbox 2191 1953 3754 2027">
    <p class='ocr_par' dir='ltr' id='par_1_48' title="bbox 2191 1953 3754 2027">
     <span class='ocr_line' id='line_1_48' title="bbox 2191 1953 3754 2027; baseline -0.002 -20"><span class='ocrx_word' id='word_1_363' title='bbox 2191 1955 2288 2024; x_wconf 75' lang='grc' dir='ltr'><strong>τῆς</strong></span> <span class='ocrx_word' id='word_1_364' title='bbox 2316 1956 2457 2018; x_wconf 75' lang='grc' dir='ltr'>Νέας</span> <span class='ocrx_word' id='word_1_365' title='bbox 2513 1957 2606 2009; x_wconf 85' lang='grc' dir='ltr'><strong>καί</strong></span> <span class='ocrx_word' id='word_1_366' title='bbox 2649 1957 2854 2026; x_wconf 78' lang='grc' dir='ltr'>Καινῆς</span> <span class='ocrx_word' id='word_1_367' title='bbox 2914 1957 3207 2027; x_wconf 79' lang='grc' dir='ltr'>Διαθηκης,</span> <span class='ocrx_word' id='word_1_368' title='bbox 3263 1955 3599 2024; x_wconf 83' lang='grc' dir='ltr'>πανταχόθεν</span> <span class='ocrx_word' id='word_1_369' title='bbox 3656 1953 3754 2023; x_wconf 81' lang='grc' dir='ltr'><strong>μὲν</strong></span> 
     </span>
    </p>
   </div>
   <div class='ocr_carea' id='block_1_49' title="bbox 2190 2043 3753 2119">
    <p class='ocr_par' dir='ltr' id='par_1_49' title="bbox 2190 2043 3753 2119">
     <span class='ocr_line' id='line_1_49' title="bbox 2190 2043 3753 2119; baseline -0.001 -22"><span class='ocrx_word' id='word_1_370' title='bbox 2190 2046 2450 2114; x_wconf 70' lang='grc' dir='ltr'>ἠλαύνετο</span> <span class='ocrx_word' id='word_1_371' title='bbox 2501 2048 3028 2119; x_wconf 82' lang='grc' dir='ltr'>στενοχωρούμενος·</span> <span class='ocrx_word' id='word_1_372' title='bbox 3085 2049 3212 2118; x_wconf 86' lang='grc' dir='ltr'>μίαν</span> <span class='ocrx_word' id='word_1_373' title='bbox 3263 2047 3319 2099; x_wconf 83' lang='grc' dir='ltr'>δὲ</span> <span class='ocrx_word' id='word_1_374' title='bbox 3370 2047 3537 2115; x_wconf 83' lang='grc' dir='ltr'>μόνην</span> <span class='ocrx_word' id='word_1_375' title='bbox 3581 2043 3753 2115; x_wconf 80' lang='grc' dir='ltr'>εὑρὼν</span> 
     </span>
    </p>
   </div>
   <div class='ocr_carea' id='block_1_50' title="bbox 2190 2134 3755 2207">
    <p class='ocr_par' dir='ltr' id='par_1_50' title="bbox 2190 2134 3755 2207">
     <span class='ocr_line' id='line_1_50' title="bbox 2190 2134 3755 2207; baseline -0.001 -21"><span class='ocrx_word' id='word_1_376' title='bbox 2190 2134 2330 2199; x_wconf 80' lang='grc' dir='ltr'>λέξιν</span> <span class='ocrx_word' id='word_1_377' title='bbox 2350 2139 2414 2205; x_wconf 84' lang='grc' dir='ltr'>τῇ</span> <span class='ocrx_word' id='word_1_378' title='bbox 2448 2137 2611 2190; x_wconf 72' lang='grc' dir='ltr'>αὐτοῦ</span> <span class='ocrx_word' id='word_1_379' title='bbox 2645 2155 2707 2189; x_wconf 91' lang='grc' dir='ltr'><strong>συ</strong></span> <span class='ocrx_word' id='word_1_380' title='bbox 2716 2137 3087 2207; x_wconf 78' lang='grc' dir='ltr'>μὸαλλομένην</span> <span class='ocrx_word' id='word_1_381' title='bbox 3111 2137 3417 2205; x_wconf 63' lang='grc' dir='ltr'>κακοδοξίᾳ,</span> <span class='ocrx_word' id='word_1_382' title='bbox 3444 2135 3632 2204; x_wconf 80' lang='grc' dir='ltr'>ὥσπερ</span> <span class='ocrx_word' id='word_1_383' title='bbox 3652 2134 3755 2184; x_wconf 73' lang='grc' dir='ltr'>τινὶ</span> 
     </span>
    </p>
   </div>
   <div class='ocr_carea' id='block_1_51' title="bbox 2191 2224 3752 2299">
    <p class='ocr_par' dir='ltr' id='par_1_51' title="bbox 2191 2224 3752 2299">
     <span class='ocr_line' id='line_1_51' title="bbox 2191 2224 3752 2299; baseline 0.002 -23"><span class='ocrx_word' id='word_1_384' title='bbox 2191 2226 2492 2296; x_wconf 84' lang='grc' dir='ltr'>περιτυχὼν</span> <span class='ocrx_word' id='word_1_385' title='bbox 2549 2227 2793 2299; x_wconf 82' lang='grc' dir='ltr'>ὲρμαίῳ,</span> <span class='ocrx_word' id='word_1_386' title='bbox 2847 2229 3018 2299; x_wconf 79' lang='grc' dir='ltr'>ταύτῃ</span> <span class='ocrx_word' id='word_1_387' title='bbox 3074 2229 3211 2298; x_wconf 81' lang='grc' dir='ltr'>μόνῃ</span> <span class='ocrx_word' id='word_1_388' title='bbox 3262 2227 3588 2295; x_wconf 78' lang='grc' dir='ltr'>συνεπλάκη,</span> <span class='ocrx_word' id='word_1_389' title='bbox 3647 2224 3752 2275; x_wconf 74' lang='grc' dir='ltr'>οὐδ’</span> 
     </span>
    </p>
   </div>
   <div class='ocr_carea' id='block_1_52' title="bbox 2189 2315 3751 2390">
    <p class='ocr_par' dir='ltr' id='par_1_52' title="bbox 2189 2315 3751 2390">
     <span class='ocr_line' id='line_1_52' title="bbox 2189 2315 3751 2390; baseline 0 -22"><span class='ocrx_word' id='word_1_390' title='bbox 2189 2317 2323 2388; x_wconf 75' lang='grc' dir='ltr'>αὑτῇ</span> <span class='ocrx_word' id='word_1_391' title='bbox 2359 2321 2422 2369; x_wconf 79' lang='grc' dir='ltr'>ὲκ</span> <span class='ocrx_word' id='word_1_392' title='bbox 2443 2317 2732 2388; x_wconf 81' lang='grc' dir='ltr'>προσώπου</span> <span class='ocrx_word' id='word_1_393' title='bbox 2751 2318 2847 2371; x_wconf 85' lang='grc' dir='ltr'><strong>τοῦ</strong></span> <span class='ocrx_word' id='word_1_394' title='bbox 2876 2320 3124 2390; x_wconf 73' lang='grc' dir='ltr'>Σωτῆρος</span> <span class='ocrx_word' id='word_1_395' title='bbox 3155 2321 3187 2388; x_wconf 71' lang='grc' dir='ltr'>ἡ</span> <span class='ocrx_word' id='word_1_396' title='bbox 3196 2319 3310 2388; x_wconf 84' lang='grc' dir='ltr'><strong>μῶν</strong></span> <span class='ocrx_word' id='word_1_397' title='bbox 3324 2319 3370 2370; x_wconf 89' lang='grc' dir='ltr'><strong>εί</strong></span> <span class='ocrx_word' id='word_1_398' title='bbox 3378 2336 3444 2388; x_wconf 82' lang='grc' dir='ltr'><strong>ρη</strong></span> <span class='ocrx_word' id='word_1_399' title='bbox 3455 2318 3611 2386; x_wconf 77' lang='grc' dir='ltr'>μένῃ,</span> <span class='ocrx_word' id='word_1_400' title='bbox 3637 2315 3751 2368; x_wconf 81' lang='grc' dir='ltr'>ἀλλ’</span> 
     </span>
    </p>
   </div>
   <div class='ocr_carea' id='block_1_53' title="bbox 2189 2405 3750 2480">
    <p class='ocr_par' dir='ltr' id='par_1_53' title="bbox 2189 2405 3750 2480">
     <span class='ocr_line' id='line_1_53' title="bbox 2189 2405 3750 2480; baseline -0.001 -21"><span class='ocrx_word' id='word_1_401' title='bbox 2189 2409 2251 2459; x_wconf 81' lang='grc' dir='ltr'>ὲκ</span> <span class='ocrx_word' id='word_1_402' title='bbox 2277 2406 2564 2478; x_wconf 82' lang='grc' dir='ltr'>προσώπου</span> <span class='ocrx_word' id='word_1_403' title='bbox 2593 2408 2685 2461; x_wconf 84' lang='grc' dir='ltr'><strong>τοῦ</strong></span> <span class='ocrx_word' id='word_1_404' title='bbox 2715 2409 3125 2477; x_wconf 75' lang='grc' dir='ltr'>εὐαγγελιστοῦ·</span> <span class='ocrx_word' id='word_1_405' title='bbox 3153 2409 3217 2460; x_wconf 83' lang='grc' dir='ltr'>δι’</span> <span class='ocrx_word' id='word_1_406' title='bbox 3251 2405 3318 2480; x_wconf 79' lang='grc' dir='ltr'><strong>ἧς</strong></span> <span class='ocrx_word' id='word_1_407' title='bbox 3347 2407 3508 2459; x_wconf 75' lang='grc' dir='ltr'>αὐτὸν</span> <span class='ocrx_word' id='word_1_408' title='bbox 3538 2407 3750 2476; x_wconf 71' lang='grc' dir='ltr'>ὠνόμαο</span> 
     </span>
    </p>
   </div>
   <div class='ocr_carea' id='block_1_54' title="bbox 2191 2493 3754 2570">
    <p class='ocr_par' dir='ltr' id='par_1_54' title="bbox 2191 2493 3754 2570">
     <span class='ocr_line' id='line_1_54' title="bbox 2191 2493 3754 2570; baseline 0.001 -21"><span class='ocrx_word' id='word_1_409' title='bbox 2191 2514 2303 2560; x_wconf 82' lang='grc' dir='ltr'>σεν,</span> <span class='ocrx_word' id='word_1_410' title='bbox 2348 2499 2443 2550; x_wconf 80' lang='grc' dir='ltr'><strong>Ἐν</strong></span> <span class='ocrx_word' id='word_1_411' title='bbox 2471 2497 2630 2566; x_wconf 74' lang='grc' dir='ltr'>ἀρχῇ</span> <span class='ocrx_word' id='word_1_412' title='bbox 2654 2495 2732 2570; x_wconf 71' lang='grc' dir='ltr'><strong>ἦν</strong></span> <span class='ocrx_word' id='word_1_413' title='bbox 2764 2502 2796 2552; x_wconf 90' lang='grc' dir='ltr'><strong>ό</strong></span> <span class='ocrx_word' id='word_1_414' title='bbox 2829 2501 3039 2569; x_wconf 73' lang='grc' dir='ltr'>Λόγος,</span> <span class='ocrx_word' id='word_1_415' title='bbox 3071 2506 3259 2559; x_wconf 81' lang='grc' dir='ltr'>είπων,</span> <span class='ocrx_word' id='word_1_416' title='bbox 3285 2498 3383 2551; x_wconf 79' lang='grc' dir='ltr'>καὶ</span> <span class='ocrx_word' id='word_1_417' title='bbox 3409 2500 3440 2551; x_wconf 89' lang='grc' dir='ltr'><strong>ό</strong></span> <span class='ocrx_word' id='word_1_418' title='bbox 3463 2501 3652 2565; x_wconf 63' lang='grc' dir='ltr'>Λόγος</span> <span class='ocrx_word' id='word_1_419' title='bbox 3677 2493 3754 2565; x_wconf 61' lang='grc' dir='ltr'><strong>ἦν·</strong></span> 
     </span>
    </p>
   </div>
   <div class='ocr_carea' id='block_1_55' title="bbox 2189 2586 3752 2656">
    <p class='ocr_par' dir='ltr' id='par_1_55' title="bbox 2189 2586 3752 2656">
     <span class='ocr_line' id='line_1_55' title="bbox 2189 2586 3752 2656; baseline -0.002 -16"><span class='ocrx_word' id='word_1_420' title='bbox 2189 2589 2338 2655; x_wconf 78' lang='grc' dir='ltr'>πρὸς</span> <span class='ocrx_word' id='word_1_421' title='bbox 2361 2589 2468 2640; x_wconf 77' lang='grc' dir='ltr'><strong>τὸν</strong></span> <span class='ocrx_word' id='word_1_422' title='bbox 2493 2590 2659 2652; x_wconf 81' lang='grc' dir='ltr'>Θεὸν,</span> <span class='ocrx_word' id='word_1_423' title='bbox 2710 2590 2803 2642; x_wconf 74' lang='grc' dir='ltr'>καὶ</span> <span class='ocrx_word' id='word_1_424' title='bbox 2835 2589 2978 2642; x_wconf 62' lang='grc' dir='ltr'><strong>Θεῦτι</strong></span> <span class='ocrx_word' id='word_1_425' title='bbox 3010 2586 3086 2656; x_wconf 74' lang='grc' dir='ltr'><strong>ἦν</strong></span> <span class='ocrx_word' id='word_1_426' title='bbox 3106 2592 3138 2642; x_wconf 85' lang='grc' dir='ltr'><strong>ό</strong></span> <span class='ocrx_word' id='word_1_427' title='bbox 3181 2590 3361 2655; x_wconf 77' lang='grc' dir='ltr'>Λόγος</span> <span class='ocrx_word' id='word_1_428' title='bbox 3387 2605 3401 2618; x_wconf 80' lang='grc'><em>’</em></span> <span class='ocrx_word' id='word_1_429' title='bbox 3443 2587 3592 2640; x_wconf 77' lang='grc' dir='ltr'>ἔνθεν</span> <span class='ocrx_word' id='word_1_430' title='bbox 3625 2586 3752 2654; x_wconf 87' lang='grc' dir='ltr'>γοῦν</span> 
     </span>
    </p>
   </div>
   <div class='ocr_carea' id='block_1_56' title="bbox 2185 2677 3752 2749">
    <p class='ocr_par' dir='ltr' id='par_1_56' title="bbox 2185 2677 3752 2749">
     <span class='ocr_line' id='line_1_56' title="bbox 2185 2677 3752 2749; baseline -0.001 -20"><span class='ocrx_word' id='word_1_431' title='bbox 2185 2678 2464 2748; x_wconf 73' lang='grc' dir='ltr'>ὁρμηθεὶς,</span> <span class='ocrx_word' id='word_1_432' title='bbox 2499 2679 2574 2742; x_wconf 87' lang='grc' dir='ltr'>ὡς</span> <span class='ocrx_word' id='word_1_433' title='bbox 2611 2679 2773 2749; x_wconf 78' lang='grc' dir='ltr'>μηδὲν</span> <span class='ocrx_word' id='word_1_434' title='bbox 2806 2679 2932 2730; x_wconf 83' lang='grc' dir='ltr'>ὄντα</span> <span class='ocrx_word' id='word_1_435' title='bbox 2954 2679 3139 2747; x_wconf 74' lang='grc' dir='ltr'>ἕτερον</span> <span class='ocrx_word' id='word_1_436' title='bbox 3176 2679 3209 2748; x_wconf 76' lang='grc' dir='ltr'>ἢ</span> <span class='ocrx_word' id='word_1_437' title='bbox 3243 2678 3417 2745; x_wconf 86' lang='grc' dir='ltr'>λόγον,</span> <span class='ocrx_word' id='word_1_438' title='bbox 3448 2679 3630 2748; x_wconf 81' lang='grc' dir='ltr'>ὅμοιον</span> <span class='ocrx_word' id='word_1_439' title='bbox 3675 2677 3752 2747; x_wconf 75' lang='grc' dir='ltr'>τῷ</span> 
     </span>
    </p>
   </div>
   <div class='ocr_carea' id='block_1_57' title="bbox 2187 2769 3434 2840">
    <p class='ocr_par' dir='ltr' id='par_1_57' title="bbox 2187 2769 3434 2840">
     <span class='ocr_line' id='line_1_57' title="bbox 2187 2769 3434 2840; baseline 0.001 -19"><span class='ocrx_word' id='word_1_440' title='bbox 2187 2771 2315 2838; x_wconf 85' lang='grc' dir='ltr'>παρ’</span> <span class='ocrx_word' id='word_1_441' title='bbox 2333 2771 2464 2839; x_wconf 78' lang='grc' dir='ltr'>ἡμῖν</span> <span class='ocrx_word' id='word_1_442' title='bbox 2496 2770 2840 2839; x_wconf 81' lang='grc' dir='ltr'>ὲγνωσμένῳ,</span> <span class='ocrx_word' id='word_1_443' title='bbox 2869 2770 2958 2823; x_wconf 68' lang='grc' dir='ltr'><strong>τὴν</strong></span> <span class='ocrx_word' id='word_1_444' title='bbox 2991 2769 3115 2821; x_wconf 81' lang='grc' dir='ltr'>Υἰδν</span> <span class='ocrx_word' id='word_1_445' title='bbox 3145 2771 3434 2840; x_wconf 74' lang='grc' dir='ltr'>ἠρνήσατο.</span> 
     </span>
    </p>
   </div>
   <div class='ocr_carea' id='block_1_58' title="bbox 517 2859 3755 2933">
    <p class='ocr_par' dir='ltr' id='par_1_58' title="bbox 517 2859 3755 2933">
     <span class='ocr_line' id='line_1_58' title="bbox 517 2859 3755 2933; baseline 0.004 -29"><span class='ocrx_word' id='word_1_446' title='bbox 517 2859 604 2910; x_wconf 82' lang='lat' dir='ltr'><strong>ubi</strong></span> <span class='ocrx_word' id='word_1_447' title='bbox 653 2874 712 2911; x_wconf 75' lang='lat' dir='ltr'><strong>se</strong></span> <span class='ocrx_word' id='word_1_448' title='bbox 749 2860 812 2909; x_wconf 88' lang='lat' dir='ltr'><strong>ad</strong></span> <span class='ocrx_word' id='word_1_449' title='bbox 865 2861 1353 2912; x_wconf 86' lang='lat' dir='ltr'><strong>demoustrationes</strong></span> <span class='ocrx_word' id='word_1_450' title='bbox 1392 2860 1742 2928; x_wconf 88' lang='lat' dir='ltr'><strong>applicuerat,</strong></span> <span class='ocrx_word' id='word_1_451' title='bbox 1792 2863 1856 2914; x_wconf 89' lang='lat' dir='ltr'><strong>de</strong></span> <span class='ocrx_word' id='word_1_452' title='bbox 1883 2859 2227 2916; x_wconf 79' lang='lat' dir='ltr'><strong>Testamento</strong></span> <span class='ocrx_word' id='word_1_453' title='bbox 2268 2862 2446 2918; x_wconf 84' lang='lat' dir='ltr'><strong>Veteri</strong></span> <span class='ocrx_word' id='word_1_454' title='bbox 2487 2875 2650 2933; x_wconf 87' lang='lat' dir='ltr'><strong>atque</strong></span> <span class='ocrx_word' id='word_1_455' title='bbox 2691 2863 2882 2917; x_wconf 85' lang='lat' dir='ltr'><strong>Novo:</strong></span> <span class='ocrx_word' id='word_1_456' title='bbox 2949 2865 3293 2933; x_wconf 81' lang='lat' dir='ltr'><strong>nudiquaque</strong></span> <span class='ocrx_word' id='word_1_457' title='bbox 3322 2874 3468 2918; x_wconf 90' lang='lat' dir='ltr'><strong>certe</strong></span> <span class='ocrx_word' id='word_1_458' title='bbox 3503 2863 3755 2932; x_wconf 76' lang='lat' dir='ltr'><strong>impelle-</strong></span> 
     </span>
    </p>
   </div>
   <div class='ocr_carea' id='block_1_59' title="bbox 515 2950 3753 3025">
    <p class='ocr_par' dir='ltr' id='par_1_59' title="bbox 515 2950 3753 3025">
     <span class='ocr_line' id='line_1_59' title="bbox 515 2950 3753 3025; baseline 0.001 -22"><span class='ocrx_word' id='word_1_459' title='bbox 515 2950 696 3014; x_wconf 86' lang='lat' dir='ltr'><strong>batur,</strong></span> <span class='ocrx_word' id='word_1_460' title='bbox 740 2951 789 3002; x_wconf 90' lang='lat' dir='ltr'><strong>in</strong></span> <span class='ocrx_word' id='word_1_461' title='bbox 817 2952 1094 3018; x_wconf 73' lang='lat' dir='ltr'><strong>angustias</strong></span> <span class='ocrx_word' id='word_1_462' title='bbox 1128 2951 1536 3018; x_wconf 74' lang='lat' dir='ltr'><strong>COIIjiCiCbalUl&#39;,</strong></span> <span class='ocrx_word' id='word_1_463' title='bbox 1561 2969 1720 3005; x_wconf 75' lang='lat' dir='ltr'><strong>illlam</strong></span> <span class='ocrx_word' id='word_1_464' title='bbox 1749 2969 1874 3008; x_wconf 86' lang='lat' dir='ltr'><strong>vero</strong></span> <span class='ocrx_word' id='word_1_465' title='bbox 1897 2955 2141 3009; x_wconf 89' lang='lat' dir='ltr'><strong>voculam</strong></span> <span class='ocrx_word' id='word_1_466' title='bbox 2167 2957 2249 3009; x_wconf 78' lang='lat' dir='ltr'><strong>vix</strong></span> <span class='ocrx_word' id='word_1_467' title='bbox 2295 2958 2508 3010; x_wconf 83' lang='lat' dir='ltr'><strong>tandem</strong></span> <span class='ocrx_word' id='word_1_468' title='bbox 2539 2960 2758 3025; x_wconf 75' lang='lat' dir='ltr'><strong>reperit,</strong></span> <span class='ocrx_word' id='word_1_469' title='bbox 2795 2963 2851 3018; x_wconf 58' lang='lat'><strong>&gt;3</strong></span> <span class='ocrx_word' id='word_1_470' title='bbox 2872 2971 2991 3024; x_wconf 74' lang='lat' dir='ltr'><strong>qua:</strong></span> <span class='ocrx_word' id='word_1_471' title='bbox 3016 2956 3180 3024; x_wconf 88' lang='lat' dir='ltr'><strong>ipsius</strong></span> <span class='ocrx_word' id='word_1_472' title='bbox 3210 2956 3474 3009; x_wconf 58' lang='lat' dir='ltr'><strong>heretica:</strong></span> <span class='ocrx_word' id='word_1_473' title='bbox 3511 2954 3753 3022; x_wconf 89' lang='lat' dir='ltr'><strong>opinioni</strong></span> 
     </span>
    </p>
   </div>
   <div class='ocr_carea' id='block_1_60' title="bbox 519 3037 3750 3115">
    <p class='ocr_par' dir='ltr' id='par_1_60' title="bbox 519 3037 3750 3115">
     <span class='ocr_line' id='line_1_60' title="bbox 519 3037 3750 3115; baseline 0.003 -27"><span class='ocrx_word' id='word_1_474' title='bbox 519 3042 700 3093; x_wconf 81' lang='lat' dir='ltr'><strong>favere</strong></span> <span class='ocrx_word' id='word_1_475' title='bbox 756 3043 865 3091; x_wconf 85' lang='lat' dir='ltr'><strong>visa</strong></span> <span class='ocrx_word' id='word_1_476' title='bbox 923 3053 1027 3098; x_wconf 84' lang='lat' dir='ltr'><strong>est.</strong></span> <span class='ocrx_word' id='word_1_477' title='bbox 1068 3041 1196 3094; x_wconf 87' lang='lat' dir='ltr'><strong>huic</strong></span> <span class='ocrx_word' id='word_1_478' title='bbox 1241 3043 1328 3094; x_wconf 91' lang='lat' dir='ltr'><strong>uni</strong></span> <span class='ocrx_word' id='word_1_479' title='bbox 1382 3053 1633 3110; x_wconf 86' lang='lat' dir='ltr'><strong>tanquam</strong></span> <span class='ocrx_word' id='word_1_480' title='bbox 1675 3059 1796 3096; x_wconf 89' lang='lat' dir='ltr'><strong>cum</strong></span> <span class='ocrx_word' id='word_1_481' title='bbox 1855 3037 2150 3100; x_wconf 39' lang='lat' dir='ltr'><strong>hono&#39;Deo</strong></span> <span class='ocrx_word' id='word_1_482' title='bbox 2200 3048 2487 3100; x_wconf 87' lang='lat' dir='ltr'><strong>adinvento</strong></span> <span class='ocrx_word' id='word_1_483' title='bbox 2525 3047 2852 3101; x_wconf 84' lang='lat' dir='ltr'><strong>adminiculo</strong></span> <span class='ocrx_word' id='word_1_484' title='bbox 2907 3063 2966 3101; x_wconf 92' lang='lat' dir='ltr'><strong>se</strong></span> <span class='ocrx_word' id='word_1_485' title='bbox 3003 3047 3278 3115; x_wconf 80' lang='lat' dir='ltr'><strong>applicuit.</strong></span> <span class='ocrx_word' id='word_1_486' title='bbox 3312 3045 3421 3099; x_wconf 78' lang='lat' dir='ltr'><strong>Nec</strong></span> <span class='ocrx_word' id='word_1_487' title='bbox 3459 3057 3578 3099; x_wconf 87' lang='lat' dir='ltr'><strong>erat</strong></span> <span class='ocrx_word' id='word_1_488' title='bbox 3628 3045 3750 3113; x_wconf 80' lang='grc' dir='ltr'><strong>(ιυί-</strong></span> 
     </span>
    </p>
   </div>
   <div class='ocr_carea' id='block_1_61' title="bbox 515 3129 3749 3208">
    <p class='ocr_par' dir='ltr' id='par_1_61' title="bbox 515 3129 3749 3208">
     <span class='ocr_line' id='line_1_61' title="bbox 515 3129 3749 3208; baseline 0.002 -28"><span class='ocrx_word' id='word_1_489' title='bbox 515 3131 636 3180; x_wconf 84' lang='lat' dir='ltr'><strong>dcm</strong></span> <span class='ocrx_word' id='word_1_490' title='bbox 701 3129 934 3190; x_wconf 87' lang='lat' dir='ltr'><strong>illud,de</strong></span> <span class='ocrx_word' id='word_1_491' title='bbox 965 3145 1190 3195; x_wconf 84' lang='lat' dir='ltr'><strong>persona</strong></span> <span class='ocrx_word' id='word_1_492' title='bbox 1231 3132 1539 3186; x_wconf 85' lang='lat' dir='ltr'><strong>Servatoris</strong></span> <span class='ocrx_word' id='word_1_493' title='bbox 1566 3137 1735 3187; x_wconf 86' lang='lat' dir='ltr'><strong>nostri</strong></span> <span class='ocrx_word' id='word_1_494' title='bbox 1759 3136 1956 3188; x_wconf 86' lang='lat' dir='ltr'><strong>dictum</strong></span> <span class='ocrx_word' id='word_1_495' title='bbox 1985 3148 2296 3204; x_wconf 85' lang='lat' dir='ltr'><strong>usurpatum</strong></span> <span class='ocrx_word' id='word_1_496' title='bbox 2316 3178 2329 3200; x_wconf 92' lang='lat'><strong>,</strong></span> <span class='ocrx_word' id='word_1_497' title='bbox 2373 3139 2467 3192; x_wconf 87' lang='lat' dir='ltr'><strong>sed</strong></span> <span class='ocrx_word' id='word_1_498' title='bbox 2491 3139 2858 3208; x_wconf 59' lang='lat' dir='ltr'><strong>evangelistam</strong></span> <span class='ocrx_word' id='word_1_499' title='bbox 2890 3138 3023 3192; x_wconf 75' lang='lat' dir='ltr'><strong>Nam</strong></span> <span class='ocrx_word' id='word_1_500' title='bbox 3050 3137 3096 3193; x_wconf 86' lang='lat' dir='ltr'><strong>is</strong></span> <span class='ocrx_word' id='word_1_501' title='bbox 3136 3153 3258 3191; x_wconf 84' lang='lat' dir='ltr'><strong>eum</strong></span> <span class='ocrx_word' id='word_1_502' title='bbox 3300 3138 3371 3190; x_wconf 87' lang='lat' dir='ltr'><strong>ita</strong></span> <span class='ocrx_word' id='word_1_503' title='bbox 3405 3136 3657 3205; x_wconf 84' lang='lat' dir='ltr'><strong>appellat,</strong></span> <span class='ocrx_word' id='word_1_504' title='bbox 3687 3135 3749 3188; x_wconf 78' lang='lat' dir='ltr'><strong>In</strong></span> 
     </span>
    </p>
   </div>
   <div class='ocr_carea' id='block_1_62' title="bbox 514 3217 3752 3297">
    <p class='ocr_par' dir='ltr' id='par_1_62' title="bbox 514 3217 3752 3297">
     <span class='ocr_line' id='line_1_62' title="bbox 514 3217 3752 3297; baseline 0.005 -32"><span class='ocrx_word' id='word_1_505' title='bbox 514 3217 774 3282; x_wconf 79' lang='lat' dir='ltr'><strong>principio</strong></span> <span class='ocrx_word' id='word_1_506' title='bbox 819 3227 929 3270; x_wconf 86' lang='lat' dir='ltr'><strong>erat</strong></span> <span class='ocrx_word' id='word_1_507' title='bbox 973 3217 1215 3282; x_wconf 82' lang='lat' dir='ltr'><strong>Verbum,</strong></span> <span class='ocrx_word' id='word_1_508' title='bbox 1269 3221 1539 3287; x_wconf 84' lang='lat' dir='ltr'><strong>inquiens,</strong></span> <span class='ocrx_word' id='word_1_509' title='bbox 1570 3233 1619 3276; x_wconf 88' lang='lat' dir='ltr'><strong>et</strong></span> <span class='ocrx_word' id='word_1_510' title='bbox 1655 3223 1873 3278; x_wconf 79' lang='lat' dir='ltr'><strong>Verbum</strong></span> <span class='ocrx_word' id='word_1_511' title='bbox 1905 3237 2015 3279; x_wconf 81' lang='lat' dir='ltr'><strong>erat</strong></span> <span class='ocrx_word' id='word_1_512' title='bbox 2041 3230 2180 3296; x_wconf 82' lang='lat' dir='ltr'><strong>apud</strong></span> <span class='ocrx_word' id='word_1_513' title='bbox 2200 3227 2390 3292; x_wconf 82' lang='lat' dir='ltr'><strong>Deum,</strong></span> <span class='ocrx_word' id='word_1_514' title='bbox 2423 3241 2468 3282; x_wconf 84' lang='lat' dir='ltr'><strong>et</strong></span> <span class='ocrx_word' id='word_1_515' title='bbox 2505 3228 2644 3282; x_wconf 77' lang='lat' dir='ltr'><strong>Deus</strong></span> <span class='ocrx_word' id='word_1_516' title='bbox 2665 3242 2776 3284; x_wconf 82' lang='lat' dir='ltr'><strong>erat</strong></span> <span class='ocrx_word' id='word_1_517' title='bbox 2804 3228 3028 3282; x_wconf 83' lang='lat' dir='ltr'><strong>Verbum</strong></span> <span class='ocrx_word' id='word_1_518' title='bbox 3045 3229 3114 3283; x_wconf 81' lang='grc'><strong>⁸⁸.</strong></span> <span class='ocrx_word' id='word_1_519' title='bbox 3159 3229 3296 3283; x_wconf 86' lang='lat' dir='ltr'><strong>Hinc</strong></span> <span class='ocrx_word' id='word_1_520' title='bbox 3344 3227 3431 3282; x_wconf 85' lang='lat' dir='ltr'><strong>ille</strong></span> <span class='ocrx_word' id='word_1_521' title='bbox 3477 3227 3752 3297; x_wconf 74' lang='lat' dir='ltr'><strong>profectus</strong></span> 
     </span>
    </p>
   </div>
   <div class='ocr_carea' id='block_1_63' title="bbox 514 3305 3746 3390">
    <p class='ocr_par' dir='ltr' id='par_1_63' title="bbox 514 3305 3746 3390">
     <span class='ocr_line' id='line_1_63' title="bbox 514 3305 3746 3390; baseline 0.004 -32"><span class='ocrx_word' id='word_1_522' title='bbox 514 3305 711 3359; x_wconf 76' lang='lat' dir='ltr'><strong>Filium</strong></span> <span class='ocrx_word' id='word_1_523' title='bbox 750 3308 1065 3375; x_wconf 81' lang='lat' dir='ltr'><strong>planissime</strong></span> <span class='ocrx_word' id='word_1_524' title='bbox 1099 3323 1414 3381; x_wconf 78' lang='lat' dir='ltr'><strong>pernegavn</strong></span> <span class='ocrx_word' id='word_1_525' title='bbox 1463 3323 1717 3383; x_wconf 85' lang='lat' dir='ltr'><strong>tanquam</strong></span> <span class='ocrx_word' id='word_1_526' title='bbox 1745 3317 1838 3386; x_wconf 85' lang='lat' dir='ltr'><strong>qui</strong></span> <span class='ocrx_word' id='word_1_527' title='bbox 1873 3317 2024 3386; x_wconf 88' lang='lat' dir='ltr'><strong>prius</strong></span> <span class='ocrx_word' id='word_1_528' title='bbox 2067 3317 2204 3372; x_wconf 82' lang='lat' dir='ltr'><strong>nihil</strong></span> <span class='ocrx_word' id='word_1_529' title='bbox 2230 3317 2375 3373; x_wconf 88' lang='lat' dir='ltr'><strong>aliud</strong></span> <span class='ocrx_word' id='word_1_530' title='bbox 2401 3329 2538 3387; x_wconf 89' lang='lat' dir='ltr'><strong>erat,</strong></span> <span class='ocrx_word' id='word_1_531' title='bbox 2567 3334 2728 3390; x_wconf 88' lang='lat' dir='ltr'><strong>quam</strong></span> <span class='ocrx_word' id='word_1_532' title='bbox 2765 3321 2985 3376; x_wconf 87' lang='lat' dir='ltr'><strong>verbum</strong></span> <span class='ocrx_word' id='word_1_533' title='bbox 3027 3319 3360 3375; x_wconf 87' lang='lat' dir='ltr'><strong>simillimum</strong></span> <span class='ocrx_word' id='word_1_534' title='bbox 3385 3318 3507 3373; x_wconf 89' lang='lat' dir='ltr'><strong>huic</strong></span> <span class='ocrx_word' id='word_1_535' title='bbox 3532 3327 3746 3374; x_wconf 89' lang='lat' dir='ltr'><strong>nostro.</strong></span> 
     </span>
    </p>
   </div>
   <div class='ocr_carea' id='block_1_64' title="bbox 1145 3405 2083 3467">
    <p class='ocr_par' dir='ltr' id='par_1_64' title="bbox 1145 3405 1408 3460">
     <span class='ocr_line' id='line_1_64' title="bbox 1145 3405 1408 3460; baseline 0.008 -2"><span class='ocrx_word' id='word_1_536' title='bbox 1145 3405 1295 3459; x_wconf 76' lang='lat' dir='ltr'><strong>CAP.</strong></span> <span class='ocrx_word' id='word_1_537' title='bbox 1340 3405 1408 3460; x_wconf 77' lang='grc' dir='ltr'><strong>Χ.</strong></span> 
     </span>
    </p>
   </div>
   <div class='ocr_carea' id='block_1_65' title="bbox 2185 3405 3096 3467">
    <p class='ocr_par' dir='ltr' id='par_1_65' title="bbox 2841 3413 3096 3467">
     <span class='ocr_line' id='line_1_65' title="bbox 2841 3413 3096 3467; baseline -0.004 -1"><span class='ocrx_word' id='word_1_538' title='bbox 2841 3413 2997 3467; x_wconf 78' lang='grc' dir='ltr'><strong>ΚΕΦ.</strong></span> <span class='ocrx_word' id='word_1_539' title='bbox 3039 3415 3096 3466; x_wconf 90' lang='lat' dir='ltr'><strong>l&#39;.</strong></span> 
     </span>
    </p>
   </div>
   <div class='ocr_carea' id='block_1_66' title="bbox 517 3493 2083 3618">
    <p class='ocr_par' dir='ltr' id='par_1_66' title="bbox 517 3493 2083 3618">
     <span class='ocr_line' id='line_1_66' title="bbox 517 3493 2083 3618; baseline 0.008 -73"><span class='ocrx_word' id='word_1_540' title='bbox 517 3493 672 3580; x_wconf 62' lang='lat' dir='ltr'><strong>Quod</strong></span> <span class='ocrx_word' id='word_1_541' title='bbox 697 3509 798 3546; x_wconf 88' lang='lat' dir='ltr'><strong>non</strong></span> <span class='ocrx_word' id='word_1_542' title='bbox 832 3505 966 3548; x_wconf 83' lang='lat' dir='ltr'><strong>recte</strong></span> <span class='ocrx_word' id='word_1_543' title='bbox 998 3497 1130 3564; x_wconf 83' lang='lat' dir='ltr'><strong>cepit</strong></span> <span class='ocrx_word' id='word_1_544' title='bbox 1173 3497 1306 3618; x_wconf 49' lang='lat' dir='ltr'><strong>illud</strong></span> <span class='ocrx_word' id='word_1_545' title='bbox 1333 3509 1351 3548; x_wconf 89' lang='lat'><strong><em>:</em></strong></span> <span class='ocrx_word' id='word_1_546' title='bbox 1384 3517 1400 3548; x_wconf 81' lang='grc' dir='ltr'><strong>ι</strong></span> <span class='ocrx_word' id='word_1_547' title='bbox 1428 3497 1494 3552; x_wconf 85' lang='lat' dir='ltr'><strong>In</strong></span> <span class='ocrx_word' id='word_1_548' title='bbox 1514 3501 1772 3571; x_wconf 82' lang='lat' dir='ltr'><strong>principio</strong></span> <span class='ocrx_word' id='word_1_549' title='bbox 1799 3513 1913 3557; x_wconf 81' lang='lat' dir='ltr'><strong>erat</strong></span> <span class='ocrx_word' id='word_1_550' title='bbox 1953 3502 2083 3557; x_wconf 83' lang='lat' dir='ltr'><strong>Ver-</strong></span> 
     </span>
     <span class='ocr_line' id='line_1_67' title="bbox 1213 3583 1360 3618; baseline 0 0"><span class='ocrx_word' id='word_1_551' title='bbox 1213 3583 1322 3618; x_wconf 83' lang='lat' dir='ltr'><strong>um.</strong></span> <span class='ocrx_word' id='word_1_552' title='bbox 1340 3587 1360 3618; x_wconf 69' lang='grc'><strong><em>1</em></strong></span> 
     </span>
    </p>
   </div>
   <div class='ocr_carea' id='block_1_67' title="bbox 2185 3493 3742 3618">
    <p class='ocr_par' dir='ltr' id='par_1_67' title="bbox 2185 3522 3742 3596">
     <span class='ocr_line' id='line_1_68' title="bbox 2185 3522 3742 3596; baseline 0 -18"><span class='ocrx_word' id='word_1_553' title='bbox 2185 3526 2304 3578; x_wconf 87' lang='grc' dir='ltr'>Ὅτι</span> <span class='ocrx_word' id='word_1_554' title='bbox 2331 3525 2418 3595; x_wconf 78' lang='grc' dir='ltr'>μὴ</span> <span class='ocrx_word' id='word_1_555' title='bbox 2437 3524 2621 3594; x_wconf 82' lang='grc' dir='ltr'>ὀρθῶς</span> <span class='ocrx_word' id='word_1_556' title='bbox 2643 3527 2888 3591; x_wconf 79' lang='grc' dir='ltr'>ἐδέξατο</span> <span class='ocrx_word' id='word_1_557' title='bbox 2917 3529 2986 3580; x_wconf 80' lang='grc' dir='ltr'><strong>τό</strong></span> <span class='ocrx_word' id='word_1_558' title='bbox 3006 3544 3048 3577; x_wconf 79' lang='lat' dir='ltr'><strong>&#39;I</strong></span> <span class='ocrx_word' id='word_1_559' title='bbox 3075 3528 3170 3580; x_wconf 86' lang='grc' dir='ltr'><strong>Ἐν</strong></span> <span class='ocrx_word' id='word_1_560' title='bbox 3183 3525 3336 3596; x_wconf 76' lang='grc' dir='ltr'>ἀρχῇ</span> <span class='ocrx_word' id='word_1_561' title='bbox 3355 3522 3427 3596; x_wconf 80' lang='grc' dir='ltr'><strong>ἦν</strong></span> <span class='ocrx_word' id='word_1_562' title='bbox 3443 3529 3474 3579; x_wconf 87' lang='grc' dir='ltr'><strong>ό</strong></span> <span class='ocrx_word' id='word_1_563' title='bbox 3497 3527 3742 3593; x_wconf 72' lang='grc' dir='ltr'>Λόγος.»</span> 
     </span>
    </p>
   </div>
   <div class='ocr_carea' id='block_1_68' title="bbox 1213 3583 1360 3620">
    <p class='ocr_par' dir='ltr' id='par_1_68' title="bbox 1213 3583 1360 3620">
     <span class='ocr_line' id='line_1_69' title="bbox 1213 3583 1360 3620; baseline 0 0"><span class='ocrx_word' id='word_1_564' title='bbox 1213 3583 1322 3620; x_wconf 80' lang='lat' dir='ltr'><strong>unt.</strong></span> <span class='ocrx_word' id='word_1_565' title='bbox 1340 3587 1360 3620; x_wconf 65' lang='grc' dir='ltr'><strong><em>υ</em></strong></span> 
     </span>
    </p>
   </div>
   <div class='ocr_carea' id='block_1_69' title="bbox 505 3654 2082 3718">
    <p class='ocr_par' dir='ltr' id='par_1_69' title="bbox 505 3654 2082 3718">
     <span class='ocr_line' id='line_1_70' title="bbox 505 3654 2082 3718; baseline 0.008 -12"><span class='ocrx_word' id='word_1_566' title='bbox 505 3673 508 3678; x_wconf 69' lang='lat'>&#39;</span> <span class='ocrx_word' id='word_1_567' title='bbox 587 3654 874 3708; x_wconf 83' lang='lat' dir='ltr'><strong>Enimvero</strong></span> <span class='ocrx_word' id='word_1_568' title='bbox 928 3670 1032 3708; x_wconf 90' lang='lat' dir='ltr'><strong>non</strong></span> <span class='ocrx_word' id='word_1_569' title='bbox 1085 3657 1256 3710; x_wconf 89' lang='lat' dir='ltr'><strong>solum</strong></span> <span class='ocrx_word' id='word_1_570' title='bbox 1305 3659 1474 3712; x_wconf 88' lang='lat' dir='ltr'><strong>solius</strong></span> <span class='ocrx_word' id='word_1_571' title='bbox 1505 3661 1665 3716; x_wconf 86' lang='lat' dir='ltr'><strong>Verbi</strong></span> <span class='ocrx_word' id='word_1_572' title='bbox 1696 3663 1910 3717; x_wconf 87' lang='lat' dir='ltr'><strong>nomine</strong></span> <span class='ocrx_word' id='word_1_573' title='bbox 1934 3677 2082 3718; x_wconf 90' lang='lat' dir='ltr'><strong>com-</strong></span> 
     </span>
    </p>
   </div>
   <div class='ocr_carea' id='block_1_70' title="bbox 514 3745 2080 3821">
    <p class='ocr_par' dir='ltr' id='par_1_70' title="bbox 514 3745 2080 3821">
     <span class='ocr_line' id='line_1_71' title="bbox 514 3745 2080 3821; baseline 0.008 -25"><span class='ocrx_word' id='word_1_574' title='bbox 514 3745 737 3812; x_wconf 81' lang='lat' dir='ltr'><strong>pellavit</strong></span> <span class='ocrx_word' id='word_1_575' title='bbox 786 3762 1012 3814; x_wconf 84' lang='lat' dir='ltr'><strong>magnus</strong></span> <span class='ocrx_word' id='word_1_576' title='bbox 1048 3757 1102 3801; x_wconf 90' lang='lat' dir='ltr'><strong>et</strong></span> <span class='ocrx_word' id='word_1_577' title='bbox 1136 3748 1350 3804; x_wconf 84' lang='lat' dir='ltr'><strong>divinus</strong></span> <span class='ocrx_word' id='word_1_578' title='bbox 1401 3751 1750 3819; x_wconf 79' lang='lat' dir='ltr'><strong>evangelista,</strong></span> <span class='ocrx_word' id='word_1_579' title='bbox 1793 3752 1934 3820; x_wconf 86' lang='lat' dir='ltr'><strong>quod</strong></span> <span class='ocrx_word' id='word_1_580' title='bbox 1971 3753 2080 3821; x_wconf 87' lang='lat' dir='ltr'><strong>jam</strong></span> 
     </span>
    </p>
   </div>
   <div class='ocr_carea' id='block_1_71' title="bbox 517 3833 2082 3906">
    <p class='ocr_par' dir='ltr' id='par_1_71' title="bbox 517 3833 2082 3906">
     <span class='ocr_line' id='line_1_72' title="bbox 517 3833 2082 3906; baseline 0.009 -24"><span class='ocrx_word' id='word_1_581' title='bbox 517 3833 714 3898; x_wconf 77' lang='lat' dir='ltr'><strong>sa-pius</strong></span> <span class='ocrx_word' id='word_1_582' title='bbox 748 3849 778 3885; x_wconf 91' lang='lat' dir='ltr'><strong>a</strong></span> <span class='ocrx_word' id='word_1_583' title='bbox 805 3835 957 3887; x_wconf 88' lang='lat' dir='ltr'><strong>nobis</strong></span> <span class='ocrx_word' id='word_1_584' title='bbox 986 3835 1188 3888; x_wconf 77' lang='lat' dir='ltr'><strong>dlClUlll</strong></span> <span class='ocrx_word' id='word_1_585' title='bbox 1222 3846 1323 3901; x_wconf 88' lang='lat' dir='ltr'><strong>est,</strong></span> <span class='ocrx_word' id='word_1_586' title='bbox 1353 3838 1444 3890; x_wconf 88' lang='lat' dir='ltr'><strong>sed</strong></span> <span class='ocrx_word' id='word_1_587' title='bbox 1487 3839 1674 3903; x_wconf 87' lang='lat' dir='ltr'><strong>Deum,</strong></span> <span class='ocrx_word' id='word_1_588' title='bbox 1703 3848 1756 3893; x_wconf 89' lang='lat' dir='ltr'><strong>et</strong></span> <span class='ocrx_word' id='word_1_589' title='bbox 1771 3840 1991 3906; x_wconf 87' lang='lat' dir='ltr'><strong>Lucem,</strong></span> <span class='ocrx_word' id='word_1_590' title='bbox 2027 3852 2082 3898; x_wconf 89' lang='lat' dir='ltr'><strong>et</strong></span> 
     </span>
    </p>
   </div>
   <div class='ocr_carea' id='block_1_72' title="bbox 515 3919 2080 3996">
    <p class='ocr_par' dir='ltr' id='par_1_72' title="bbox 515 3919 2080 3996">
     <span class='ocr_line' id='line_1_73' title="bbox 515 3919 2080 3996; baseline 0.008 -24"><span class='ocrx_word' id='word_1_591' title='bbox 515 3919 736 3982; x_wconf 64' lang='lat' dir='ltr'><strong>Filium,</strong></span> <span class='ocrx_word' id='word_1_592' title='bbox 772 3931 824 3973; x_wconf 87' lang='lat' dir='ltr'><strong>et</strong></span> <span class='ocrx_word' id='word_1_593' title='bbox 881 3919 1222 3989; x_wconf 80' lang='lat' dir='ltr'><strong>Unigenitum</strong></span> <span class='ocrx_word' id='word_1_594' title='bbox 1264 3926 1610 3992; x_wconf 86' lang='lat' dir='ltr'><strong>:quinetiam</strong></span> <span class='ocrx_word' id='word_1_595' title='bbox 1656 3928 1802 3982; x_wconf 86' lang='lat' dir='ltr'><strong>illum</strong></span> <span class='ocrx_word' id='word_1_596' title='bbox 1843 3929 2080 3996; x_wconf 85' lang='lat' dir='ltr'><strong>seipsqu</strong></span> 
     </span>
    </p>
   </div>
   <div class='ocr_carea' id='block_1_73' title="bbox 515 4003 2081 4084">
    <p class='ocr_par' dir='ltr' id='par_1_73' title="bbox 515 4003 2081 4084">
     <span class='ocr_line' id='line_1_74' title="bbox 515 4003 2081 4084; baseline 0.01 -27"><span class='ocrx_word' id='word_1_597' title='bbox 515 4003 888 4067; x_wconf 85' lang='lat' dir='ltr'><strong>Servatorem,</strong></span> <span class='ocrx_word' id='word_1_598' title='bbox 934 4006 1154 4058; x_wconf 90' lang='lat' dir='ltr'><strong>verbum</strong></span> <span class='ocrx_word' id='word_1_599' title='bbox 1200 4016 1377 4062; x_wconf 89' lang='lat' dir='ltr'><strong>autem</strong></span> <span class='ocrx_word' id='word_1_600' title='bbox 1427 4012 1594 4064; x_wconf 86' lang='lat' dir='ltr'><strong>solius</strong></span> <span class='ocrx_word' id='word_1_601' title='bbox 1639 4013 1932 4084; x_wconf 68' lang='lat' dir='ltr'><strong>Scriptura:</strong></span> <span class='ocrx_word' id='word_1_602' title='bbox 1981 4033 2081 4072; x_wconf 84' lang='lat' dir='ltr'><strong>ne~</strong></span> 
     </span>
    </p>
   </div>
   <div class='ocr_carea' id='block_1_74' title="bbox 513 4095 2080 4176">
    <p class='ocr_par' dir='ltr' id='par_1_74' title="bbox 513 4095 2080 4176">
     <span class='ocr_line' id='line_1_75' title="bbox 513 4095 2080 4176; baseline 0.008 -28"><span class='ocrx_word' id='word_1_603' title='bbox 513 4110 784 4164; x_wconf 84' lang='lat' dir='ltr'><strong>quaquam</strong></span> <span class='ocrx_word' id='word_1_604' title='bbox 817 4095 1114 4164; x_wconf 85' lang='lat' dir='ltr'><strong>appellasse</strong></span> <span class='ocrx_word' id='word_1_605' title='bbox 1144 4100 1422 4165; x_wconf 89' lang='lat' dir='ltr'><strong>perbibet;</strong></span> <span class='ocrx_word' id='word_1_606' title='bbox 1458 4115 1552 4168; x_wconf 92' lang='lat' dir='ltr'><strong>per</strong></span> <span class='ocrx_word' id='word_1_607' title='bbox 1580 4103 1888 4158; x_wconf 86' lang='lat' dir='ltr'><strong>universum</strong></span> <span class='ocrx_word' id='word_1_608' title='bbox 1919 4122 2080 4176; x_wconf 90' lang='lat' dir='ltr'><strong>porro</strong></span> 
     </span>
    </p>
   </div>
   <div class='ocr_carea' id='block_1_75' title="bbox 517 4189 2081 4266">
    <p class='ocr_par' dir='ltr' id='par_1_75' title="bbox 517 4189 2081 4266">
     <span class='ocr_line' id='line_1_76' title="bbox 517 4189 2081 4266; baseline 0.009 -28"><span class='ocrx_word' id='word_1_609' title='bbox 517 4189 867 4257; x_wconf 80' lang='lat' dir='ltr'><strong>Evangeiium</strong></span> <span class='ocrx_word' id='word_1_610' title='bbox 909 4189 1095 4253; x_wconf 85' lang='lat' dir='ltr'><strong>vitam,</strong></span> <span class='ocrx_word' id='word_1_611' title='bbox 1155 4201 1208 4244; x_wconf 91' lang='lat' dir='ltr'><strong>et</strong></span> <span class='ocrx_word' id='word_1_612' title='bbox 1267 4193 1464 4260; x_wconf 90' lang='lat' dir='ltr'><strong>lucem,</strong></span> <span class='ocrx_word' id='word_1_613' title='bbox 1522 4204 1577 4249; x_wconf 91' lang='lat' dir='ltr'><strong>et</strong></span> <span class='ocrx_word' id='word_1_614' title='bbox 1633 4195 1992 4266; x_wconf 77' lang='lat' dir='ltr'><strong>unigenitum,</strong></span> <span class='ocrx_word' id='word_1_615' title='bbox 2026 4209 2081 4252; x_wconf 88' lang='lat' dir='ltr'><strong>et</strong></span> 
     </span>
    </p>
   </div>
   <div class='ocr_carea' id='block_1_76' title="bbox 514 4280 2080 4353">
    <p class='ocr_par' dir='ltr' id='par_1_76' title="bbox 514 4280 2080 4353">
     <span class='ocr_line' id='line_1_77' title="bbox 514 4280 2080 4353; baseline 0.006 -20"><span class='ocrx_word' id='word_1_616' title='bbox 514 4280 711 4333; x_wconf 83' lang='lat' dir='ltr'><strong>Filium</strong></span> <span class='ocrx_word' id='word_1_617' title='bbox 768 4281 881 4345; x_wconf 87' lang='lat' dir='ltr'><strong>Dei,</strong></span> <span class='ocrx_word' id='word_1_618' title='bbox 930 4290 985 4334; x_wconf 91' lang='lat' dir='ltr'><strong>et</strong></span> <span class='ocrx_word' id='word_1_619' title='bbox 1034 4282 1341 4349; x_wconf 86' lang='lat' dir='ltr'><strong>veritatem,</strong></span> <span class='ocrx_word' id='word_1_620' title='bbox 1387 4296 1440 4340; x_wconf 92' lang='lat' dir='ltr'><strong>et</strong></span> <span class='ocrx_word' id='word_1_621' title='bbox 1492 4289 1977 4353; x_wconf 81' lang='lat' dir='ltr'><strong>resurrectionem;</strong></span> <span class='ocrx_word' id='word_1_622' title='bbox 2027 4298 2080 4343; x_wconf 88' lang='lat' dir='ltr'><strong>et</strong></span> 
     </span>
    </p>
   </div>
   <div class='ocr_carea' id='block_1_77' title="bbox 515 4373 2112 4442">
    <p class='ocr_par' dir='ltr' id='par_1_77' title="bbox 515 4373 2112 4442">
     <span class='ocr_line' id='line_1_78' title="bbox 515 4373 2112 4442; baseline 0.009 -22"><span class='ocrx_word' id='word_1_623' title='bbox 515 4385 705 4437; x_wconf 88' lang='lat' dir='ltr'><strong>panem</strong></span> <span class='ocrx_word' id='word_1_624' title='bbox 731 4373 875 4434; x_wconf 61' lang='lat' dir='ltr'><strong>vine,</strong></span> <span class='ocrx_word' id='word_1_625' title='bbox 906 4381 960 4426; x_wconf 91' lang='lat' dir='ltr'><strong>et</strong></span> <span class='ocrx_word' id='word_1_626' title='bbox 991 4374 1178 4436; x_wconf 88' lang='lat' dir='ltr'><strong>vitem,</strong></span> <span class='ocrx_word' id='word_1_627' title='bbox 1211 4383 1267 4429; x_wconf 91' lang='lat' dir='ltr'><strong>et</strong></span> <span class='ocrx_word' id='word_1_628' title='bbox 1317 4389 1610 4442; x_wconf 81' lang='lat' dir='ltr'><strong>paswrem,</strong></span> <span class='ocrx_word' id='word_1_629' title='bbox 1665 4385 1719 4431; x_wconf 90' lang='lat' dir='ltr'><strong>et</strong></span> <span class='ocrx_word' id='word_1_630' title='bbox 1767 4379 2112 4434; x_wconf 87' lang='lat' dir='ltr'><strong>innumeras-</strong></span> 
     </span>
    </p>
   </div>
   <div class='ocr_carea' id='block_1_78' title="bbox 512 4459 2077 4532">
    <p class='ocr_par' dir='ltr' id='par_1_78' title="bbox 512 4459 2077 4532">
     <span class='ocr_line' id='line_1_79' title="bbox 512 4459 2077 4532; baseline 0.007 -22"><span class='ocrx_word' id='word_1_631' title='bbox 512 4459 647 4512; x_wconf 85' lang='lat' dir='ltr'><strong>alias</strong></span> <span class='ocrx_word' id='word_1_632' title='bbox 675 4461 1112 4516; x_wconf 86' lang='lat' dir='ltr'><strong>nomenclaturas</strong></span> <span class='ocrx_word' id='word_1_633' title='bbox 1145 4471 1204 4516; x_wconf 90' lang='lat' dir='ltr'><strong>ut</strong></span> <span class='ocrx_word' id='word_1_634' title='bbox 1251 4464 1304 4516; x_wconf 93' lang='lat' dir='ltr'><strong>in</strong></span> <span class='ocrx_word' id='word_1_635' title='bbox 1343 4465 1772 4532; x_wconf 66' lang='lat' dir='ltr'><strong>praecedentibus</strong></span> <span class='ocrx_word' id='word_1_636' title='bbox 1801 4477 2077 4522; x_wconf 83' lang='lat' dir='ltr'><strong>ostensum</strong></span> 
     </span>
    </p>
   </div>
   <div class='ocr_carea' id='block_1_79' title="bbox 511 4551 2076 4624">
    <p class='ocr_par' dir='ltr' id='par_1_79' title="bbox 511 4551 2076 4624">
     <span class='ocr_line' id='line_1_80' title="bbox 511 4551 2076 4624; baseline 0.008 -24"><span class='ocrx_word' id='word_1_637' title='bbox 511 4559 614 4601; x_wconf 81' lang='lat' dir='ltr'><strong>est.</strong></span> <span class='ocrx_word' id='word_1_638' title='bbox 656 4551 794 4614; x_wconf 80' lang='lat' dir='ltr'><strong>Quid</strong></span> <span class='ocrx_word' id='word_1_639' title='bbox 821 4567 998 4606; x_wconf 72' lang='lat' dir='ltr'><strong>causa:</strong></span> <span class='ocrx_word' id='word_1_640' title='bbox 1029 4553 1214 4616; x_wconf 78' lang='lat' dir='ltr'><strong>fuerit,</strong></span> <span class='ocrx_word' id='word_1_641' title='bbox 1245 4562 1302 4605; x_wconf 87' lang='lat' dir='ltr'><strong>ut</strong></span> <span class='ocrx_word' id='word_1_642' title='bbox 1344 4569 1467 4623; x_wconf 71' lang='lat' dir='ltr'><strong>cum</strong></span> <span class='ocrx_word' id='word_1_643' title='bbox 1499 4563 1576 4608; x_wconf 86' lang='lat' dir='ltr'><strong>tot</strong></span> <span class='ocrx_word' id='word_1_644' title='bbox 1619 4557 1731 4610; x_wconf 91' lang='lat' dir='ltr'><strong>sint</strong></span> <span class='ocrx_word' id='word_1_645' title='bbox 1756 4567 1810 4610; x_wconf 91' lang='lat' dir='ltr'><strong>et</strong></span> <span class='ocrx_word' id='word_1_646' title='bbox 1841 4558 1996 4624; x_wconf 87' lang='lat' dir='ltr'><strong>tales,</strong></span> <span class='ocrx_word' id='word_1_647' title='bbox 2026 4560 2076 4613; x_wconf 95' lang='lat' dir='ltr'><strong>in</strong></span> 
     </span>
    </p>
   </div>
   <div class='ocr_carea' id='block_1_80' title="bbox 511 4637 2078 4704">
    <p class='ocr_par' dir='ltr' id='par_1_80' title="bbox 511 4637 2078 4704">
     <span class='ocr_line' id='line_1_81' title="bbox 511 4637 2078 4704; baseline 0.008 -16"><span class='ocrx_word' id='word_1_648' title='bbox 511 4637 658 4690; x_wconf 87' lang='lat' dir='ltr'><strong>nulla</strong></span> <span class='ocrx_word' id='word_1_649' title='bbox 709 4639 815 4692; x_wconf 87' lang='lat' dir='ltr'><strong>alia</strong></span> <span class='ocrx_word' id='word_1_650' title='bbox 870 4641 1172 4695; x_wconf 86' lang='lat' dir='ltr'><strong>substiterit</strong></span> <span class='ocrx_word' id='word_1_651' title='bbox 1209 4640 1464 4704; x_wconf 87' lang='lat' dir='ltr'><strong>dictione,</strong></span> <span class='ocrx_word' id='word_1_652' title='bbox 1507 4641 1602 4696; x_wconf 78' lang='lat' dir='ltr'><strong>sed</strong></span> <span class='ocrx_word' id='word_1_653' title='bbox 1664 4657 1764 4698; x_wconf 92' lang='lat' dir='ltr'><strong>nec</strong></span> <span class='ocrx_word' id='word_1_654' title='bbox 1815 4645 2078 4700; x_wconf 85' lang='lat' dir='ltr'><strong>curiosius</strong></span> 
     </span>
    </p>
   </div>
   <div class='ocr_carea' id='block_1_81' title="bbox 2251 3655 3746 3729">
    <p class='ocr_par' dir='ltr' id='par_1_81' title="bbox 2251 3655 3746 3729">
     <span class='ocr_line' id='line_1_82' title="bbox 2251 3655 3746 3729; baseline -0.003 -16"><span class='ocrx_word' id='word_1_655' title='bbox 2251 3660 2442 3713; x_wconf 84' lang='grc' dir='ltr'>Καίτοι</span> <span class='ocrx_word' id='word_1_656' title='bbox 2485 3660 2546 3712; x_wconf 78' lang='grc' dir='ltr'><strong>οὐ</strong></span> <span class='ocrx_word' id='word_1_657' title='bbox 2575 3660 2745 3726; x_wconf 81' lang='grc' dir='ltr'>Λόγον</span> <span class='ocrx_word' id='word_1_658' title='bbox 2784 3661 2941 3729; x_wconf 88' lang='grc' dir='ltr'>μόνον</span> <span class='ocrx_word' id='word_1_659' title='bbox 2975 3661 3136 3722; x_wconf 75' lang='grc' dir='ltr'>αὐτὸς</span> <span class='ocrx_word' id='word_1_660' title='bbox 3169 3661 3198 3713; x_wconf 88' lang='grc' dir='ltr'><strong>ό</strong></span> <span class='ocrx_word' id='word_1_661' title='bbox 3251 3658 3427 3727; x_wconf 83' lang='grc' dir='ltr'>μέγας</span> <span class='ocrx_word' id='word_1_662' title='bbox 3464 3658 3558 3710; x_wconf 72' lang='grc' dir='ltr'><strong>καὶ</strong></span> <span class='ocrx_word' id='word_1_663' title='bbox 3607 3655 3746 3719; x_wconf 81' lang='grc' dir='ltr'>θεῖος</span> 
     </span>
    </p>
   </div>
   <div class='ocr_carea' id='block_1_82' title="bbox 2180 3735 3742 3820">
    <p class='ocr_par' dir='ltr' id='par_1_82' title="bbox 2180 3735 3742 3820">
     <span class='ocr_line' id='line_1_83' title="bbox 2180 3735 3742 3820; baseline -0.003 -18"><span class='ocrx_word' id='word_1_664' title='bbox 2180 3747 2568 3820; x_wconf 79' lang='grc' dir='ltr'>εὐαγγελιστὴς</span> <span class='ocrx_word' id='word_1_665' title='bbox 2602 3749 2889 3820; x_wconf 82' lang='grc' dir='ltr'>κέκληκεν,</span> <span class='ocrx_word' id='word_1_666' title='bbox 2939 3749 3014 3812; x_wconf 85' lang='grc' dir='ltr'><strong>ὡς</strong></span> <span class='ocrx_word' id='word_1_667' title='bbox 3048 3748 3306 3811; x_wconf 83' lang='grc' dir='ltr'>πολλάκις</span> <span class='ocrx_word' id='word_1_668' title='bbox 3341 3750 3471 3818; x_wconf 78' lang='grc' dir='ltr'>ἡμῖν</span> <span class='ocrx_word' id='word_1_669' title='bbox 3513 3735 3742 3818; x_wconf 78' lang='grc' dir='ltr'>εἴρηται.</span> 
     </span>
    </p>
   </div>
   <div class='ocr_carea' id='block_1_83' title="bbox 2181 3836 3740 3906">
    <p class='ocr_par' dir='ltr' id='par_1_83' title="bbox 2181 3836 3740 3906">
     <span class='ocr_line' id='line_1_84' title="bbox 2181 3836 3740 3906; baseline -0.001 -14"><span class='ocrx_word' id='word_1_670' title='bbox 2181 3837 2317 3896; x_wconf 69' lang='grc' dir='ltr'>ἀλλὰ</span> <span class='ocrx_word' id='word_1_671' title='bbox 2363 3839 2454 3891; x_wconf 77' lang='grc' dir='ltr'><strong>καὶ</strong></span> <span class='ocrx_word' id='word_1_672' title='bbox 2487 3840 2637 3894; x_wconf 68' lang='grc' dir='ltr'>θεὸν,</span> <span class='ocrx_word' id='word_1_673' title='bbox 2673 3841 2764 3891; x_wconf 73' lang='grc' dir='ltr'><strong>καὶ</strong></span> <span class='ocrx_word' id='word_1_674' title='bbox 2798 3841 2936 3904; x_wconf 83' lang='grc' dir='ltr'>Φῶς,</span> <span class='ocrx_word' id='word_1_675' title='bbox 2974 3841 3068 3894; x_wconf 75' lang='grc' dir='ltr'>καὶ</span> <span class='ocrx_word' id='word_1_676' title='bbox 3097 3839 3244 3904; x_wconf 80' lang='grc' dir='ltr'>Υίὸν,</span> <span class='ocrx_word' id='word_1_677' title='bbox 3293 3840 3388 3892; x_wconf 73' lang='grc' dir='ltr'><strong>καὶ</strong></span> <span class='ocrx_word' id='word_1_678' title='bbox 3431 3836 3740 3906; x_wconf 77' lang='grc' dir='ltr'>Μονογενῆ·</span> 
     </span>
    </p>
   </div>
   <div class='ocr_carea' id='block_1_84' title="bbox 2182 3928 3745 4002">
    <p class='ocr_par' dir='ltr' id='par_1_84' title="bbox 2182 3928 3745 4002">
     <span class='ocr_line' id='line_1_85' title="bbox 2182 3928 3745 4002; baseline -0.003 -18"><span class='ocrx_word' id='word_1_679' title='bbox 2182 3930 2345 3984; x_wconf 82' lang='grc' dir='ltr'>αὐτόν</span> <span class='ocrx_word' id='word_1_680' title='bbox 2376 3947 2435 3983; x_wconf 88' lang='grc' dir='ltr'><strong>τε</strong></span> <span class='ocrx_word' id='word_1_681' title='bbox 2473 3931 2564 3983; x_wconf 82' lang='grc' dir='ltr'><strong>τὸν</strong></span> <span class='ocrx_word' id='word_1_682' title='bbox 2611 3931 2838 4002; x_wconf 81' lang='grc' dir='ltr'>Σωτῆρα</span> <span class='ocrx_word' id='word_1_683' title='bbox 2888 3934 3091 4002; x_wconf 81' lang='grc' dir='ltr'>ἱστορεῖ</span> <span class='ocrx_word' id='word_1_684' title='bbox 3146 3931 3336 3983; x_wconf 77' lang='grc' dir='ltr'>ἑαυτὸν</span> <span class='ocrx_word' id='word_1_685' title='bbox 3375 3928 3745 3983; x_wconf 78' lang='grc' dir='ltr'>ἀποκαλοῦντα</span> 
     </span>
    </p>
   </div>
   <div class='ocr_carea' id='block_1_85' title="bbox 2181 4016 3745 4090">
    <p class='ocr_par' dir='ltr' id='par_1_85' title="bbox 2181 4016 3745 4090">
     <span class='ocr_line' id='line_1_86' title="bbox 2181 4016 3745 4090; baseline 0.002 -21"><span class='ocrx_word' id='word_1_686' title='bbox 2181 4016 2338 4085; x_wconf 87' lang='grc' dir='ltr'>λόγον</span> <span class='ocrx_word' id='word_1_687' title='bbox 2367 4018 2465 4088; x_wconf 82' lang='grc' dir='ltr'><strong>μὲν</strong></span> <span class='ocrx_word' id='word_1_688' title='bbox 2494 4017 2730 4087; x_wconf 77' lang='grc' dir='ltr'>οὐδαμοῦ</span> <span class='ocrx_word' id='word_1_689' title='bbox 2758 4020 2856 4089; x_wconf 82' lang='grc' dir='ltr'>τῆς</span> <span class='ocrx_word' id='word_1_690' title='bbox 2885 4021 2922 4071; x_wconf 85' lang='grc' dir='ltr'>Γ</span> <span class='ocrx_word' id='word_1_691' title='bbox 2928 4021 3124 4090; x_wconf 59' lang='lat' dir='ltr'><strong>pacatis.</strong></span> <span class='ocrx_word' id='word_1_692' title='bbox 3159 4021 3224 4074; x_wconf 82' lang='grc' dir='ltr'>δι’</span> <span class='ocrx_word' id='word_1_693' title='bbox 3248 4020 3370 4074; x_wconf 82' lang='grc' dir='ltr'>ὅλου</span> <span class='ocrx_word' id='word_1_694' title='bbox 3390 4021 3447 4074; x_wconf 83' lang='grc' dir='ltr'>δὲ</span> <span class='ocrx_word' id='word_1_695' title='bbox 3464 4019 3558 4072; x_wconf 87' lang='grc' dir='ltr'><strong>τοῦ</strong></span> <span class='ocrx_word' id='word_1_696' title='bbox 3579 4020 3745 4086; x_wconf 76' lang='grc' dir='ltr'>Εὐαγ-</span> 
     </span>
    </p>
   </div>
   <div class='ocr_carea' id='block_1_86' title="bbox 2182 4109 3740 4182">
    <p class='ocr_par' dir='ltr' id='par_1_86' title="bbox 2182 4109 3740 4182">
     <span class='ocr_line' id='line_1_87' title="bbox 2182 4109 3740 4182; baseline 0.001 -20"><span class='ocrx_word' id='word_1_697' title='bbox 2182 4109 2363 4176; x_wconf 90' lang='grc' dir='ltr'>γελίου</span> <span class='ocrx_word' id='word_1_698' title='bbox 2392 4109 2535 4180; x_wconf 73' lang='grc' dir='ltr'>ζωὴν</span> <span class='ocrx_word' id='word_1_699' title='bbox 2559 4111 2650 4163; x_wconf 69' lang='grc' dir='ltr'><strong>καὶ</strong></span> <span class='ocrx_word' id='word_1_700' title='bbox 2680 4110 2812 4178; x_wconf 75' lang='grc' dir='ltr'>φῶς,</span> <span class='ocrx_word' id='word_1_701' title='bbox 2845 4112 2938 4163; x_wconf 74' lang='grc' dir='ltr'><strong>καὶ</strong></span> <span class='ocrx_word' id='word_1_702' title='bbox 2975 4112 3272 4182; x_wconf 82' lang='grc' dir='ltr'>Μονογενῆ,</span> <span class='ocrx_word' id='word_1_703' title='bbox 3306 4115 3397 4166; x_wconf 80' lang='grc' dir='ltr'><strong>καὶ</strong></span> <span class='ocrx_word' id='word_1_704' title='bbox 3433 4112 3558 4164; x_wconf 80' lang='grc' dir='ltr'>Υίὸν</span> <span class='ocrx_word' id='word_1_705' title='bbox 3589 4109 3740 4175; x_wconf 85' lang='grc' dir='ltr'>Θεοῦ,</span> 
     </span>
    </p>
   </div>
   <div class='ocr_carea' id='block_1_87' title="bbox 2186 4199 3742 4273">
    <p class='ocr_par' dir='ltr' id='par_1_87' title="bbox 2186 4199 3742 4273">
     <span class='ocr_line' id='line_1_88' title="bbox 2186 4199 3742 4273; baseline 0.001 -21"><span class='ocrx_word' id='word_1_706' title='bbox 2186 4199 2274 4252; x_wconf 80' lang='grc' dir='ltr'><strong>καὶ</strong></span> <span class='ocrx_word' id='word_1_707' title='bbox 2301 4199 2577 4270; x_wconf 78' lang='grc' dir='ltr'>ἀλήθειαν,</span> <span class='ocrx_word' id='word_1_708' title='bbox 2621 4201 2714 4253; x_wconf 75' lang='grc' dir='ltr'>καὶ</span> <span class='ocrx_word' id='word_1_709' title='bbox 2738 4201 3052 4264; x_wconf 78' lang='grc' dir='ltr'>ἀνάστασιν,</span> <span class='ocrx_word' id='word_1_710' title='bbox 3091 4204 3183 4256; x_wconf 72' lang='grc' dir='ltr'><strong>καὶ</strong></span> <span class='ocrx_word' id='word_1_711' title='bbox 3234 4203 3396 4273; x_wconf 75' lang='grc' dir='ltr'>ἄρτον</span> <span class='ocrx_word' id='word_1_712' title='bbox 3443 4203 3603 4272; x_wconf 80' lang='grc' dir='ltr'>ζωῆς,</span> <span class='ocrx_word' id='word_1_713' title='bbox 3650 4205 3742 4255; x_wconf 69' lang='grc' dir='ltr'><strong>καὶ</strong></span> 
     </span>
    </p>
   </div>
   <div class='ocr_carea' id='block_1_88' title="bbox 2182 4289 3742 4365">
    <p class='ocr_par' dir='ltr' id='par_1_88' title="bbox 2182 4289 3742 4365">
     <span class='ocr_line' id='line_1_89' title="bbox 2182 4289 3742 4365; baseline 0.001 -20"><span class='ocrx_word' id='word_1_714' title='bbox 2182 4289 2446 4358; x_wconf 77' lang='grc' dir='ltr'>ἄμπελον,</span> <span class='ocrx_word' id='word_1_715' title='bbox 2479 4293 2570 4344; x_wconf 79' lang='grc' dir='ltr'><strong>καὶ</strong></span> <span class='ocrx_word' id='word_1_716' title='bbox 2591 4293 2844 4362; x_wconf 81' lang='grc' dir='ltr'>ποιμένα,</span> <span class='ocrx_word' id='word_1_717' title='bbox 2882 4295 2975 4346; x_wconf 72' lang='grc' dir='ltr'><strong>καὶ</strong></span> <span class='ocrx_word' id='word_1_718' title='bbox 3011 4294 3178 4363; x_wconf 86' lang='grc' dir='ltr'>μυρία</span> <span class='ocrx_word' id='word_1_719' title='bbox 3219 4294 3408 4365; x_wconf 73' lang='grc' dir='ltr'>ἕτερα,</span> <span class='ocrx_word' id='word_1_720' title='bbox 3431 4295 3612 4364; x_wconf 81' lang='grc' dir='ltr'>ὥσπερ</span> <span class='ocrx_word' id='word_1_721' title='bbox 3650 4290 3742 4347; x_wconf 74' lang='grc' dir='ltr'><strong>οὖν</strong></span> 
     </span>
    </p>
   </div>
   <div class='ocr_carea' id='block_1_89' title="bbox 2181 4379 3840 4452">
    <p class='ocr_par' dir='ltr' id='par_1_89' title="bbox 2181 4379 3840 4452">
     <span class='ocr_line' id='line_1_90' title="bbox 2181 4379 3840 4452; baseline 0.003 -20"><span class='ocrx_word' id='word_1_722' title='bbox 2181 4380 2281 4448; x_wconf 69' lang='grc' dir='ltr'>ἤδη</span> <span class='ocrx_word' id='word_1_723' title='bbox 2325 4380 2714 4451; x_wconf 83' lang='grc' dir='ltr'>προδέδεικται.</span> <span class='ocrx_word' id='word_1_724' title='bbox 2747 4382 2810 4434; x_wconf 88' lang='grc' dir='ltr'>Τί</span> <span class='ocrx_word' id='word_1_725' title='bbox 2861 4383 2921 4452; x_wconf 85' lang='grc' dir='ltr'>δή</span> <span class='ocrx_word' id='word_1_726' title='bbox 2969 4386 3085 4436; x_wconf 84' lang='grc' dir='ltr'>ποτ’</span> <span class='ocrx_word' id='word_1_727' title='bbox 3120 4379 3213 4436; x_wconf 77' lang='grc' dir='ltr'>οὖν</span> <span class='ocrx_word' id='word_1_728' title='bbox 3255 4384 3523 4438; x_wconf 77' lang='grc' dir='ltr'>τοσούτων</span> <span class='ocrx_word' id='word_1_729' title='bbox 3555 4385 3739 4449; x_wconf 84' lang='grc' dir='ltr'>όντων,</span> <span class='ocrx_word' id='word_1_730' title='bbox 3835 4445 3840 4447; x_wconf 93' lang='lat'>_</span> 
     </span>
    </p>
   </div>
   <div class='ocr_carea' id='block_1_90' title="bbox 2180 4469 3741 4544">
    <p class='ocr_par' dir='ltr' id='par_1_90' title="bbox 2180 4469 3741 4544">
     <span class='ocr_line' id='line_1_91' title="bbox 2180 4469 3741 4544; baseline 0.004 -24"><span class='ocrx_word' id='word_1_731' title='bbox 2180 4469 2272 4521; x_wconf 78' lang='grc' dir='ltr'><strong>ἐπὶ</strong></span> <span class='ocrx_word' id='word_1_732' title='bbox 2309 4471 2407 4539; x_wconf 83' lang='grc' dir='ltr'><strong>μὲν</strong></span> <span class='ocrx_word' id='word_1_733' title='bbox 2441 4471 2546 4523; x_wconf 85' lang='grc' dir='ltr'>τῶν</span> <span class='ocrx_word' id='word_1_734' title='bbox 2593 4473 2790 4525; x_wconf 82' lang='grc' dir='ltr'>λοιπῶν</span> <span class='ocrx_word' id='word_1_735' title='bbox 2828 4474 3082 4527; x_wconf 70' lang='grc' dir='ltr'>ἁπάντων</span> <span class='ocrx_word' id='word_1_736' title='bbox 3131 4475 3226 4544; x_wconf 79' lang='grc' dir='ltr'>οὐχ</span> <span class='ocrx_word' id='word_1_737' title='bbox 3260 4476 3470 4527; x_wconf 76' lang='grc' dir='ltr'>ἵσταται</span> <span class='ocrx_word' id='word_1_738' title='bbox 3517 4476 3630 4544; x_wconf 79' lang='grc'><strong>(18)</strong></span> <span class='ocrx_word' id='word_1_739' title='bbox 3652 4476 3741 4527; x_wconf 70' lang='grc' dir='ltr'>ἐπὶ</span> 
     </span>
    </p>
   </div>
   <div class='ocr_carea' id='block_1_91' title="bbox 2178 4556 3744 4632">
    <p class='ocr_par' dir='ltr' id='par_1_91' title="bbox 2178 4556 3744 4632">
     <span class='ocr_line' id='line_1_92' title="bbox 2178 4556 3744 4632; baseline -0.004 -12"><span class='ocrx_word' id='word_1_740' title='bbox 2178 4556 2279 4626; x_wconf 83' lang='grc' dir='ltr'><strong>τῆς</strong></span> <span class='ocrx_word' id='word_1_741' title='bbox 2311 4558 2528 4622; x_wconf 78' lang='grc' dir='ltr'>λέξεως,</span> <span class='ocrx_word' id='word_1_742' title='bbox 2557 4559 2654 4631; x_wconf 81' lang='grc' dir='ltr'>τὴν</span> <span class='ocrx_word' id='word_1_743' title='bbox 2703 4560 2759 4614; x_wconf 81' lang='grc' dir='ltr'>δὲ</span> <span class='ocrx_word' id='word_1_744' title='bbox 2807 4561 2912 4614; x_wconf 80' lang='grc' dir='ltr'><strong>τῶν</strong></span> <span class='ocrx_word' id='word_1_745' title='bbox 2945 4562 3250 4632; x_wconf 83' lang='grc' dir='ltr'>λεγομένων</span> <span class='ocrx_word' id='word_1_746' title='bbox 3297 4563 3531 4616; x_wconf 78' lang='grc' dir='ltr'>διάνοιαν</span> <span class='ocrx_word' id='word_1_747' title='bbox 3585 4563 3744 4614; x_wconf 86' lang='grc' dir='ltr'>πολυ-</span> 
     </span>
    </p>
   </div>
   <div class='ocr_carea' id='block_1_92' title="bbox 2182 4649 3743 4722">
    <p class='ocr_par' dir='ltr' id='par_1_92' title="bbox 2182 4649 3743 4722">
     <span class='ocr_line' id='line_1_93' title="bbox 2182 4649 3743 4722; baseline 0.006 -27"><span class='ocrx_word' id='word_1_748' title='bbox 2182 4651 2507 4716; x_wconf 86' lang='grc' dir='ltr'>πραγμονεῖ.</span> <span class='ocrx_word' id='word_1_749' title='bbox 2531 4649 2624 4701; x_wconf 72' lang='grc' dir='ltr'><strong>ἐπὶ</strong></span> <span class='ocrx_word' id='word_1_750' title='bbox 2659 4649 2713 4702; x_wconf 83' lang='grc' dir='ltr'>δὲ</span> <span class='ocrx_word' id='word_1_751' title='bbox 2748 4651 2907 4718; x_wconf 84' lang='grc' dir='ltr'>μόνου</span> <span class='ocrx_word' id='word_1_752' title='bbox 2937 4652 3029 4704; x_wconf 87' lang='grc' dir='ltr'><strong>τοῦ</strong></span> <span class='ocrx_word' id='word_1_753' title='bbox 3073 4653 3247 4719; x_wconf 81' lang='grc' dir='ltr'>Λόγου</span> <span class='ocrx_word' id='word_1_754' title='bbox 3279 4651 3743 4722; x_wconf 79' lang='grc' dir='ltr'>κυριολεκτεῖσθαι</span> 
     </span>
    </p>
   </div>
   <div class='ocr_carea' id='block_1_93' title="bbox 510 4730 2083 4813">
    <p class='ocr_par' dir='ltr' id='par_1_93' title="bbox 510 4730 2074 4800">
     <span class='ocr_line' id='line_1_94' title="bbox 510 4730 2074 4800; baseline 0.005 -20"><span class='ocrx_word' id='word_1_755' title='bbox 510 4730 798 4784; x_wconf 83' lang='lat' dir='ltr'><strong>verborum</strong></span> <span class='ocrx_word' id='word_1_756' title='bbox 844 4747 1061 4785; x_wconf 88' lang='lat' dir='ltr'><strong>sensum</strong></span> <span class='ocrx_word' id='word_1_757' title='bbox 1109 4740 1341 4800; x_wconf 80' lang='lat' dir='ltr'><strong>satagat,</strong></span> <span class='ocrx_word' id='word_1_758' title='bbox 1375 4733 1467 4785; x_wconf 85' lang='lat' dir='ltr'><strong>sed</strong></span> <span class='ocrx_word' id='word_1_759' title='bbox 1503 4733 1669 4787; x_wconf 87' lang='lat' dir='ltr'><strong>solius</strong></span> <span class='ocrx_word' id='word_1_760' title='bbox 1702 4733 1860 4789; x_wconf 88' lang='lat' dir='ltr'><strong>Verbi</strong></span> <span class='ocrx_word' id='word_1_761' title='bbox 1891 4751 2074 4791; x_wconf 90' lang='lat' dir='ltr'><strong>vocem</strong></span> 
     </span>
    </p>
   </div>
   <div class='ocr_carea' id='block_1_94' title="bbox 2185 4730 3743 4813">
    <p class='ocr_par' dir='ltr' id='par_1_94' title="bbox 2185 4736 3743 4813">
     <span class='ocr_line' id='line_1_95' title="bbox 2185 4736 3743 4813; baseline 0.003 -26"><span class='ocrx_word' id='word_1_762' title='bbox 2185 4736 2336 4788; x_wconf 79' lang='grc' dir='ltr'>αὐτόν</span> <span class='ocrx_word' id='word_1_763' title='bbox 2356 4755 2539 4806; x_wconf 80' lang='grc' dir='ltr'>φησιν,</span> <span class='ocrx_word' id='word_1_764' title='bbox 2567 4740 2642 4804; x_wconf 86' lang='grc' dir='ltr'>ὡς</span> <span class='ocrx_word' id='word_1_765' title='bbox 2665 4743 2814 4795; x_wconf 74' lang='grc' dir='ltr'>οὐδὲν</span> <span class='ocrx_word' id='word_1_766' title='bbox 2858 4742 2988 4796; x_wconf 81' lang='grc' dir='ltr'>ὄντα</span> <span class='ocrx_word' id='word_1_767' title='bbox 3021 4743 3260 4813; x_wconf 73' lang='grc' dir='ltr'>ἓτερονῆ</span> <span class='ocrx_word' id='word_1_768' title='bbox 3293 4743 3498 4810; x_wconf 75' lang='grc' dir='ltr'>Λόγονς</span> <span class='ocrx_word' id='word_1_769' title='bbox 3542 4743 3743 4812; x_wconf 74' lang='grc' dir='ltr'>Γράφει</span> 
     </span>
    </p>
   </div>
   <div class='ocr_carea' id='block_1_95' title="bbox 518 4820 2074 4894">
    <p class='ocr_par' dir='ltr' id='par_1_95' title="bbox 518 4820 2074 4894">
     <span class='ocr_line' id='line_1_96' title="bbox 518 4820 2074 4894; baseline 0.007 -25"><span class='ocrx_word' id='word_1_770' title='bbox 518 4823 734 4888; x_wconf 83' lang='lat' dir='ltr'><strong>proprie</strong></span> <span class='ocrx_word' id='word_1_771' title='bbox 784 4821 851 4874; x_wconf 86' lang='lat' dir='ltr'><strong>de</strong></span> <span class='ocrx_word' id='word_1_772' title='bbox 906 4820 997 4875; x_wconf 87' lang='lat' dir='ltr'><strong>illo</strong></span> <span class='ocrx_word' id='word_1_773' title='bbox 1046 4821 1246 4875; x_wconf 82' lang='lat' dir='ltr'><strong>dixerit</strong></span> <span class='ocrx_word' id='word_1_774' title='bbox 1306 4831 1639 4890; x_wconf 89' lang='lat' dir='ltr'><strong>usurpatam,</strong></span> <span class='ocrx_word' id='word_1_775' title='bbox 1669 4825 1822 4892; x_wconf 87' lang='lat' dir='ltr'><strong>quasi</strong></span> <span class='ocrx_word' id='word_1_776' title='bbox 1877 4837 2074 4894; x_wconf 72' lang='lat' dir='ltr'><strong>praeter</strong></span> 
     </span>
    </p>
   </div>
   <div class='ocr_carea' id='block_1_96' title="bbox 509 4906 2071 4968">
    <p class='ocr_par' dir='ltr' id='par_1_96' title="bbox 509 4906 2071 4968">
     <span class='ocr_line' id='line_1_97' title="bbox 509 4906 2071 4968; baseline 0.005 -8"><span class='ocrx_word' id='word_1_777' title='bbox 509 4906 746 4965; x_wconf 87' lang='lat' dir='ltr'><strong>Verbum</strong></span> <span class='ocrx_word' id='word_1_778' title='bbox 782 4911 882 4963; x_wconf 92' lang='lat' dir='ltr'><strong>hoc</strong></span> <span class='ocrx_word' id='word_1_779' title='bbox 914 4909 1044 4963; x_wconf 88' lang='lat' dir='ltr'><strong>nihil</strong></span> <span class='ocrx_word' id='word_1_780' title='bbox 1089 4909 1228 4963; x_wconf 79' lang='lat' dir='ltr'><strong>foret</strong></span> <span class='ocrx_word' id='word_1_781' title='bbox 1279 4908 1443 4963; x_wconf 89' lang='lat' dir='ltr'><strong>aliud.</strong></span> <span class='ocrx_word' id='word_1_782' title='bbox 1478 4910 1678 4965; x_wconf 83' lang='lat' dir='ltr'><strong>Scribit</strong></span> <span class='ocrx_word' id='word_1_783' title='bbox 1728 4923 1910 4968; x_wconf 90' lang='lat' dir='ltr'><strong>autem</strong></span> <span class='ocrx_word' id='word_1_784' title='bbox 1941 4915 2071 4968; x_wconf 27' lang='lat' dir='ltr'><strong>toti»,</strong></span> 
     </span>
    </p>
   </div>
   <div class='ocr_carea' id='block_1_97' title="bbox 509 4998 2074 5073">
    <p class='ocr_par' dir='ltr' id='par_1_97' title="bbox 509 4998 2074 5073">
     <span class='ocr_line' id='line_1_98' title="bbox 509 4998 2074 5073; baseline 0.007 -22"><span class='ocrx_word' id='word_1_785' title='bbox 509 5000 629 5053; x_wconf 86' lang='lat' dir='ltr'><strong>dem</strong></span> <span class='ocrx_word' id='word_1_786' title='bbox 667 5001 847 5054; x_wconf 88' lang='lat' dir='ltr'><strong>verbis</strong></span> <span class='ocrx_word' id='word_1_787' title='bbox 876 5016 890 5054; x_wconf 88' lang='lat'><strong>:</strong></span> <span class='ocrx_word' id='word_1_788' title='bbox 923 4998 1013 5072; x_wconf 75' lang='grc' dir='ltr'><strong>[Β.</strong></span> <span class='ocrx_word' id='word_1_789' title='bbox 1043 4998 1183 5073; x_wconf 76' lang='lat' dir='ltr'><strong>XL]</strong></span> <span class='ocrx_word' id='word_1_790' title='bbox 1222 5019 1240 5052; x_wconf 86' lang='grc' dir='ltr'><strong>ι</strong></span> <span class='ocrx_word' id='word_1_791' title='bbox 1268 5000 1384 5055; x_wconf 82' lang='lat' dir='ltr'><strong>Non</strong></span> <span class='ocrx_word' id='word_1_792' title='bbox 1439 5001 1655 5069; x_wconf 88' lang='lat' dir='ltr'><strong>quidem</strong></span> <span class='ocrx_word' id='word_1_793' title='bbox 1684 5007 2074 5062; x_wconf 87' lang='lat' dir='ltr'><strong>catachrestice</strong></span> 
     </span>
    </p>
   </div>
   <div class='ocr_carea' id='block_1_98' title="bbox 512 5091 2072 5161">
    <p class='ocr_par' dir='ltr' id='par_1_98' title="bbox 512 5091 2072 5161">
     <span class='ocr_line' id='line_1_99' title="bbox 512 5091 2072 5161; baseline 0.007 -20"><span class='ocrx_word' id='word_1_794' title='bbox 512 5108 532 5141; x_wconf 76' lang='grc' dir='ltr'><strong>ι</strong></span> <span class='ocrx_word' id='word_1_795' title='bbox 579 5092 889 5148; x_wconf 89' lang='lat' dir='ltr'><strong>nominatus</strong></span> <span class='ocrx_word' id='word_1_796' title='bbox 932 5093 1022 5147; x_wconf 89' lang='lat' dir='ltr'><strong>ille</strong></span> <span class='ocrx_word' id='word_1_797' title='bbox 1089 5091 1340 5156; x_wconf 87' lang='lat' dir='ltr'><strong>Verbum,</strong></span> <span class='ocrx_word' id='word_1_798' title='bbox 1371 5103 1690 5161; x_wconf 88' lang='lat' dir='ltr'><strong>rumpantur</strong></span> <span class='ocrx_word' id='word_1_799' title='bbox 1742 5094 1868 5149; x_wconf 84' lang='lat' dir='ltr'><strong>licet</strong></span> <span class='ocrx_word' id='word_1_800' title='bbox 1921 5113 2072 5152; x_wconf 86' lang='lat' dir='ltr'><strong>men-</strong></span> 
     </span>
    </p>
   </div>
   <div class='ocr_carea' id='block_1_99' title="bbox 515 5182 2074 5256">
    <p class='ocr_par' dir='ltr' id='par_1_99' title="bbox 515 5182 2074 5256">
     <span class='ocr_line' id='line_1_100' title="bbox 515 5182 2074 5256; baseline 0.01 -27"><span class='ocrx_word' id='word_1_801' title='bbox 515 5197 537 5229; x_wconf 72' lang='grc' dir='ltr'><strong>ι</strong></span> <span class='ocrx_word' id='word_1_802' title='bbox 589 5182 787 5246; x_wconf 88' lang='lat' dir='ltr'><strong>tiendo,</strong></span> <span class='ocrx_word' id='word_1_803' title='bbox 819 5183 910 5250; x_wconf 90' lang='lat' dir='ltr'><strong>qui</strong></span> <span class='ocrx_word' id='word_1_804' title='bbox 941 5183 1153 5237; x_wconf 87' lang='lat' dir='ltr'><strong>diversa</strong></span> <span class='ocrx_word' id='word_1_805' title='bbox 1186 5183 1404 5247; x_wconf 86' lang='lat' dir='ltr'><strong>docent,</strong></span> <span class='ocrx_word' id='word_1_806' title='bbox 1437 5182 1531 5237; x_wconf 90' lang='lat' dir='ltr'><strong>sed</strong></span> <span class='ocrx_word' id='word_1_807' title='bbox 1563 5197 1687 5238; x_wconf 89' lang='lat' dir='ltr'><strong>vere</strong></span> <span class='ocrx_word' id='word_1_808' title='bbox 1736 5194 1898 5256; x_wconf 86' lang='lat' dir='ltr'><strong>atque</strong></span> <span class='ocrx_word' id='word_1_809' title='bbox 1949 5203 2074 5256; x_wconf 87' lang='lat' dir='ltr'><strong>pro-</strong></span> 
     </span>
    </p>
   </div>
   <div class='ocr_carea' id='block_1_100' title="bbox 589 5272 1343 5344">
    <p class='ocr_par' dir='ltr' id='par_1_100' title="bbox 589 5272 1343 5344">
     <span class='ocr_line' id='line_1_101' title="bbox 589 5272 1343 5344; baseline 0.005 -22"><span class='ocrx_word' id='word_1_810' title='bbox 589 5278 646 5334; x_wconf 64' lang='grc' dir='ltr'><strong>&gt;Ῑ4</strong></span> <span class='ocrx_word' id='word_1_811' title='bbox 685 5272 1024 5344; x_wconf 59' lang='grc' dir='ltr'>ΕιιηΡιιιίε..</span> <span class='ocrx_word' id='word_1_812' title='bbox 1059 5291 1179 5344; x_wconf 79' lang='lat' dir='ltr'><strong>pag.</strong></span> <span class='ocrx_word' id='word_1_813' title='bbox 1227 5275 1343 5328; x_wconf 84' lang='grc'><strong>116.</strong></span> 
     </span>
    </p>
   </div>
   <div class='ocr_carea' id='block_1_101' title="bbox 584 5363 1566 5434">
    <p class='ocr_par' dir='ltr' id='par_1_101' title="bbox 584 5363 1566 5434">
     <span class='ocr_line' id='line_1_102' title="bbox 584 5363 1566 5434; baseline 0.005 -18"><span class='ocrx_word' id='word_1_814' title='bbox 584 5364 628 5394; x_wconf 79' lang='grc'><strong>⁸⁸</strong></span> <span class='ocrx_word' id='word_1_815' title='bbox 656 5363 844 5418; x_wconf 84' lang='lat' dir='ltr'><strong>Matth.</strong></span> <span class='ocrx_word' id='word_1_816' title='bbox 876 5382 1003 5432; x_wconf 77' lang='lat' dir='ltr'><strong>xxv,</strong></span> <span class='ocrx_word' id='word_1_817' title='bbox 1034 5369 1121 5422; x_wconf 64' lang='grc'><strong>54.</strong></span> <span class='ocrx_word' id='word_1_818' title='bbox 1198 5367 1242 5398; x_wconf 79' lang='grc'><strong>⁸³</strong></span> <span class='ocrx_word' id='word_1_819' title='bbox 1273 5367 1425 5422; x_wconf 83' lang='lat' dir='ltr'><strong>Joan.</strong></span> <span class='ocrx_word' id='word_1_820' title='bbox 1448 5385 1486 5434; x_wconf 83' lang='lat' dir='ltr'><strong>I,</strong></span> <span class='ocrx_word' id='word_1_821' title='bbox 1514 5373 1566 5421; x_wconf 78' lang='grc'><strong>1.</strong></span> 
     </span>
    </p>
   </div>
   <div class='ocr_carea' id='block_1_102' title="bbox 577 5455 1166 5530">
    <p class='ocr_par' dir='ltr' id='par_1_102' title="bbox 577 5455 1166 5530">
     <span class='ocr_line' id='line_1_103' title="bbox 577 5455 1166 5530; baseline 0.015 -8"><span class='ocrx_word' id='word_1_822' title='bbox 577 5460 594 5522; x_wconf 85' lang='grc'><strong>(</strong></span> <span class='ocrx_word' id='word_1_823' title='bbox 609 5456 689 5530; x_wconf 47' lang='lat' dir='ltr'><strong>lxii)</strong></span> <span class='ocrx_word' id='word_1_824' title='bbox 716 5455 885 5530; x_wconf 68' lang='grc' dir='ltr'><strong>Υμικο</strong></span> <span class='ocrx_word' id='word_1_825' title='bbox 909 5476 1019 5530; x_wconf 58' lang='lat' dir='ltr'><strong>om.</strong></span> <span class='ocrx_word' id='word_1_826' title='bbox 1039 5461 1166 5530; x_wconf 51' lang='grc' dir='ltr'><strong>γήνο</strong></span> 
     </span>
    </p>
   </div>
   <div class='ocr_carea' id='block_1_103' title="bbox 586 5525 1119 5596">
    <p class='ocr_par' dir='ltr' id='par_1_103' title="bbox 586 5525 1119 5596">
     <span class='ocr_line' id='line_1_104' title="bbox 586 5525 1119 5596; baseline 0.004 -18"><span class='ocrx_word' id='word_1_827' title='bbox 586 5527 696 5596; x_wconf 63' lang='grc'><strong>(16)</strong></span> <span class='ocrx_word' id='word_1_828' title='bbox 724 5525 894 5596; x_wconf 63' lang='lat' dir='ltr'><strong>Vulgo</strong></span> <span class='ocrx_word' id='word_1_829' title='bbox 922 5525 1119 5582; x_wconf 62' lang='grc' dir='ltr'>αὐτῶνξ</span> 
     </span>
    </p>
   </div>
   <div class='ocr_carea' id='block_1_104' title="bbox 580 5593 1223 5660">
    <p class='ocr_par' dir='ltr' id='par_1_104' title="bbox 580 5593 1223 5660">
     <span class='ocr_line' id='line_1_105' title="bbox 580 5593 1223 5660; baseline 0.012 -17"><span class='ocrx_word' id='word_1_830' title='bbox 580 5595 694 5660; x_wconf 71' lang='lat'><strong>(’7,</strong></span> <span class='ocrx_word' id='word_1_831' title='bbox 724 5593 896 5657; x_wconf 66' lang='lat' dir='ltr'><strong>Vulqu</strong></span> <span class='ocrx_word' id='word_1_832' title='bbox 920 5601 1066 5651; x_wconf 85' lang='lat' dir='ltr'><strong>deest</strong></span> <span class='ocrx_word' id='word_1_833' title='bbox 1106 5597 1223 5656; x_wconf 84' lang='grc' dir='ltr'>τοῦ.</span> 
     </span>
    </p>
   </div>
   <div class='ocr_carea' id='block_1_105' title="bbox 581 5661 2070 5744">
    <p class='ocr_par' dir='ltr' id='par_1_105' title="bbox 581 5661 2070 5744">
     <span class='ocr_line' id='line_1_106' title="bbox 581 5661 2070 5744; baseline 0.005 -26"><span class='ocrx_word' id='word_1_834' title='bbox 581 5661 692 5738; x_wconf 69' lang='grc'><strong>(18)</strong></span> <span class='ocrx_word' id='word_1_835' title='bbox 729 5665 854 5718; x_wconf 69' lang='grc' dir='ltr'><strong>Ἐπὶ</strong></span> <span class='ocrx_word' id='word_1_836' title='bbox 879 5664 989 5735; x_wconf 81' lang='grc' dir='ltr'>τῆς</span> <span class='ocrx_word' id='word_1_837' title='bbox 1009 5666 1249 5735; x_wconf 63' lang='grc' dir='ltr'>λέξεως.</span> <span class='ocrx_word' id='word_1_838' title='bbox 1273 5669 1452 5740; x_wconf 80' lang='lat' dir='ltr'><strong>Forte,</strong></span> <span class='ocrx_word' id='word_1_839' title='bbox 1478 5671 1610 5741; x_wconf 70' lang='grc' dir='ltr'>μηᾶ</span> <span class='ocrx_word' id='word_1_840' title='bbox 1628 5672 1723 5742; x_wconf 72' lang='grc' dir='ltr'><strong>τὴ)</strong></span> <span class='ocrx_word' id='word_1_841' title='bbox 1753 5670 1914 5739; x_wconf 77' lang='grc' dir='ltr'>λέξιν,</span> <span class='ocrx_word' id='word_1_842' title='bbox 1937 5672 2070 5744; x_wconf 68' lang='grc' dir='ltr'>μηδι</span> 
     </span>
    </p>
   </div>
   <div class='ocr_carea' id='block_1_106' title="bbox 2177 4823 3743 4902">
    <p class='ocr_par' dir='ltr' id='par_1_106' title="bbox 2177 4823 3743 4902">
     <span class='ocr_line' id='line_1_107' title="bbox 2177 4823 3743 4902; baseline 0.003 -25"><span class='ocrx_word' id='word_1_843' title='bbox 2177 4825 2223 4877; x_wconf 80' lang='grc' dir='ltr'>δ’</span> <span class='ocrx_word' id='word_1_844' title='bbox 2273 4823 2364 4880; x_wconf 78' lang='grc' dir='ltr'><strong>οὖν</strong></span> <span class='ocrx_word' id='word_1_845' title='bbox 2404 4830 2584 4894; x_wconf 73' lang='grc' dir='ltr'>αὐτοῖς</span> <span class='ocrx_word' id='word_1_846' title='bbox 2633 4833 2838 4901; x_wconf 74' lang='grc' dir='ltr'>ῥήμασι</span> <span class='ocrx_word' id='word_1_847' title='bbox 2861 4833 3065 4901; x_wconf 88' lang='grc' dir='ltr'>λέγων·</span> <span class='ocrx_word' id='word_1_848' title='bbox 3095 4852 3112 4882; x_wconf 80' lang='grc' dir='ltr'><strong>ι</strong></span> <span class='ocrx_word' id='word_1_849' title='bbox 3163 4833 3236 4885; x_wconf 78' lang='grc' dir='ltr'>Οῦ</span> <span class='ocrx_word' id='word_1_850' title='bbox 3294 4831 3743 4902; x_wconf 79' lang='grc' dir='ltr'>καταχρηστικῶς</span> 
     </span>
    </p>
   </div>
   <div class='ocr_carea' id='block_1_107' title="bbox 2185 4917 3744 4992">
    <p class='ocr_par' dir='ltr' id='par_1_107' title="bbox 2185 4917 3744 4992">
     <span class='ocr_line' id='line_1_108' title="bbox 2185 4917 3744 4992; baseline 0.003 -25"><span class='ocrx_word' id='word_1_851' title='bbox 2185 4933 2202 4965; x_wconf 76' lang='grc' dir='ltr'><strong>ι</strong></span> <span class='ocrx_word' id='word_1_852' title='bbox 2236 4917 2555 4987; x_wconf 67' lang='grc' dir='ltr'>ὀνομασθείς</span> <span class='ocrx_word' id='word_1_853' title='bbox 2585 4921 2790 4988; x_wconf 64' lang='grc' dir='ltr'>Λόγος,</span> <span class='ocrx_word' id='word_1_854' title='bbox 2820 4920 2920 4975; x_wconf 81' lang='grc' dir='ltr'>κᾶν</span> <span class='ocrx_word' id='word_1_855' title='bbox 2957 4919 3318 4992; x_wconf 77' lang='grc' dir='ltr'>διαρραγῶσιν</span> <span class='ocrx_word' id='word_1_856' title='bbox 3352 4923 3400 4973; x_wconf 84' lang='grc' dir='ltr'>οἱ</span> <span class='ocrx_word' id='word_1_857' title='bbox 3446 4919 3744 4990; x_wconf 75' lang='grc' dir='ltr'>ἑτεροδιδα-</span> 
     </span>
    </p>
   </div>
   <div class='ocr_carea' id='block_1_108' title="bbox 2187 5008 3746 5083">
    <p class='ocr_par' dir='ltr' id='par_1_108' title="bbox 2187 5008 3746 5083">
     <span class='ocr_line' id='line_1_109' title="bbox 2187 5008 3746 5083; baseline 0.002 -24"><span class='ocrx_word' id='word_1_858' title='bbox 2187 5027 2205 5058; x_wconf 82' lang='grc' dir='ltr'><strong>ι</strong></span> <span class='ocrx_word' id='word_1_859' title='bbox 2237 5009 2557 5073; x_wconf 84' lang='grc' dir='ltr'>σκαλοῦντες</span> <span class='ocrx_word' id='word_1_860' title='bbox 2597 5011 2930 5081; x_wconf 75' lang='grc' dir='ltr'>ψευδόμενοι,</span> <span class='ocrx_word' id='word_1_861' title='bbox 2962 5011 3099 5064; x_wconf 89' lang='grc' dir='ltr'><strong>ἀλλά</strong></span> <span class='ocrx_word' id='word_1_862' title='bbox 3131 5012 3334 5083; x_wconf 85' lang='grc' dir='ltr'>κυρίως</span> <span class='ocrx_word' id='word_1_863' title='bbox 3377 5027 3436 5062; x_wconf 87' lang='grc' dir='ltr'><strong>τε</strong></span> <span class='ocrx_word' id='word_1_864' title='bbox 3477 5009 3573 5062; x_wconf 77' lang='grc' dir='ltr'><strong>καὶ</strong></span> <span class='ocrx_word' id='word_1_865' title='bbox 3621 5008 3746 5079; x_wconf 84' lang='grc' dir='ltr'>ἀλη-</span> 
     </span>
    </p>
   </div>
   <div class='ocr_carea' id='block_1_109' title="bbox 2185 5100 3745 5172">
    <p class='ocr_par' dir='ltr' id='par_1_109' title="bbox 2185 5100 3745 5172">
     <span class='ocr_line' id='line_1_110' title="bbox 2185 5100 3745 5172; baseline 0.001 -21"><span class='ocrx_word' id='word_1_866' title='bbox 2185 5119 2204 5150; x_wconf 82' lang='grc' dir='ltr'><strong>ι</strong></span> <span class='ocrx_word' id='word_1_867' title='bbox 2244 5101 2350 5164; x_wconf 84' lang='grc' dir='ltr'><strong>θῶς</strong></span> <span class='ocrx_word' id='word_1_868' title='bbox 2387 5101 2645 5172; x_wconf 82' lang='grc' dir='ltr'>ὑπάρχων</span> <span class='ocrx_word' id='word_1_869' title='bbox 2674 5103 2862 5170; x_wconf 88' lang='grc' dir='ltr'>Λόγος.</span> <span class='ocrx_word' id='word_1_870' title='bbox 2901 5123 2918 5154; x_wconf 76' lang='grc' dir='ltr'><strong>ι</strong></span> <span class='ocrx_word' id='word_1_871' title='bbox 2960 5105 3068 5156; x_wconf 73' lang='grc' dir='ltr'>Καὶ</span> <span class='ocrx_word' id='word_1_872' title='bbox 3127 5102 3320 5156; x_wconf 77' lang='grc' dir='ltr'>πάλιν·</span> <span class='ocrx_word' id='word_1_873' title='bbox 3357 5119 3374 5150; x_wconf 79' lang='grc' dir='ltr'><strong>ι</strong></span> <span class='ocrx_word' id='word_1_874' title='bbox 3408 5100 3745 5154; x_wconf 82' lang='grc' dir='ltr'>Μανθανέτω</span> 
     </span>
    </p>
   </div>
   <div class='ocr_carea' id='block_1_110' title="bbox 2188 5193 3745 5268">
    <p class='ocr_par' dir='ltr' id='par_1_110' title="bbox 2188 5193 3745 5268">
     <span class='ocr_line' id='line_1_111' title="bbox 2188 5193 3745 5268; baseline 0.001 -24"><span class='ocrx_word' id='word_1_875' title='bbox 2188 5211 2206 5244; x_wconf 78' lang='grc' dir='ltr'><strong>ι</strong></span> <span class='ocrx_word' id='word_1_876' title='bbox 2242 5193 2419 5247; x_wconf 85' lang='grc' dir='ltr'>τοίνυν</span> <span class='ocrx_word' id='word_1_877' title='bbox 2451 5197 2585 5249; x_wconf 86' lang='grc' dir='ltr'>Θεοῦ</span> <span class='ocrx_word' id='word_1_878' title='bbox 2620 5198 2789 5266; x_wconf 86' lang='grc' dir='ltr'>Λόγον</span> <span class='ocrx_word' id='word_1_879' title='bbox 2820 5196 2930 5268; x_wconf 85' lang='grc'><strong>(19)</strong></span> <span class='ocrx_word' id='word_1_880' title='bbox 2962 5195 3293 5266; x_wconf 64' lang='grc' dir='ltr'>ἐληλυθέναι,</span> <span class='ocrx_word' id='word_1_881' title='bbox 3347 5195 3406 5246; x_wconf 77' lang='grc' dir='ltr'><strong>οὑ</strong></span> <span class='ocrx_word' id='word_1_882' title='bbox 3439 5193 3612 5262; x_wconf 78' lang='grc' dir='ltr'>Λόγον</span> <span class='ocrx_word' id='word_1_883' title='bbox 3645 5211 3745 5246; x_wconf 84' lang='grc' dir='ltr'>κα-</span> 
     </span>
    </p>
   </div>
   <div class='ocr_carea' id='block_1_111' title="bbox 2184 5465 3458 5537">
    <p class='ocr_par' dir='ltr' id='par_1_111' title="bbox 2184 5465 3458 5537">
     <span class='ocr_line' id='line_1_112' title="bbox 2184 5465 3458 5537; baseline 0.006 -20"><span class='ocrx_word' id='word_1_884' title='bbox 2184 5466 2302 5536; x_wconf 85' lang='grc' dir='ltr'>τὴν,</span> <span class='ocrx_word' id='word_1_885' title='bbox 2322 5465 2443 5537; x_wconf 61' lang='grc' dir='ltr'>τῶν</span> <span class='ocrx_word' id='word_1_886' title='bbox 2477 5477 2530 5520; x_wconf 89' lang='lat' dir='ltr'><strong>et</strong></span> <span class='ocrx_word' id='word_1_887' title='bbox 2561 5484 2722 5522; x_wconf 77' lang='lat' dir='ltr'><strong>voces</strong></span> <span class='ocrx_word' id='word_1_888' title='bbox 2743 5481 2795 5523; x_wconf 84' lang='lat' dir='ltr'><strong>et</strong></span> <span class='ocrx_word' id='word_1_889' title='bbox 2827 5470 3121 5537; x_wconf 78' lang='lat' dir='ltr'><strong>signiﬁcata</strong></span> <span class='ocrx_word' id='word_1_890' title='bbox 3149 5469 3350 5523; x_wconf 87' lang='lat' dir='ltr'><strong>omisit.</strong></span> <span class='ocrx_word' id='word_1_891' title='bbox 3388 5468 3458 5525; x_wconf 80' lang='grc' dir='ltr'><strong>Μ.</strong></span> 
     </span>
    </p>
   </div>
   <div class='ocr_carea' id='block_1_112' title="bbox 2253 5535 3739 5610">
    <p class='ocr_par' dir='ltr' id='par_1_112' title="bbox 2253 5535 3739 5610">
     <span class='ocr_line' id='line_1_113' title="bbox 2253 5535 3739 5610; baseline -0.005 -17"><span class='ocrx_word' id='word_1_892' title='bbox 2253 5535 2364 5604; x_wconf 79' lang='grc'><strong>(19)</strong></span> <span class='ocrx_word' id='word_1_893' title='bbox 2387 5537 2811 5610; x_wconf 69' lang='grc' dir='ltr'><strong>ΔἙληλυθέναι.</strong></span> <span class='ocrx_word' id='word_1_894' title='bbox 2844 5535 2980 5593; x_wconf 47' lang='lat' dir='ltr'><strong>Apte</strong></span> <span class='ocrx_word' id='word_1_895' title='bbox 3015 5539 3451 5610; x_wconf 82' lang='grc' dir='ltr'>κατεληλυθέναι.</span> <span class='ocrx_word' id='word_1_896' title='bbox 3483 5539 3607 5604; x_wconf 62' lang='lat' dir='ltr'><strong>Quae</strong></span> <span class='ocrx_word' id='word_1_897' title='bbox 3659 5537 3739 5610; x_wconf 81' lang='lat' dir='ltr'><strong>di-</strong></span> 
     </span>
    </p>
   </div>
   <div class='ocr_carea' id='block_1_113' title="bbox 2179 5606 3738 5676">
    <p class='ocr_par' dir='ltr' id='par_1_113' title="bbox 2179 5606 3738 5676">
     <span class='ocr_line' id='line_1_114' title="bbox 2179 5606 3738 5676; baseline 0.002 -22"><span class='ocrx_word' id='word_1_898' title='bbox 2179 5615 2356 5676; x_wconf 73' lang='lat' dir='ltr'><strong>sputat</strong></span> <span class='ocrx_word' id='word_1_899' title='bbox 2387 5606 2438 5658; x_wconf 91' lang='lat' dir='ltr'><strong>in</strong></span> <span class='ocrx_word' id='word_1_900' title='bbox 2473 5611 2840 5676; x_wconf 72' lang='lat' dir='ltr'><strong>irquenlibns,</strong></span> <span class='ocrx_word' id='word_1_901' title='bbox 2876 5620 2998 5662; x_wconf 84' lang='lat' dir='ltr'><strong>sunt</strong></span> <span class='ocrx_word' id='word_1_902' title='bbox 3036 5606 3255 5662; x_wconf 81' lang='lat' dir='ltr'><strong>crambe</strong></span> <span class='ocrx_word' id='word_1_903' title='bbox 3290 5611 3374 5661; x_wconf 76' lang='lat' dir='ltr'><strong>his</strong></span> <span class='ocrx_word' id='word_1_904' title='bbox 3423 5610 3612 5676; x_wconf 70' lang='lat' dir='ltr'><strong>posita,</strong></span> <span class='ocrx_word' id='word_1_905' title='bbox 3648 5607 3738 5657; x_wconf 69' lang='lat'><strong>0&#39;3-</strong></span> 
     </span>
    </p>
   </div>
   <div class='ocr_carea' id='block_1_114' title="bbox 2178 5673 3733 5748">
    <p class='ocr_par' dir='ltr' id='par_1_114' title="bbox 2178 5673 3733 5748">
     <span class='ocr_line' id='line_1_115' title="bbox 2178 5673 3733 5748; baseline 0.012 -24"><span class='ocrx_word' id='word_1_906' title='bbox 2178 5673 2261 5726; x_wconf 71' lang='grc' dir='ltr'><strong>δὲν</strong></span> <span class='ocrx_word' id='word_1_907' title='bbox 2283 5674 2464 5746; x_wconf 69' lang='grc' dir='ltr'>ἕτερον</span> <span class='ocrx_word' id='word_1_908' title='bbox 2499 5673 2719 5747; x_wconf 69' lang='grc' dir='ltr'>ἢῖωήν,</span> <span class='ocrx_word' id='word_1_909' title='bbox 2757 5697 2874 5733; x_wconf 73' lang='lat' dir='ltr'><strong>nam</strong></span> <span class='ocrx_word' id='word_1_910' title='bbox 2903 5680 2975 5733; x_wconf 83' lang='lat' dir='ltr'><strong>ita</strong></span> <span class='ocrx_word' id='word_1_911' title='bbox 3024 5683 3076 5732; x_wconf 87' lang='lat' dir='ltr'><strong>in</strong></span> <span class='ocrx_word' id='word_1_912' title='bbox 3122 5673 3569 5748; x_wconf 64' lang='lat' dir='ltr'><strong>prmcedellltbus.</strong></span> <span class='ocrx_word' id='word_1_913' title='bbox 3601 5689 3733 5741; x_wconf 71' lang='grc' dir='ltr'>ῑυιυν</span> 
     </span>
    </p>
   </div>
  </div>
