4086 6202
298 330 417 385 9ἰῦ

1225 323 1314 376 DE
1356 322 1892 378 ECCLES‘IASTICA
1935 322 2329 377 'IIIEOLOGIA
2366 322 2498 377 LIB.
2540 321 2604 378 If.

3451 333 3554 388 936

299 448 494 510 γδελλος
529 447 628 516 τὴν
662 443 958 496 ὑπόστασιν
985 438 1082 493 τοῦ
1125 439 1446 509 μονογενοῦς
1479 439 1611 492 Υἰοῦ
1635 439 1728 492 τοῦ
1750 439 1884 491 Θεοῦ

1987 450 2130 501 sunt,
2178 450 2228 490 et
2275 439 2387 490 sine
2434 440 2546 501 ipso
2603 438 2812 506 factum
2858 451 2939 493 ut
2980 439 3114 493 nihil
3155 442 3225 494 ".
3271 439 3328 494 In
3383 456 3556 512 eoque

303 539 571 611 ἀναιρῶν,
599 537 690 589 τὸν
722 533 862 585 θεῖον
887 529 1278 599 εὑαγγελιστὴν
1304 530 1404 599 τῆς
1433 529 1628 582 ἑαυτοῦ
1655 529 1882 582 κακοδο-

306 630 429 695 ξίας
482 627 831 699 μαρτύρεται,
865 623 942 686 ὡς
982 620 1136 675 οὐδὲν
1168 620 1356 689 ἕτερον
1395 621 1555 672 αὑτὸν
1587 621 1885 688 ἐπιστάμε-

308 738 400 775 νον
429 721 462 789 ἢ
489 721 678 786 Λόγον,
719 716 848 768 ποτε
879 714 978 783 μὲν
1006 709 1354 781 ἐνεργοῦντα,
1373 709 1560 764 ἀλλοτε
1589 709 1646 768 δὲ
1679 709 1883 783 ἠσυχά-

307 810 472 874 ζοντα
493 812 551 862 ὲν
573 808 646 878 τῷ
678 805 819 876 Θεῷ,
849 804 944 858 καὶ
968 801 1127 856 οὐδὲν
1158 801 1343 872 ἕτερον
1365 799 1493 852 ὄντα
1526 799 1558 870 ἢ
1596 799 1755 851 αὑτὸν
1793 799 1890 850 τὸν-

307 902 464 956 Θεόν.

1983 529 2202 590 dicilur,
2256 539 2307 581 et
2364 528 2502 580 Deus
2552 538 2664 581 erat
2709 526 2951 592 Verbum,
2991 545 3093 583 non
3140 532 3336 586 dividit
3379 532 3552 588 deita-

1982 629 2106 681 tem,
2162 617 2417 686 quoniam
2462 618 2512 668 in
2569 617 2688 684 ipso
2737 629 2856 671 erat
2897 618 3156 681 Verbum,
3195 629 3252 673 et
3296 621 3412 688 ipse
3437 631 3559 675 erat

1981 709 2033 761 in
2090 707 2284 762 Verbo.
2337 707 2404 760 lu
2460 724 2540 761 me
2584 709 2744 771 enim,
2798 709 2993 778 inquit,
3035 709 3213 774 Pater,
3263 723 3311 764 et
3357 728 3451 780 ego
3499 712 3554 765 in

1986 797 2147 852 Patre
2195 799 2262 851 ".
2317 798 2603 853 Marcellus
2655 815 2748 867 per
2798 800 2910 854 haec
2959 797 3032 852 tot
3082 810 3136 853 et
3189 811 3337 854 tanta
3381 803 3556 855 subsi-

1986 890 2239 942 stentiam
2309 888 2566 956 unigeniti
2638 888 2729 943 Dei
2778 889 2899 943 Filii
2955 890 3148 945 tollens
3195 901 3386 946 testem
3440 907 3563 944 suac-

311 991 584 1047 hzeretice
625 1001 914 1057 prava-que
975 983 1252 1054 Opinionis
1307 983 1438 1036 citat
1489 983 1907 1047 erattgelistam,
1951 981 2104 1048 quasi
2159 979 2298 1032 nihil
2359 979 2504 1032 aliud
2535 981 2623 1034 ille
2654 982 2914 1036 voluisset
2955 983 3199 1052 intelligi,
3227 1000 3386 1053 quam
3424 986 3575 1040 ver,

311 1083 459 1146 bum,
517 1093 660 1134 nunc
722 1077 1090 1147 operativnm,
1134 1074 1422 1140 quiescens
1455 1072 1592 1126 alias
1635 1072 1687 1125 itt
1747 1072 1874 1136 Deo,
1915 1086 2013 1125 nec
2039 1070 2332 1140 quidquam
2367 1070 2510 1123 aliud
2536 1071 2809 1124 eXsisteus
2835 1087 2996 1138 quam
3026 1075 3213 1128 Deum.
3277 1125 3284 1131 .

948 1167 1110 1219 ΚΕΦ.
1135 1166 1235 1217 1Β⁹.

312 1262 441 1314 Ὀτι
482 1258 592 1328 μὴ.
637 1259 736 1328 ὡς,
763 1255 956 1328 έδίξκει
993 1251 1343 1328 Mundus»
1368 1255 1416 1328 ,δ
1450 1252 1884 1328 εὐειπελιστῆς

462 1321 580 1394 ἰὴν)
611 1321 744 1393 περὶ
776 1325 882 1377 τοῦ
915 1324 1111 1390 Λόγου
1141 1323 1456 1389 θεολογίαν
1483 1321 1739 1384 ἐξέθετο.

381 1419 575 1472 Καίτοι
604 1419 633 1469 6
664 1417 837 1485 μέγας
869 1412 1277 1481 εὐαγγελιστὴς,
1315 1411 1431 1482 ἅμα
1477 1412 1570 1464 καὶ
1614 1411 1880 1480 θεολόγος,

308 1510 492 1579 τρίτον
523 1509 580 1559 ὲν
608 1503 787 1574 ταύτῷ
816 1502 1192 1574 μνημονεύσας
1228 1501 1322 1552 τοῦ
1356 1500 1528 1568 Λόγου
1555 1539 1568 1563 ,
1600 1500 1706 1552 οὐδ’
1737 1499 1882 1566 ἅπαξ

307 1598 532 1668 εἴρηκεν
557 1593 717 1646 αὐτὸν
747 1591 877 1645 Θεοῦ
902 1591 1092 1659 Λόγον.
1125 1591 1198 1643 Οὐ
1234 1590 1342 1659 γὰρ
1373 1584 1544 1651 εἶπεν,
1592 1591 1688 1642 Ἐν
1721 1588 1880 1656 ἀρχῇ

2609 1161 2762 1216 CAP.
2815 1161 2928 1215 ΧΗ.

1987 1253 2137 1319 Quod
2163 1269 2288 1318 non,
2331 1262 2384 1303 ut
2411 1251 2658 1323 Marcello
2681 1252 2968 1314 videbatur,
2988 1253 3301 1323 theologiam
3322 1255 3388 1309 de
3407 1253 3561 1308 Filio-

2432 1321 2754 1388 evangelista
2815 1325 3104 1391 proposuit.

2054 1411 2277 1482 Magnus
2299 1402 2575 1466 enimvero
2611 1412 2936 1482 evangelista
2972 1412 3131 1466 simul
3163 1423 3217 1467 et
3252 1414 3564 1483 theologus,.

1987 1515 2067 1558 ter
2094 1519 2215 1557 cum
2249 1502 2409 1556 Verbi
2439 1502 2767 1556 mentionem
2801 1503 2903 1556 hoc
2925 1503 2978 1555 in
3022 1503 3138 1558 loco
3167 1504 3353 1568 faciat,
3385 1521 3452 1558 ne
3477 1522 3560 1560 se-

1989 1594 2089 1648 mel
2116 1593 2333 1662 quidem
2377 1593 2610 1660 appellat
2643 1608 2764 1646 eum
2798 1593 2887 1646 Dei
2930 1594 3191 1647 Verbum.
3220 1593 3337 1648 Non
3371 1595 3556 1664 utique

305 1686 388 1757 ἦν
409 1691 442 1742 ό
473 1685 578 1740 τοῦ
601 1685 747 1739 Θεοῦ
780 1685 969 1752 Λόγος
994 1701 1006 1713 ·
1040 1683 1154 1735 ἀλλ’
1182 1683 1466 1752 ἀορίστως,
1508 1683 1602 1733 Ἑν
1626 1680 1782 1750 ἀρχῇ
1806 1677 1884 1750 ἦν

1986 1685 2141 1746 dixit,
2177 1683 2241 1736 In
2277 1684 2527 1750 principio
2553 1694 2664 1736 erat
2701 1681 2918 1736 Verbum
2945 1685 3038 1737 Dei
3064 1699 3083 1737 :
3111 1685 3204 1738 sed
3237 1694 3443 1738 tantum
3471 1686 3558 1738 in-

309 1777 342 1826 ό
373 1775 582 1842 Λόγος·
614 1776 744 1842 ἡμῖν
777 1769 1085 1824 καταλιπὼν
1130 1772 1308 1839 ζητεῖν
1333 1772 1512 1832 ὁποῖος
1541 1765 1607 1839 ἦν
1640 1770 1668 1820 6
1692 1769 1879 1836 Λόγος.

311 1862 418 1914 Καὶ
445 1861 631 1925 πάλιν,
664 1861 760 1914 καὶ
802 1864 834 1913 ό
869 1862 1060 1930 Λόγος
1085 1857 1162 1928 ἦν
1189 1859 1336 1926 πρὸς
1375 1859 1481 1912 τὸν
1522 1859 1690 1921 Θεὸν,
1739 1855 1881 1922 εἷπε,

307 1953 606 2022 δυνάμενος
631 1954 826 2016 εἰπεῖν,
860 1951 956 2004 καὶ
992 1955 1024 2003 ό
1051 1954 1240 2019 Λόγος
1277 1951 1380 2003 τοῦ
1409 1949 1556 2003 Θεοῦ
1592 1946 1669 2017 ἦν
1694 1949 1762 2001 ἐν
1807 1948 1914 2027 τῷί

313 2028 454 2106 Θιῖῷ·
483 2042 638 2104 ἀλλὰ,
671 2041 771 2095 καὶ
802 2041 945 2106 Θεὸς
971 2038 1047 2110 ἦν
1072 2045 1104 2094 ό
1122 2041 1330 2109 Λόγος,
1355 2041 1496 2110 οὐχὶ,
1515 2039 1608 2092 καὶ
1635 2040 1781 2092 Θεοῦ
1807 2035 1886 2109 ἦν

307 2134 336 2184 ὁ
357 2132 565 2200 Λόγος,
585 2132 708 2201 ἔφη,
745 2132 830 2183 ἵνα
855 2127 938 2201 μῆ
944 2131 1036 2182 τοῦ
1049 2130 1180 2183 Θεοῦ
1209 2129 1486 2200 ἐνέργειάν
1508 2146 1646 2192 τινα,
1679 2145 1885 2198 σημαν-

308 2226 468 2293 τικήν
499 2241 643 2287 τινος
685 2224 716 2293 ἢ
774 2224 1059 2293 ποιητικὴν
1103 2219 1240 2274 εἶναι
1291 2223 1451 2274 αὐτὸν
1497 2221 1880 2290 ὑπολάϐοιμεν.

320 2319 379 2370 '0
409 2316 470 2385 δὴ
507 2313 842 2384 Μάρκελλος,
869 2311 1072 2381 οἰηθεὶς
1098 2311 1262 2364 ἀΐδιον
1285 2308 1422 2364 εἶναι
1445 2311 1605 2364 αὑτὸν
1631 2311 1721 2362 τοῦ
1749 2312 1882 2363 Θεοῦ

309 2409 500 2475 Λόγον,
554 2404 697 2456 τοῦτ’
744 2405 888 2455 ἔστιν
937 2401 1266 2468 ἀγέννητον,
1313 2400 1569 2460 πολλάκις
1625 2401 1880 2469 ὡρίσατο,

307 2498 370 2548 οῦ
403 2494 660 2564 συνορῶν,
713 2493 816 2554 ὅτι,
851 2491 899 2542 εἰ
951 2490 1046 2559 μὲν
1091 2489 1275 2556 ἕτερον
1312 2488 1404 2540 τοῦ
1434 2489 1566 2540 Θεοῦ
1597 2489 1685 2540 τὸν
1714 2490 1882 2556 Λόγον

310 2586 529 2654 φάσκει,
558 2583 648 2635 δύο
679 2582 830 2634 ἔσται
854 2580 1020 2643 ἀΐδια,
1045 2581 1074 2630 6
1099 2579 1270 2646 Λόγος
1303 2580 1396 2631 καὶ
1429 2581 1456 2630 ό
1485 2579 1635 2642 Θεὸς,
1669 2580 1761 2631 καὶ
1784 2581 1882 2632 οὐκ

309 2677 383 2728 ἔτ’
413 2675 562 2727 ἔσται
596 2673 735 2744 ἀρχὴ
770 2672 865 2741 μία
889 2689 902 2700 ·
929 2672 998 2744 ἐἰ
1032 2670 1088 2721 δὲ
1120 2671 1177 2723 ἓν
1203 2669 1409 2737 λέγοιτο
1449 2669 1635 2732 ἀΐδιον,
1668 2669 1756 2722 τὸν
1783 2671 1880 2721 αὑ-

307 2765 400 2820 τὸν
437 2765 747 2835 ὁριζόμενος
785 2757 920 2814 εἶναι
945 2762 1034 2813 τὸν
1057 2759 1189 2813 Θεὸν
1238 2759 1316 2830 τῷ
1346 2760 1522 2829 Λόγῳ,
1557 2760 1759 2828 γυμνὸν
1792 2759 1881 2812 τὸν

309 2857 595 2911 Σαϐέλλιον
629 2853 968 2924 ὁμολογήσει,
995 2853 1289 2921 υἱοπάτορα
1321 2851 1412 2903 τὸν
1440 2851 1554 2913 ἕνα,
1585 2851 1703 2902 κατ’
1721 2850 1880 2903 αὐτὸν

308 2949 535 3010 ἐκεῖνον,
578 2947 830 3013 εἰσάγων.
876 2945 1065 2996 Ἔσται
1093 2938 1184 2995 οὖν
1228 2944 1255 2993 6
1283 2941 1469 3012 Πατὴρ
1499 2940 1646 3011 αὐτῷ
1686 2957 1879 3010 γεννη-

309 3035 424 3100 Θείς
459 3037 553 3089 καὶ⁸
593 3034 700 3104 (51)
740 3032 924 3086 παθὼν
970 3035 1061 3086 καὶ
1108 3033 1266 3095 αὐτὸς
1318 3032 1468 3084 ἔσται
1517 3033 1545 3083 6
1595 3033 1882 3102 εὐχόμενος
1909 3010 1950 3065 C

310 3124 519 3194 ἐαυτῷ,
557 3123 649 3177 καὶ
683 3123 1012 3176 ἀπεστάλθαι
1039 3122 1210 3188 λέγων
1257 3121 1345 3189 ὑφ’
1378 3119 1598 3184 ἑαυτοῦ,
1632 3121 1723 3173 καὶ
1756 3121 1881 3174 Υἱὸν

307 3215 521 3278 ἑαυτοῦ,
548 3215 638 3267 καὶ
667 3213 949 3283 μονογενῆ,
977 3214 1076 3264 οὐκ
1101 3210 1468 3281 ἐπαληοεῦων,
1500 3212 1594 3262 σὺν
1630 3212 1882 3282 εἰρωνεία

303 3308 363 3364 δὲ
405 3308 889 3377 καταψευδόμενος.
940 3305 1048 3358 Καὶ
1090 3304 1173 3366 τίς
1218 3302 1280 3355 ἂν
1323 3303 1506 3372 ἕτερος
1545 3301 1736 3355 τούτου
1773 3303 1882 3369 (5‘2)

305 3399 722 3468 δυσσεϐέστερος
765 3397 960 3464 γένοιτ’
1002 3395 1067 3447 ἂν
1115 3393 1306 3461 λόγοςς
1367 3393 1526 3444 Ἀλλὰ
1568 3392 1678 3462 γάρ
1725 3395 1884 3462 ἡμεῖς

310 3489 438 3560 φέρε
474 3488 688 3557 ἴδωμεν,
734 3487 914 3537 ὁποῖον
955 3487 1082 3554 ἡμῖν
1110 3487 1137 3536 ό
1165 3481 1552 3552 εὐαγγελιστὴς
1580 3482 1750 3549 Λόγον
1797 3483 1884 3534 εὑ-

308 3578 669 3647 αγγελίζεται,
718 3575 972 3644 φάσκων·
1020 3575 1122 3626 Ἑν
1155 3571 1312 3640 ἀρχῇ
1355 3569 1433 3640 ἦν
1470 3575 1503 3625 ό
1531 3573 1750 3641 Λόγος,
1787 3571 1884 3628 καὶ

308 3673 343 3726 δ
360 3671 550 3739 Λόγος
580 3665 657 3737 ἦν
685 3667 835 3734 πρὸς
860 3669 965 3718 τὸν
991 3665 1156 3726 Θεὸν,
1184 3665 1282 3717 καὶ
1303 3663 1446 3727 Θεὸς
1468 3660 1545 3732 ἦν
1569 3666 1825 3732 όΛόγος.

1986 1772 2226 1836 definite,
2253 1771 2318 1826 In
2344 1773 2607 1840 principio
2638 1784 2747 1826 erat
2781 1771 3001 1826 Verbum
3028 1774 3091 1828 “.
3131 1773 3300 1828 Nobis
3339 1774 3557 1844 reliquit.

1986 1864 2286 1932 disquirere
2314 1863 2610 1930 cuiusmodi
2651 1864 2777 1917 illud
2800 1875 2916 1916 erat
2947 1863 3199 1918 Verbum.
3237 1865 3444 1920 Rursus
3466 1867 3563 1920 ubi

1985 1955 2140 2017 dixit,
2171 1963 2218 2006 et
2251 1951 2475 2006 Verbum
2503 1963 2614 2006 erat
2640 1955 2780 2020 apud
2819 1953 2980 2006 Deum
3007 1955 3051 1986 ⁸⁸
3085 1995 3100 2020 ,
3130 1956 3301 2023 potuit
3329 1955 3554 2021 dixisse,

1985 2056 2030 2098 et
2072 2044 2295 2098 Verbum
2344 2043 2439 2098 Dei
2491 2058 2603 2098 erat
2645 2045 2786 2114 apud
2814 2044 3014 2108 Deum;
3045 2046 3159 2108 sed,
3187 2056 3233 2099 et
3279 2046 3439 2114 Deus,
3477 2050 3559 2101 iu-

1985 2138 2122 2205 quit,
2149 2147 2261 2188 erat
2292 2133 2512 2189 Verbum
2531 2135 2606 2200 κς
2633 2152 2760 2194 non.
2791 2145 2846 2189 et
2879 2133 3098 2188 Verbum
3128 2136 3218 2189 Dei
3253 2140 3366 2190 era't
3393 2137 3558 2201 Deus,

1986 2240 2052 2277 ne
2096 2241 2191 2278 nos
2249 2224 2683 2278 ex‘tstimaremus
2721 2224 2952 2278 Verbum
2989 2225 3113 2276 illud
3150 2224 3266 2288 Dei,
3292 2229 3562 2296 Operatio-

1987 2316 2068 2368 nis
2096 2317 2510 2386 signiﬁcativum
2542 2332 2679 2370 esse.
2725 2317 2829 2370 Sed
2868 2316 3184 2380 Mareellus,
3213 2334 3335 2372 cum
3368 2319 3558 2387 Opina-

1987 2417 2135 2458 retur
2171 2420 2430 2461 aeternum
2455 2421 2572 2459 esse
2596 2407 2770 2474 ipsum
2801 2407 2894 2460 Dei
2935 2408 3190 2470 Verbum,
3225 2409 3326 2463 hoc
3358 2419 3443 2463 est
3470 2410 3559 2463 itt-

1983 2496 2244 2564 genilum,
2278 2497 2347 2548 ita
2380 2512 2600 2563 prorsus
2634 2511 2754 2548 eum
2787 2497 3029 2550 definivit
3059 2516 3073 2550 :
3109 2498 3332 2552 minime
3363 2501 3560 2551 adver-

1985 2594 2124 2648 tens,
2155 2587 2294 2652 quod
2318 2586 2362 2638 si
2405 2586 2632 2638 Verbum
2661 2586 2931 2640 diversum
2963 2587 3090 2655 quid
3133 2603 3160 2638 a
3199 2587 3307 2640 Deo
3336 2597 3557 2652 statuat,

1983 2677 2088 2730 duo
2117 2675 2298 2728 futura
2345 2677 2456 2730 sint
2484 2685 2687 2729 aeterna
2722 2693 2734 2727 :
2773 2676 2872 2729 hoc
2920 2688 3003 2729 est
3039 2677 3177 2730 Dens
3199 2687 3251 2728 et
3280 2677 3509 2731 Verbum
3542 2695 3557 2740 ;

1983 2781 2083 2820 nec
2118 2766 2442 2834 principium
2489 2766 2590 2818 hoc
2628 2777 2783 2833 pacto
2813 2775 3084 2820 statuetur
3118 2766 3357 2820 unicum.
3405 2769 3559 2832 Quod

1981 2859 2024 2911 si
2058 2857 2275 2911 unicqu
2306 2858 2520 2911 dicatur
2547 2868 2828 2921 :eternnm,
2853 2868 3012 2926 atque
3042 2859 3172 2913 illud
3217 2860 3390 2928 ipsum
3423 2860 3558 2912 defi-

1985 2949 2096 3001 niat
2126 2965 2244 3003 esse
2270 2948 2437 3002 Deum
2470 2964 2588 3002 cum
2616 2965 2712 3003 suo
2744 2949 2942 3012 Verbo,
2974 2951 3176 3003 nudum
3215 2964 3440 3019 prorsos
3463 2947 3568 3002 Sa-

1990 3039 2208 3094 bellium
2258 3040 2601 3095 confitehitur
2633 3059 2711 3106 se,
2738 3044 2854 3111 qui,
2884 3052 2942 3095 ut
2977 3042 3061 3094 illo:
3093 3042 3244 3107 fecit,
3275 3057 3437 3094 unum
3470 3039 3531 3094 I'-‘i
3559 3076 3562 3080 -

1989 3130 2061 3184 lio
2115 3130 2326 3184 Patrem
2367 3143 2422 3185 et
2473 3133 2691 3187 unicum
2743 3134 3026 3187 confluxit.
3078 3132 3385 3186 Secundum
3431 3145 3561 3201 ergo

1990 3222 2187 3289 ipsum,
2215 3223 2319 3276 erit
2357 3223 2508 3276 Patet
2566 3225 2798 3294 genitus,
2839 3236 2891 3278 et
2931 3239 3126 3292 passus
3156 3240 3170 3276 :
3206 3223 3324 3291 ipse
3359 3231 3562 3276 semet-

1993 3310 2095 3378 ipsi
2129 3311 2434 3365 orationem
2478 3313 2664 3367 fundet
2702 3329 2714 3364 :
2749 3315 2971 3367 missum
3020 3328 3078 3366 se
3119 3313 3377 3366 fatebitur
3410 3327 3438 3364 a
3473 3327 3562 3366 se-

1993 3402 2245 3470 metipso,
2267 3412 2320 3456 et
2343 3403 2537 3456 Filiqu
2570 3406 2649 3458 sui
2685 3405 2852 3472 ipsius
2881 3427 2892 3458 :
2924 3414 3086 3472 atque
3117 3405 3192 3457 ita
3229 3403 3566 3458 simulator-ie

1992 3504 2050 3544 se
2081 3507 2184 3544 non
2218 3506 2425 3559 revera,
2461 3496 2554 3546 sed
2596 3493 2870 3556 mentitus,
2917 3492 3173 3546 fatebitur
3204 3493 3560 3559 unigenitum.

1992 3578 2130 3644 Quid
2154 3581 2257 3636 hoc
2288 3598 2539 3638 sermone
2563 3585 2731 3652 magis
2761 3583 2980 3652 impium
3005 3582 3297 3650 excogitari
3329 3582 3562 3648 poterit?

1991 3667 2097 3722 Nos
2125 3681 2323 3736 autent,
2366 3690 2484 3743 age,
2513 3675 2921 3728 consideremus
2956 3678 3012 3736 >14
3058 3669 3214 3740 quale
3251 3669 3403 3722 nobis
3431 3667 3566 3722 Vera

309 3763 432 3817 bum
468 3763 794 3830 evangelista
842 3759 1104 3824 enuntiet,
1131 3759 1216 3812 ubi
1253 3759 1508 3829 loquitur,
1530 3757 1596 3813 In
1620 3757 1890 3828 ίρτὶηιείμὶο
1927 3773 2038 3815 erat
2087 3763 2329 3834 Verbum,
2388 3780 2436 3821 et
2482 3768 2708 3822 Verbum
2755 3779 2864 3821 erat
2903 3769 3044 3837 apud
3078 3766 3262 3829 Deum,
3301 3772 3350 3816 et
3418 3761 3559 3820 Diue

308 3870 418 3911 erat
459 3855 704 3920 Verbum.

951 3949 1108 4003 ΚΕΦ.
1150 3949 1249 4001 1Γ’.

343 4043 631 4113 Ποσαχῶς
662 4043 728 4096 τὸ
769 4044 1222 4120 σημαινόμενοη
1250 4041 1316 4092 ἐκ
1361 4039 1469 4107 τῆς
1506 4039 1610 4092 τοῦ
1652 4039 1848 4106 Λόγου

857 4129 1064 4180 Saturne
1095 4126 1335 4162 νοειται.

391 4200 454 4252 Ἦ
483 4200 581 4269 μὲν
612 4195 706 4252 οὖν
749 4199 839 4252 τὸν
867 4199 1023 4266 λόγον
1047 4197 1280 4267 δηλοῦσα
1329 4196 1491 4261 λέξις,
1526 4195 1592 4246 δι’
1639 4195 1879 4264 Έλληνι-

2591 3954 2740 4008 CAP.
2805 3951 2942 4006 XIII.

1983 4063 2121 4129 Quot
2150 4067 2317 4119 modis
2346 4066 2694 4134 intelligatur,
2720 4067 2858 4132 quod
2889 4081 3007 4118 voce
3037 4064 3188 4117 Verbi
3212 4063 3560 4141 signiﬁcatur.

2066 4196 2178 4250 Vox
2230 4198 2316 4251 illa
2354 4197 2548 4264 λόγος,
2592 4196 2775 4252 Graeca
2820 4206 2970 4250 certe
3019 4195 3195 4264 lingua
3235 4195 3276 4247 si
3320 4191 3564 4262 profera-

308 4290 412 4360 κῆς
455 4289 700 4359 γλώττης
739 4289 1204 4361 προενηνεγμένη,
1249 4287 1559 4356 πολύσημον
1592 4285 1879 4338 ὑποϐάλλει

1985 4297 2087 4350 lur,
2123 4289 2324 4340 variam
2366 4303 2395 4340 a
2437 4303 2494 4339 se
2536 4288 2841 4354 suppeditat
2885 4286 3358 4354 significationem.
3389 4284 3564 4339 Voca-

305 4380 483 4452 τὴν-ἐξ
499 4381 664 4451 αὐτῆς
687 4371 938 4450 θεωρίαν.
970 4377 1016 4432 a.'
1035 4377 1463 4448 (55)⁸Κέκληται
1495 4377 1602 4448 γὰρ
1628 4376 1702 4449 [ὁ]
1721 4377 1876 4445 λόγος

1985 4390 2065 4432 tur
2094 4379 2261 4447 logos,
2297 4379 2347 4430 id
2386 4379 2530 4447 quod
2580 4363 2884 4445 disponitur
2939 4379 2990 4431 in
3037 4378 3217 4430 anima
3253 4377 3498 4431 rationali
3541 4393 3562 4428 ε.

307 4473 400 4524 καὶ
423 4475 451 4525 6
485 4473 541 4523 ἐν
569 4474 634 4542 τῇ
657 4471 846 4541 λογικῇ
877 4471 1021 4540 ψυχῇ
1074 4467 1568 4539 καταϐεὸλημὲνος,
1603 4468 1722 4521 καθ’
1742 4468 1800 4520 ὃν
1826 4469 1884 4519 τὸ

305 4560 610 4628 λογίζεσθαι
637 4564 768 4631 ἡμῖν
801 4562 1049 4631 πάρεστι.
1078 4559 1142 4628 β’.
1165 4561 1271 4612 Καὶ
1289 4559 1438 4628 παρᾶ
1465 4558 1651 4610 τοῦτον
1675 4559 1881 4629 ἕτερος,

302 4652 332 4703 6
384 4651 472 4703 διὰ
517 4651 762 4723 γλώττης
817 4653 910 4705 καὶ
962 4651 1147 4720 φωνῆς
1189 4651 1452 4722 ἐνάρθρου
1491 4652 1768 4721 σημαίνων
1809 4667 1885 4704 τι.

304 4747 372 4808 γ’.
412 4743 520 4794 Καὶ
556 4743 694 4794 κατά
723 4743 900 4812 τρίτον
932 4742 1154 4813 τρόπον,
1190 4745 1217 4794 6
1249 4742 1336 4794 διὰ
1374 4744 1589 4812 γραφῆς
1624 4742 1702 4812 τῷ
1745 4757 1870 4810 γραο

303 4835 396 4902 φεῖ
416 4835 860 4904 συντεταγμένος.
889 4834 949 4886 ἃ.
979 4834 1114 4904 Ἤδη
1144 4834 1197 4887 δὲ
1226 4833 1380 4902 λόγον
1407 4833 1676 4903 εἰώθαμεν
1703 4833 1886 4884 καλεῖν

303 4922 399 4974 καὶ
426 4922 518 4974 τὸν
546 4925 918 4995 σπερματικὸν
957 4926 989 4995 ἢ
1031 4925 1275 4994 φυτικὸν,
1321 4925 1444 4976 καθ’
1476 4925 1532 4977 ὃν
1561 4923 1786 4993 δυνάμει
1819 4923 1886 4975 τά

307 5011 532 5081 μηδέπω
574 5015 748 5082 φύντα
775 5017 1120 5068 ὲναπόκειται
1149 5019 1261 5078 τοῖς
1291 5016 1566 5086 σπέρμασι
1601 5014 1882 5084 μέλλοντα,

301 5102 426 5156 ὅσον
455 5102 606 5156 οὔπω
643 5106 744 5175 τῆς
785 5107 1064 5176 ἐνεργείας
1104 5107 1184 5170 εἰς
1227 5105 1342 5174 φῶς
1389 5104 1654 5178 προϊέναι.
1691 5111 1750 5158 ε’.
1779 5106 1885 5158 Καὶ

304 5192 454 5262 παρά
497 5194 671 5248 ταῦτα
733 5197 934 5266 ἑτέρως
985 5196 1240 5250 εἰώθασιν
1271 5194 1554 5266 ὀνομάζειν
1601 5195 1755 5263 λόγον
1792 5197 1882 5248 τὸν

300 5283 718 5354 ἐπιστημονικὸν
762 5287 956 5356 τέχνης
994 5286 1196 5356 τινὸςῆ
1232 5287 1568 5355 ἐπιστήμης,
1617 5285 1709 5338 καὶ
1749 5284 1882 5339 πάν-

377 5423 438 5481 ›Ῑ‹
474 5419 569 5473 Ed.
612 5420 812 5486 Paris.,
849 5439 967 5492 pag.
1013 5422 1132 5476 120.

369 5511 417 5543 ”
442 5512 572 5566 ibid.
603 5513 658 5567 3.

383 5649 493 5721 (3i)
517 5647 690 5721 Vulgo
719 5653 963 5721 πάσχων.

372 5720 487 5794 (59.)
516 5719 680 5788 Vulgo
708 5719 902 5789 γένοιτ’
937 5721 998 5775 ἂν
1030 5720 1244 5773 δυσσεϐ.

1985 4471 2123 4524 unde
2171 4471 2433 4540 contingit
2492 4468 2830 4523 ratiocinari.
2869 4467 2960 4521 Est
3004 4477 3056 4522 et
3104 4468 3253 4536 logos
3297 4471 3562 4531 secundo.

1982 4561 2122 4629 quod
2153 4560 2423 4629 significat
2465 4557 2692 4625 aliquid,
2721 4573 2814 4626 per
2842 4557 3076 4626 linguam
3116 4565 3168 4608 et
3218 4570 3402 4609 vocem
3431 4558 3561 4609 arti-

1983 4650 2236 4703 culatant.
2257 4648 2464 4712 Tertio,
2493 4648 2634 4716 quod
2681 4648 3000 4714 descripsrt,
3025 4654 3080 4698 et
3109 4646 3395 4700 scribendo
3423 4648 3563 4700 scri—

1985 4749 2105 4806 ptor
2130 4738 2400 4806 deposuit.
2429 4737 2676 4791 Solemus
2713 4745 2767 4788 et
2795 4735 2954 4802 logon
2997 4733 3268 4803 appellare
3317 4735 3555 4788 semina-

1983 4830 2084 4883 lem
2109 4838 2162 4882 et
2211 4838 2522 4884 nascentem
2575 4827 2910 4883 facultatem.
2941 4825 3247 4879 Secundqu
3279 4840 3440 4894 quem
3472 4827 3558 4880 di»

1983 4932 2178 4976 cuntur
2215 4929 2479 4990 potestate
2521 4935 2665 4984 esse,
2701 4919 2753 4972 in
2782 4916 3085 4972 seminibus
3119 4917 3229 4981 illa,
3265 4932 3387 4986 qua:
3421 4932 3557 4970 non--

1982 5013 2108 5065 dum
2133 5021 2288 5066 enata
2335 5021 2484 5075 sunt,
2509 5011 2602 5064 sed
2642 5010 2897 5078 deinceps
2947 5017 3071 5062 actu
3114 5009 3392 5077 proditura
3431 5017 3557 5060 sunt

1983 5105 2036 5158 in
2077 5104 2267 5158 lucem.
2301 5105 2488 5157 Adhuc
2514 5114 2567 5157 et
2597 5103 2704 5155 alio
2729 5100 2910 5164 modo,
2938 5099 3175 5154 solemus
3209 5094 3365 5169 logon
3400 5114 3554 5152 usur-

1986 5211 2136 5262 pare,
2194 5211 2289 5264 pro
2333 5196 2660 5250 intellectiva
2709 5194 2845 5248 artis
2897 5193 3124 5262 alicujus
3173 5203 3265 5246 aut
3315 5192 3556 5247 scientiae

1987 5286 2266 5350 facultate,
2293 5287 2540 5356 quodque
2564 5287 2808 5342 omnium
2843 5294 2895 5340 et
2933 5285 3268 5352 singulorum
3294 5282 3537 5338 istiusmo

732 5515 779 5544 "
807 5515 958 5568 Joan.
991 5530 1101 5580 xw,
1137 5515 1220 5568 10.
1295 5514 1338 5545 ’⁵
1362 5512 1516 5567 Joau.
1557 5528 1595 5578 I,
1631 5514 1677 5567 I.
1753 5512 1800 5543 "
1827 5512 1954 5567 ibid.
2027 5511 2223 5565 "ibid.

2043 5650 2152 5714 (53)
2183 5647 2276 5701 Sic
2307 5646 2490 5709 codd.,
2521 5646 2608 5713 qui
2653 5661 2766 5715 om.
2819 5659 3048 5715 sequens
3090 5645 3142 5711 6,
3179 5643 3264 5699 hic
3313 5651 3367 5700 ct
3411 5641 3553 5699 infra

1974 5712 2173 5774 addunt
2200 5730 2454 5771 numeros
2483 5712 2684 5770 omisso
2709 5712 2770 5769 δ’,
