4086 6202
497 297 606 358 937

1149 296 1422 354 EUSEBll
1462 293 1943 357 CESARIENSIS
1979 293 2131 352 OPP.
2172 295 2352 352 PARS
2391 293 2476 349 IV.
2515 325 2586 333 —
2625 291 3045 349 DOGMATICA.

3653 294 3758 350 928

499 415 552 471 di
585 414 981 467 theorematum
1033 412 1543 479 comprehensivum
1568 421 1674 474 est,
1707 411 1875 466 veluti
1905 413 2076 467 medi;

2185 409 2283 460 τῶν
2324 408 2433 460 τῶν
2470 404 2688 459 τοιῶνδε
2736 405 3107 475 θεωρημάτων
3163 403 3590 474 καταλητπικὸν,
3645 402 3778 458 οἷον

497 518 654 568 cum,
692 501 1177 555 architectonicam
1197 540 1212 563 ,
1241 499 1646 568 geniiietricmn.

1113 609 1265 664 CAP.
1308 608 1446 664 XIV.

571 699 814 768 Qualiter
840 701 1146 762 exponenda
1173 700 1238 752 sit
1264 699 1554 778 evangelica
1593 701 1655 752 de
1687 696 1850 752 Verbo
1884 699 2005 751 doc-

1195 778 1374 836 ,lrmu.

568 877 834 946 Quocirca
868 862 990 931 cum
1019 876 1174 946 logos
1200 876 1272 930 ita
1317 876 1678 931 diversimode
1717 877 2071 946 intelligatur,

499 977 554 1022 et
578 970 646 1023 ab
675 967 1027 1037 evangelista,
1069 967 1348 1020 indelinite
1370 967 1572 1020 dictum
1606 969 1696 1032 sit,
1729 967 1794 1020 In
1821 969 2077 1036 principio

498 1066 612 1112 (rat
669 1054 921 1118 Verbum,
964 1063 1014 1108 et
1058 1053 1283 1110 Verbum
1315 1056 1448 1108 illud
1483 1065 1594 1109 erat
1637 1057 1778 1124 apud
1817 1056 2008 1124 Deum,
2033 1071 2079 1114 et

500 1147 640 1200 Deus
681 1155 794 1199 erat
845 1143 1092 1208 Verbum,
1141 1145 1658 1199 animadvertendus
1699 1145 1787 1199 hic
1821 1161 1950 1201 usus
1975 1155 2076 1210 est,

499 1247 554 1289 et
582 1235 981 1302 dignoscendus
1019 1235 1170 1288 vocis
1203 1233 1343 1287 illius
1386 1234 1515 1302 logi,
1549 1249 1720 1289 novus
1749 1243 1803 1289 et
1835 1235 2078 1305 peregri—

501 1341 600 1380 nus
617 1339 768 1387 usus,
802 1340 981 1394 quem,
997 1334 1191 1392 pmter
1214 1324 1331 1377 illos
1352 1339 1487 1393 quos
1513 1325 2080 1390 commemoravimus,

497 1416 824 1486 evangelista
867 1415 1088 1469 tradidit
1123 1414 1400 1469 indeﬁnite
1443 1416 1666 1485 loquens
1689 1413 1957 1469 Verbum:
1989 1417 2083 1469 ad—

495 1506 686 1576 iiciens
711 1516 890 1560 autem
913 1505 1256 1574 peregrinum
1281 1517 1335 1560 et
1363 1501 1793 1574 inexspectatum
1819 1507 1961 1559 illius
1990 1521 2085 1560 vo-

499 1599 580 1653 cis
609 1612 850 1660 sensnm,
881 1597 946 1649 ad
989 1596 1094 1648 vim
1128 1605 1183 1649 et
1227 1597 1486 1651 virtutem
1523 1598 1798 1665 propriam
1827 1590 1949 1664 ejus
1981 1598 2082 1677 ad:

499 1696 739 1756 aptatmn
768 1687 820 1741 in
851 1701 917 1740 eo
945 1687 1086 1754 quod
1111 1685 1277 1749 addit,
1297 1684 1361 1738 Et
1393 1687 1532 1739 Deus
1561 1698 1671 1740 erat
1697 1685 1888 1757 Logos.
1919 1681 2083 1753 Quasl

2178 497 2438 569 ἰατρικὸν,
2469 497 2501 566 ἢ
2537 495 2994 565 ἀρχιτεκτονικὸν,
3030 496 3063 564 ἢ
3098 494 3469 565 γεωμετρικὸν
3495 495 3680 562 λόγον.

2823 595 2977 658 Κεφ.
3011 608 3109 658 IA'.

2178 698 2371 764 Ὅπως
2427 697 2542 765 χρὴ
2587 695 3152 766 διερμηνεύεινᾲτὴν
3183 697 3583 765 εὐαγγελικὴν
3627 697 3768 766 περι

2564 767 2671 819 τοῦ
2703 763 2899 834 Λόγου
2945 763 3346 817 διδασκαλίαν

2247 879 2529 949 Διαφόρων
2581 877 2761 930 τοίνυν
2811 876 3028 945 τρόπων
3070 878 3490 946 παρισταμένων
3545 878 3614 930 ὲκ
3662 880 3769 949 τῆς

2177 968 2270 1021 τοῦ
2297 967 2456 1036 λόγου
2492 969 2694 1036 φωνῆς,
2733 965 2826 1018 τοῦ
2857 983 2914 1018 τε
2959 965 3340 1033 εὐαγγελιστοῦ
3371 967 3654 1030 ἀπολὺτως
3685 971 3770 1020 εξ-

2184 1059 2429 1129 ρηκότος,
2471 1060 2572 1111 Ἐν
2618 1056 2776 1125 ἀρχῇ
2829 1053 2906 1125 ἦν
2939 1059 2972 1110 ὀ
3004 1056 3214 1125 Λόγυς,
3271 1055 3369 1108 καὶ
3397 1060 3428 1110 ὀ
3451 1059 3642 1126 Λόγος
3683 1055 3770 1126 ἦν

2181 1147 2328 1216 πρὸς
2349 1149 2454 1200 τὸν
2482 1147 2648 1210 Θεὸν,
2680 1149 2778 1200 καὶ
2809 1146 2953 1211 Θεὸς
2973 1141 3051 1215 ἦν
3081 1149 3112 1199 ὁ
3138 1147 3344 1214 Λόγος,
3380 1148 3644 1216 προσήκει
3668 1147 3780 1215 τὸν,

2180 1237 2304 1289 νοῦν
2328 1236 2435 1306 (54)
2456 1237 2820 1306 ἐπιστήσαντα
2845 1235 3204 1304 καταμαθεῖν,
3224 1235 3299 1299 ὼς
3324 1235 3466 1299 ξένον
3489 1255 3537 1288 τι
3565 1241 3769 1307 χρῆμα

2181 1326 2338 1393 λόγου
2371 1325 2519 1395 παρὰ
2550 1325 2616 1378 τὰ
2659 1325 2973 1395 ἐγνωσμένα
3009 1327 3140 1395 ἡμῖν
3181 1327 3208 1376 6
3245 1326 3632 1396 εὑαγγελιστὴς
3667 1328 3769 1378 ἐπὶ

2181 1415 2274 1468 τοῦ
2304 1415 2566 1485 παρόντος
2597 1415 2982 1484 παραδίδωσιν,
3013 1415 3295 1478 ἁπολὺτως
3327 1416 3423 1484 μὲν
3457 1414 3625 1468 εἰπὼν
3649 1416 3766 1469 Λό-

2182 1523 2297 1574 γον,
2348 1506 2602 1575 προσθεὶς
2641 1505 2696 1557 δὲ
2733 1505 2792 1556 τὸ
2832 1503 2978 1568 ξένον
3018 1506 3110 1559 καὶ
3145 1506 3445 1576 παράδοξον
3483 1505 3579 1577 τῆς
3622 1506 3762 1560 lata.-

2185 1596 2380 1667 ζοὺσης
2405 1595 2550 1666 αὑτῷ
2583 1596 2861 1666 δυνάμεως
2891 1597 2948 1648 ὲν
2981 1596 3056 1666 τῷ
3084 1596 3181 1649 καὶ
3206 1596 3349 1662 Θεὸς
3372 1593 3451 1665 ἦν
3488 1599 3520 1649 ό
3547 1598 3760 1664 Λόγος.

2186 1687 2274 1759 Μὴ
2322 1688 2431 1759 γὰρ
2465 1688 2572 1740 τῶν
2600 1688 2735 1758 πρός
2784 1703 2856 1751 τι,
2887 1688 3055 1757 φησι,
3102 1688 3288 1758 νόμιζε
3323 1684 3460 1740 εἶναι
3505 1688 3599 1741 καὶ
3637 1688 3767 1739 τοῦ·

501 1779 708 1832 diceret
747 1793 761 1828 :
798 1775 982 1831 Nolito
1011 1777 1346 1843 existimare,
1377 1778 1478 1831 hoc
1506 1779 1645 1831 inter
1687 1793 1782 1832 eas
1801 1788 1921 1832 esse
1955 1795 2074 1845 qua:

2185 1795 2283 1841 τον,
2309 1778 2384 1837 ὡς
2408 1779 2497 1831 τὸν
2524 1780 2580 1831 ὲν
2605 1778 2748 1846 ψυχῇ
2779 1776 2955 1844 λόγον,
2985 1779 3018 1848 ἢ
3043 1779 3118 1842 ὡς
3146 1779 3234 1832 τὸν
3265 1778 3352 1831 διὰ
3382 1779 3565 1848 φωνῆς
3598 1780 3767 1831 ἀκου-

497 1878 624 1922 sunt
653 1867 719 1921 ad
757 1867 982 1936 aliquid,
1018 1876 1074 1921 ut
1104 1869 1254 1932 logos
1285 1870 1377 1937 qui
1432 1870 1484 1922 in
1525 1869 1705 1922 anima
1741 1880 1844 1935 est,
1879 1879 1973 1923 aut
2002 1869 2081 1922 le-

500 1973 597 2028 gos
617 1958 706 2027 qui
739 1973 834 2026 per
881 1972 1067 2013 vocem
1110 1959 1424 2028 percipitur,
1454 1960 1612 2026 quive
1658 1960 1952 2014 seminibus
1997 1960 2080 2012 ia-

501 2060 583 2104 est
627 2051 1037 2119 corporalibus,
1077 2055 1135 2112 >14
1191 2059 1286 2103 aut
1344 2051 1595 2105 consistit
1645 2051 1696 2104 in
1757 2051 2079 2105 tbeoremasi

504 2135 925 2194 matliematicis.
974 2141 1034 2194 lli
1059 2155 1248 2195 omnes
1271 2141 1441 2206 λόγοι,
1466 2157 1586 2194 cum
1617 2142 1723 2195 sint
1756 2143 1822 2194 ad
1846 2142 2079 2208 aliquid,

504 2231 557 2284 in
587 2230 690 2283 alia
728 2242 783 2284 et
826 2230 1039 2283 diversa
1075 2231 1484 2300 pracexsistente
1530 2231 1832 2285 substantia
1888 2232 2084 2285 intel'ria

504 2328 705 2388 gantur
735 2336 749 2372 ι
778 2328 833 2372 at
863 2317 1002 2373 Deus
1042 2318 1210 2388 logos,
1245 2335 1350 2373 non
1396 2319 1565 2374 altero
1599 2319 1800 2390 indiget
1831 2321 2086 2390 praecisi-

503 2419 680 2465 sicnte
703 2427 715 2462 :
741 2421 798 2464 ut
825 2409 876 2463 in
919 2411 1035 2479 ipso
1061 2410 1132 2462 sit
1158 2418 1213 2463 et
1243 2412 1502 2465 subsistat
1537 2427 1549 2463 :
1579 2413 1672 2464 sed
1699 2428 1793 2481 per
1818 2427 1874 2466 se
1900 2413 2083 2467 vivens

503 2511 586 2554 est
606 2509 659 2555 et
675 2500 1174 2563 subsistens,veluti
1194 2501 1283 2570 qui
1303 2502 1440 2555 Deus
1457 2502 1578 2556 sim
1602 2501 2084 2556 DeuSDeninuerat

500 2590 698 2659 ⁸Λόγος.
715 2609 734 2641 ι
749 2590 888 2646 Cum
917 2605 1042 2644 vero
1059 2590 1225 2645 Deum
1251 2589 1396 2644 illum
1414 2590 1613 2645 dictum
1637 2591 1849 2657 audias,
1866 2591 2083 2646 neacci-

508 2682 623 2752 pias
671 2681 892 2744 dictum,
920 2681 1073 2750 quasi
1103 2681 1221 2735 sine
1251 2681 1520 2750 principio
1543 2682 1867 2751 ingenitum,
1895 2698 2083 2751 quem-

506 2772 794 2827 admodum
810 2771 1053 2826 Patrem.
1075 2771 1230 2826 Disce
1266 2781 1448 2826 autem
1480 2774 1622 2841 quod
1646 2774 1715 2826 ita
1745 2774 1799 2826 in
1820 2773 2082 2844 principio

507 2872 624 2917 crat
659 2861 759 2917 iste
794 2861 954 2928 Deus,
971 2861 1164 2929 Λόγος.
1186 2861 1466 2928 Quodnam
1485 2878 1614 2917 vero
1639 2864 1809 2931 ipsius
1838 2864 2083 2918 interulat

509 2951 855 3021 principium,
906 2951 1218 3006 manifestat
1275 2951 1330 3005 in
1379 2953 1736 3020 sequentibus
1776 2970 1790 3006 :
1836 2970 1940 3007 non
2001 2955 2082 3008 in-

509 3041 723 3110 quiens,
759 3041 826 3095 Et
863 3040 1098 3096 Verbum
1127 3050 1246 3096 erat
1287 3040 1376 3096 ille
1426 3041 1586 3108 Deus,
1625 3060 1745 3096 cum
1781 3043 2080 3112 adiectione

511 3131 722 3185 articuli
752 3148 765 3184 :
805 3139 863 3185 ut
897 3146 963 3184 ne
993 3131 1143 3185 illum
1169 3144 1308 3196 esse,
1339 3133 1429 3200 qui
1462 3141 1546 3185 est
1572 3147 1732 3200 super
1759 3133 1960 3198 omnia,
1990 3134 2082 3188 de-

513 3220 918 3276 liniret.Verurn
951 3236 1016 3275 ne
1044 3221 1200 3284 dixit,
1231 3218 1298 3274 In
1325 3220 1453 3285 Deo,
1479 3236 1544 3275 ne
1569 3220 1636 3276 ad
1669 3223 1958 3276 humanam
1991 3223 2086 3276 ἀοι

508 3313 662 3381 iiciat
687 3329 810 3367 eum
845 3312 1291 3376 similitudinem;
1319 3313 1432 3374 sed.
1467 3322 1522 3367 et
1553 3311 1797 3379 Verbum,
1833 3316 1930 3380 ait,
1970 3323 2082 3367 erat

513 3402 654 3470 apud
694 3401 879 3458 Deum.
911 3401 1042 3457 Nam
1087 3403 1131 3458 si
1181 3404 1515 3472 protulisset,
1560 3403 1626 3457 Et
1675 3403 1910 3459 Verbum
1957 3405 2085 3458 illud

515 3501 654 3558 erat,
687 3493 741 3547 ia
775 3493 904 3560 Deo,
939 3494 1102 3548 veluti
1125 3495 1395 3564 quoddam
1429 3497 1680 3550 accidens
1732 3496 1785 3549 in
1821 3496 2084 3564 subjecto,

454 3642 467 3654 ,
517 3594 609 3646 aut
636 3596 890 3656 tanquam
912 3585 1052 3641 aliud
1083 3588 1135 3641 in
1160 3585 1286 3654 alio,
1304 3589 1656 3656 compositum
1687 3589 1755 3642 ita
1779 3588 1942 3642 Deum
1963 3590 2088 3642 sub-

518 3673 780 3728 stituisset
815 3675 1166 3729 substernens
1192 3677 1339 3730 illum
1386 3678 1544 3731 veluti
1575 3680 1932 3732 subs'antiam
1971 3679 2088 3732 sine

521 3764 683 3836 λόγῳ,
731 3774 787 3821 et
827 3765 980 3834 logon
1019 3767 1334 3820 substantiae
1387 3768 1536 3820 velut
1585 3768 1855 3822 accidens.
1887 3767 1940 3821 In
1983 3783 2087 3837 qua

520 3856 773 3926 opinione
802 3870 925 3909 cum
955 3855 1237 3912 Marcellus
1267 3866 1431 3920 esset,
1461 3857 1673 3912 Patrem
1699 3870 1860 3927 atque
1892 3857 2086 3912 Filium

525 3947 576 3999 in
603 3944 744 3998 idem
761 3943 1297 4014 cogit,substantiam
1331 3945 1606 4015 appellans
1635 3944 1874 4010 Patrem,
1892 3943 2088 3999 Filium

523 4050 650 4090 vero
681 4035 733 4090 in
766 4035 882 4104 ipso
928 4035 1274 4090 exsistentem
1297 4079 1311 4104 ,
1345 4037 1617 4092 accidens.
1673 4037 1747 4090 Ita
1803 4036 1964 4089 Dcum
1997 4034 2089 4104 qui

521 4127 856 4182 concesserit
895 4126 1011 4181 sine
1046 4126 1210 4197 λόγῳ,
1242 4127 1404 4196 impio
1451 4143 1510 4181 se
1560 4135 1723 4196 atque
1777 4126 2090 4192 blaspheme

522 4217 759 4286 dogmati
794 4216 1110 4287 implicabil,
1141 4234 1265 4272 cum
1294 4219 1539 4272 admittat
1570 4217 1658 4272 ille
1683 4219 1847 4272 Deum
1875 4217 2088 4285 ἄλογον,

526 4317 708 4378 utpote
732 4308 822 4377 qui
869 4307 1025 4376 λόγον
1066 4309 1206 4362 inse
1249 4309 1441 4363 habeat
1483 4319 1735 4378 tanquam
1783 4308 2036 4364 accidens
2072 4324 2086 4360 :

2179 1871 2394 1940 όμενον,
2444 1870 2476 1940 ἢ
2525 1869 2600 1932 ὡς
2652 1871 2744 1924 τὸν
2786 1872 2843 1924 ὲν
2895 1872 3224 1938 σωματικοῖς
3263 1869 3392 1923 ὄντα
3429 1868 3761 1939 σπέρμασιν,

2181 1960 2214 2030 ἢ
2255 1962 2330 2023 ὡς
2370 1961 2460 2013 τὸν
2512 1961 2568 2013 ὲν
2622 1961 3024 2030 μαθηματικοῖς
3073 1959 3357 2029 ὑφεστῶτα
3389 1959 3762 2029 θεωρήμασιν.

2181 2046 2335 2103 Οὗτοι
2366 2050 2474 2121 γὰρ
2508 2051 2726 2112 πάντες,
2747 2050 2855 2102 τῶν
2879 2049 3012 2120 πρός
3039 2067 3089 2102 τι
3109 2050 3279 2112 ὄντες,
3313 2052 3370 2102 ὲν
3400 2048 3564 2118 ἑτέρα
3591 2053 3765 2117 προῦο

2181 2139 2475 2208 ποκειμένῃ
2539 2138 2782 2190 νοοῦνται
2849 2137 3022 2208 οὑσίᾳ’
3081 2139 3109 2190 6
3163 2137 3218 2189 δὲ
3265 2136 3397 2199 Θεὸς
3437 2137 3610 2203 Λόγος
3665 2136 3762 2204 οὐχ

2183 2230 2367 2300 ἑτέρου
2401 2229 2566 2281 δεῖται
2594 2229 2688 2281 τοῦ
2723 2229 3212 2299 προῦποκειμένου,
3246 2228 3312 2279 ἵν’
3346 2230 3402 2279 ὲν
3430 2226 3580 2295 αὑτῷ
3611 2227 3764 2294 γενό-

2185 2337 2340 2388 μενος
2391 2320 2498 2388 (53)
2540 2322 2743 2389 ὑποστῇ
2771 2336 2783 2348 °
2836 2318 2956 2371 καθ’
2987 2317 3176 2370 ἑαυτὸν
3247 2315 3304 2370 δέ
3364 2319 3478 2368 ἐστι
3508 2316 3636 2380 ζῶν,
3670 2317 3765 2368 καὶ

2183 2411 2448 2481 ὑφεστὼς,
2479 2412 2573 2464 ἅτε
2589 2411 2720 2474 Θεὸς
2741 2409 2834 2463 ὧν·
2867 2409 3056 2471 ιΘεὸς»
3086 2408 3193 2478 γὰρ
3221 2405 3316 2479 (ἦν
3334 2409 3362 2460 ὁ
3380 2408 3603 2476 Λόγος»
3631 2409 3764 2461 Θεὸν

2181 2504 2236 2556 δὲ
2272 2503 2432 2557 αὑτὸν
2464 2493 2694 2560 ἀκούων,
2733 2499 2884 2568 φησι,
2926 2498 3000 2569 μὴ
3043 2498 3274 2571 ἄναρχον
3317 2498 3412 2551 καὶ
3445 2498 3763 2568 ἀγέννητον,

2181 2595 2379 2666 ὁμοίως
2426 2592 2501 2663 τῷ
2545 2591 2709 2644 αὑτοῦ
2752 2591 2924 2660 Πατρί
2959 2590 3051 2642 καὶ
3091 2588 3253 2641 αὑτὸν
3293 2584 3431 2640 εἶναι
3466 2587 3762 2658 ὑπολάϐῃς,

2185 2686 2419 2757 μάνθανε
2468 2685 2545 2746 δὲ,
2590 2686 2671 2737 ὅτι
2720 2685 2776 2735 ἐν
2828 2684 2968 2752 ἀρχῇ
3015 2679 3083 2752 ἦν
3134 2673 3289 2743 οὗτος
3337 2682 3366 2732 6
3414 2681 3545 2743 Θεὸς
3570 2680 3761 2746 Λόγος.

2182 2781 2314 2832 Τίνα
2346 2777 2388 2830 δ’
2420 2776 2582 2829 αὑτοῦ
2617 2775 2714 2846 τὴν
2746 2773 2919 2844 ἀρχὴν
2959 2772 3277 2840 ὑφίσταται,
3314 2770 3567 2837 διασαφεῖ
3613 2771 3761 2838 ἑῇς,

2182 2871 2282 2923 οὑκ
2333 2867 2521 2927 εἰπὼν.
2561 2869 2669 2919 Καὶ
2699 2868 2725 2918 6
2761 2865 2930 2932 Λόγος
2973 2859 3039 2932 ἦν
3086 2864 3113 2916 6
3141 2863 3291 2925 Θεὸς,
3339 2863 3476 2930 μετᾶ
3519 2861 3619 2930 τῆς
3670 2860 3765 2913 τοῦ

2181 2959 2383 3030 ἄρθρου
2426 2957 2725 3027 προθήκης,
2765 2955 2849 3006 ἵνα
2886 2953 2959 3024 μὴ
2996 2952 3153 3005 αὑτὸν
3202 2947 3337 3004 εἶναι
3362 2951 3452 3002 τὸν
3499 2951 3590 3003 ἐπὶ
3634 2951 3767 3003 πᾶν·
3821 3012 3826 3015 _

2182 3062 2288 3096 των
2335 3043 2615 3113 όρίσηται,
2664 3041 2776 3092 ἀλλ’
2811 3041 2940 3104 οὐδ’,
3003 3041 3059 3091 ὲν
3096 3039 3174 3109 τῷ
3203 3039 3342 3108 Θεῷ,
3392 3039 3476 3092 ἵνα
3518 3037 3591 3108 μὴ
3662 3057 3761 3091 κα-

2182 3132 2390 3205 ταϐάλῃ
2433 3133 2523 3184 ἐπὶ
2563 3131 2660 3201 τὴν
2712 3129 3058 3200 ἀνθρωπίνην
3117 3128 3428 3198 ὁμοιότηταο
3476 3127 3612 3196 ἀλλὰ
3639 3129 3766 3182 Καὶ

2177 3226 2217 3276 ’d
2251 3225 2437 3291 Λόγος
2472 3218 2547 3291 ἦν
2571 3221 2720 3289 πρὸς
2752 3219 2857 3273 τὸν
2891 3217 3060 3282 Θεὸν,
3104 3239 3122 3270 ι
3152 3218 3277 3288 ἔφη.
3313 3220 3375 3272 El
3397 3218 3499 3289 γὰρ
3527 3219 3764 3288 εἰρήκει,

2186 3313 2294 3366 Καὶ⁸
2356 3314 2384 3364 6
2418 3312 2585 3380 Λόγος
2641 3307 2707 3381 ἦν
2753 3313 2809 3363 ἐν
2852 3309 2928 3380 τῷ
2972 3309 3128 3380 Θεῷ,
3175 3310 3250 3372 ὡς
3299 3312 3355 3362 ὲν
3420 3309 3768 3379 ὑποκειμένῳ

2187 3403 2552 3474 συμϐεϐηκὸς,
2584 3403 2675 3456 καὶ
2704 3403 2778 3466 ὡς
2805 3403 2989 3472 ἕτερον
3030 3403 3086 3453 ὲν
3130 3403 3298 3474 ἑτέρῳ
3335 3402 3474 3464 δοὺς,
3508 3398 3766 3453 σύνθετον

2185 3495 2372 3566 ὥσπερ
2408 3497 2592 3566 εἰσῆγε
2634 3494 2722 3546 τὸν
2756 3493 2888 3546 Θεὸν
2921 3493 3109 3547 οὐσίαν
3151 3493 3313 3547 αὑτὸν
3377 3491 3762 3560 ὑποτιθέμενος

2185 3586 2306 3656 δίχα
2338 3587 2515 3653 λόγου,
2543 3584 2885 3656 συμϐεϐηκὸς
2908 3584 2964 3636 δὲ
2995 3587 3060 3654 τῇ
3083 3584 3240 3653 οὐσίᾳ
3270 3583 3362 3636 τὸν
3383 3582 3558 3650 λόγον.
3592 3583 3766 3649 Ὅπερ

2187 3679 2389 3749 οἰηθεὶς
2422 3676 2734 3748 Μάρκελλος
2765 3676 2856 3728 τὸν
2889 3675 3104 3742 Πατέρα
3138 3674 3232 3726 καὶ
3272 3673 3366 3726 τὸν
3393 3673 3520 3725 Υἱὸν
3568 3671 3659 3724 ἐπὶ
3706 3669 3767 3724 τὸ

2189 3768 2320 3822 αὐτὸ
2353 3770 2591 3835 συνάγει,
2618 3768 2716 3836 τὴν
2739 3765 2850 3837 (56)
2887 3766 2983 3835 μὲν
3001 3765 3189 3817 οὑσίαν
3210 3763 3389 3816 καλῶν
3418 3763 3510 3815 τὸν
3527 3761 3763 3831 Πατέρα.

2187 3860 2278 3912 τὸν
2309 3861 2354 3912 δ’
2387 3862 2443 3913 ὲν
2475 3857 2624 3928 αὑτῷ
2655 3858 2845 3926 Λόγον,
2880 3856 2970 3909 τὸν
3002 3855 3156 3909 Υξόνδ
3189 3855 3248 3908 οὑ
3293 3854 3658 3924 λογισόμενος,
3693 3841 3789 3914 ὡς’

2165 3949 2217 4003 ’ό
2274 3951 2431 4004 τοῦτο
2475 3950 2672 4012 διδοὺς,
2727 3948 2818 4001 τὸν
2857 3946 2999 3999 Θεὸν
3041 3948 3168 4001 ἄνευ
3213 3946 3373 4015 λόγου
3417 3943 3764 4012 ὑποθέμενος,

2191 4044 2333 4113 ἀθέῳ
2357 4043 2450 4095 καὶ
2482 4039 2732 4093 δυσσεϐεῖ
2763 4037 3045 4108 περιπέσοι
3079 4037 3142 4090 ἂν
3171 4036 3398 4105 δόγματι
3421 4034 3552 4087 Θεὸν
3581 4031 3767 4096 ἄλογον

2191 4134 2645 4206 παραδεχόμενος,
2677 4131 2868 4201 ἔχοντα
2909 4130 3008 4200 μὲν
3044 4129 3200 4195 λόγον
3242 4127 3318 4188 ὡς
3354 4127 3464 4194 ('57)
3498 4121 3770 4192 συμϐεϐη-

2191 4227 2321 4280 κότα
2353 4228 2409 4277 ὲν
2439 4223 2607 4293 αὑτῷ,
2642 4224 2702 4275 οὑ
2751 4221 2854 4292 μὴν
2900 4221 3060 4274 αὑτὸν
3098 4219 3224 4270 ὄντα
3265 4218 3442 4285 λόγον·
3472 4216 3607 4278 δέον,
3634 4214 3691 4266 ἓν
3715 4228 3766 4264 τι

2193 4318 2353 4379 θεῖον,
2385 4315 2638 4386 ἄρρητον,
2669 4311 2894 4380 ἀγαθὸν,
2939 4308 3162 4372 ἁπλοῦν,
3208 4307 3519 4368 ἀσύνθετον,
3567 4321 3770 4375 μονοει-

523 4415 630 4455 ιιοιι
672 4412 848 4456 autem
887 4403 958 4456 sit
989 4401 1100 4468 ipse
1149 4400 1322 4470 λόγος.
1365 4403 1512 4480 llum
1545 4402 1769 4457 omnino
1816 4401 2084 4456 latendum

2191 4409 2297 4472 δὲς,
2347 4406 2406 4459 τὸ
2458 4404 2712 4457 ἐπέκεινα
2755 4403 2862 4455 τῶν
2910 4401 3044 4454 ὅλων
3114 4399 3417 4469 ὁμολογεῖν,
3469 4398 3582 4466 (58)
3611 4394 3771 4448 αὑτό-

525 4489 596 4544 sit
647 4491 903 4550 divinum,
924 4490 1266 4555 ineﬂ'abilem,
1290 4493 1506 4555 bonum,
1537 4492 1854 4560 simplicem,
1885 4491 2089 4546 incom-

529 4581 783 4648 positum,
801 4582 1140 4642 uniformem.
1160 4597 1320 4650 supra
1341 4584 1522 4637 omnia
1549 4598 1676 4660 esse
1697 4584 1869 4652 ipsum
1893 4583 2088 4637 Deum:

531 4671 726 4740 ipsum,
762 4672 1002 4741 inquam,
1022 4673 1330 4740 αὑτόλογον,
1349 4673 1691 4743 αὑτοσοφίαν,
1713 4672 1981 4742 αὑτοφὼς,
1995 4675 2095 4726 αὑ-

529 4765 758 4836 τοζωὴν,
789 4765 1110 4830 αὑτόκαλον,
1143 4765 1508 4834 αὑτοάγαθον,
1545 4775 1637 4820 aut
1679 4766 1722 4820 si
1768 4767 1898 4836 quid
1945 4767 2092 4821 liisce

533 4857 840 4912 llUlllllllbllS
885 4857 1059 4926 majus
1098 4867 1153 4912 et
1191 4857 1532 4927 praestantius
1565 4857 1858 4927 excogitari
1905 4866 2091 4928 queat.

532 4950 640 5001 lino
665 4962 794 5006 vero
823 4948 1000 5017 potius
1027 4949 1168 5017 quod
1209 4947 1434 5001 excedat
1465 4959 1699 5000 mentem
1741 4963 1981 5014 onmem,
2012 4965 2096 5002 su-

534 5053 686 5110 ltcl‘el.
733 5057 948 5099 onmem
982 5040 1362 5112 cogitationem
1401 5048 1457 5095 et
1502 5039 1934 5109 disquisitionem
1974 5039 2094 5094 ani-

613 5225 672 5284 γξι
712 5220 808 5274 Ed.
839 5219 1012 5275 Panis.
1038 5235 1158 5288 pag.
1192 5219 1306 5274 ΩΙ.

612 5375 720 5448 (ἓξ)
757 5375 926 5448 Vulgo
956 5380 1371 5448 καταστήσαντα
1401 5386 1455 5430 et
1481 5392 1600 5448 mox
1625 5377 1792 5431 εἰπὼν
1818 5378 1990 5446 λόγος.

596 5444 724 5514 ,(55)
762 5447 928 5514 Vulgo
957 5444 1196 5518 ὑπόστῃ.⁷
1220 5447 1358 5514 Mox,
1387 5452 1500 5503 loco
1523 5447 1683 5511 αὑτός
1737 5449 1787 5503 in
1819 5444 1964 5506 corr.
2007 5463 2097 5517 γρ.

543 5507 722 5576 οὗτος,
752 5525 806 5567 et
845 5507 914 5570 ita
943 5517 1098 5571 codd.

613 5585 727 5658 (ξρ)
761 5583 1060 5658 Χυιμρμὲν
1094 5589 1280 5658 οὑσίαν
1311 5586 1489 5640 καλῶν
1522 5587 1638 5658 μέν.

612 5653 726 5724 (ὗῖ)
757 5654 860 5724 Mli.
891 5653 974 5709 ἶσξ
1001 5657 1382 5727 συμϐεϐηκότι.

2194 4498 2333 4560 θεον,
2397 4493 2682 4556 αἰοτονοῦν,
2728 4491 3050 4560 αὑτολόγον,
3094 4489 3452 4557 αὑτοσοφίαν,
3504 4485 3769 4552 αὑτόςως,

2193 4585 2493 4654 αὑτοζωὴν,
2534 4581 2851 4642 αὑτόκαλον,
2887 4581 3224 4649 αὑτοάγαθον
3251 4580 3403 4642 ὄντα,
3447 4577 3540 4630 καὶ
3571 4575 3771 4628 τούτων

2197 4677 2304 4750 ('59)
2341 4677 2368 4730 ὃ
2394 4694 2443 4728 τι
2475 4676 2539 4729 ἄν
2580 4692 2664 4748 τις
2692 4677 2936 4744 κρεῖττον
2969 4673 3294 4742 ἐπινοήσειε,
3341 4669 3538 4739 μᾶλλον
3563 4669 3607 4720 δ’
3637 4669 3771 4735 ὑπὲρ

2197 4770 2374 4822 πάντα
2424 4767 2568 4835 νοῦν,
2614 4766 2706 4820 καὶ
2761 4765 2938 4834 πάσης
2992 4763 3244 4816 ἐπέκεινα
3297 4761 3535 4823 διανοίας
3577 4775 3635 4811 τε
3682 4758 3774 4810 καὶ

2199 4861 2567 4932 ἐνθυμήσεως.
2625 4858 2728 4910 Τὸν
2770 4855 2824 4909 δὲ
2862 4855 3051 4908 τούτου
3095 4853 3358 4924 μονογενῆ
3390 4853 3539 4916 Υἱὸν,
3586 4851 3660 4913 ὡς
3709 4849 3772 4901 ἂν

2201 4951 2384 5005 εἰκόνα
2427 4951 2522 5004 τοῦ
2555 4949 2787 5020 Πατρὸς,
2829 4946 2888 5012 ἐξ
2930 4946 3094 5000 αὑτοῦ
3142 4945 3335 5014 φύντα,
3382 4946 3556 5014 πάντη
3593 4961 3651 4996 τε
3686 4945 3775 4997 καὶ

2204 5042 2344 5096 κατὰ
2369 5041 2542 5095 πάντα
2567 5040 2882 5112 ὁμοιοτάτον
2911 5039 3038 5092 ὄντα
3060 5037 3138 5108 τῷ
3164 5036 3536 5108 γεγεννηκότι,
3567 5037 3660 5089 καὶ
3685 5039 3778 5090 αὖ·

2278 5374 2390 5430 (58)
2418 5373 2612 5428 Αὑτὸν
2634 5369 2766 5428 οὖν.
2787 5373 2948 5426 Forte
2976 5372 3108 5425 αὑτὸ
3134 5372 3211 5426 όν.
3243 5369 3312 5424 Μ.
3333 5399 3403 5410 --
3427 5369 3594 5440 Vulgo
3619 5365 3774 5418 αὑτὸν

2210 5445 2330 5498 θεὸν
2362 5445 2522 5497 αὑτὸν
2555 5440 2648 5497 οὖν
2675 5459 2820 5496 corr.
2870 5441 2934 5496 Β.
3724 5471 3730 5478 -

2281 5515 2392 5581 (59)
2416 5515 2536 5567 ’Ὁτι
2584 5514 2661 5566 ἄν
2702 5530 2808 5576 τις.
2854 5514 3009 5568 Forte
3042 5511 3095 5565 εἴ
3129 5531 3178 5565 τι
3211 5511 3274 5565 ἄν
3318 5527 3420 5573 τις.
3453 5506 3524 5562 Μ.
3558 5535 3620 5546 —-
3652 5505 3770 5557 Mox

2211 5587 2364 5654 vulgo
2397 5584 2638 5654 ἁμουντα
2668 5584 2784 5652 τήν.
