4086 6202
304 247 407 311 929

1257 242 1343 299 DE
1377 242 1914 303 ECCLESIASTICA
1950 244 2340 304 THEOLOGIA
2391 249 2517 307 LIB.
2558 253 2623 308 Π.

3468 274 3573 330 950

301 362 393 413 τὸν
427 356 582 420 Θεὸν,
618 357 713 410 καὶ
737 357 879 421 νοῦν,
910 356 1004 411 καὶ⁵
1040 356 1216 425 λόγον,
1245 359 1337 411 καὶ
1364 359 1578 426 σοφίαν,
1603 359 1698 410 καὶ
1723 358 1867 428 ζωὴν

1994 359 2086 414 mi.
2105 358 2272 426 llujus
2316 371 2495 416 autem
2530 362 2724 417 Filium
2779 365 3134 436 unigenitum,
3186 372 3352 430 veluti
3399 379 3573 439 Patris

299 453 398 504 καὶ
430 450 550 519 φῶς
598 444 773 513 εἶναι,
801 445 964 503 αὑτοῦ
1009 467 1068 504 τε
1113 449 1208 503 τοῦ
1251 450 1417 503 καλοῦ
1447 450 1540 503 καὶ
1574 449 1779 518 ἀγαθοῦ
1812 452 1892 502 εξ-

301 540 466 592 κόνα·
504 538 606 592 οὑκ
632 535 792 592 αὑτὸν
817 538 946 592 ὄντα
970 539 1064 591 τόν
1096 538 1337 608 Πατέρα.
1371 539 1507 592 ἀλλὰ
1539 538 1630 592 τὸν
1660 539 1754 591 τοῦ
1777 539 1890 591 Πα-

303 626 434 699 τρὸς
471 629 728 699 μονογενῆ
764 627 892 680 Υῐόν
916 644 931 657 ·
965 628 1072 680 οὐδ’
1092 628 1254 680 αὑτὸν
1299 628 1428 681 ὄντα
1463 629 1554 680 τὸν
1599 611 1892 696 ἀγέννητον

302 719 396 785 καὶ
431 719 684 790 ἄναρχον,
729 718 865 772 ἀλλὰ
912 719 1004 771 τὸν
1047 719 1108 784 ἐξ
1159 719 1324 772 αὑτοῦ
1369 720 1542 787 φύντα
1587 721 1682 772 καὶ
1717 720 1892 790 ἀρχὴν

302 811 744 880 ἐπιγραφόμενον
774 810 865 862 τὸν
892 811 1279 879 γεγεννηκότα.
1309 811 1371 862 Ei
1397 811 1471 873 δὲ,
1503 811 1709 873 τούτοις
1742 812 1892 863 ἀντι-

301 899 480 967 λέγων
504 899 820 969 Μάρκελλος
851 900 1045 960 ταύτὸν
1075 896 1213 952 εἶναι
1246 899 1356 970 (40)
1390 900 1589 968 φάσκοι
1618 901 1710 952 τὸν
1735 901 1890 963 Θεὸν,

303 991 398 1043 καὶ
443 991 534 1043 τὸν
572 992 629 1042 ὲν
672 991 821 1060 αὑτῷ
865 991 1040 1060 Λόγον
1077 991 1365 1044 ἀσύνθετον
1406 993 1499 1046 καὶ
1551 992 1755 1045 ἁπλοῦν
1801 992 1890 1044 τὸν

289 1069 437 1134 ’Θεὸν
480 1079 814 1151 ὁριζόμενος,
847 1081 966 1153 ὥρα
999 1081 1112 1151 (ﬂ)
1157 1082 1294 1153 μήτε
1325 1081 1546 1153 Πατέρα
1589 1082 1726 1152 μήτε
1761 1081 1891 1134 Υἱὸν

289 1155 579 1241 ’ὁμολογεῖν
624 1171 808 1236 αὑτὸν,
855 1170 1112 1243 ἄντικρυς
1152 1172 1208 1224 δὲ
1240 1172 1331 1225 τὸν
1365 1171 1616 1225 Ἰουδαῖον
1651 1171 1891 1242 προϐάλ-

295 1259 516 1322 λεσθαι,
546 1260 580 1329 ἦ
613 1259 706 1312 τὸν
745 1260 1031 1313 Σαϐἐλλιον
1071 1262 1314 1329 εἰσάγειν
1338 1301 1352 1325 ,
1383 1261 1602 1332 Πατέρα
1633 1261 1728 1314 καὶ
1761 1259 1888 1312 Υἱὸν

299 1351 388 1405 τὸν
423 1351 584 1405 αὑτὸν
616 1350 753 1404 εἶναι
792 1352 1102 1422 φάσκοντα’
1139 1352 1302 1406 ὥστε
1324 1355 1443 1407 κατ’
1468 1354 1627 1406 αὑτὸν
1668 1353 1751 1414 τὸ,
1794 1352 1890 1404 Ἐν

295 1441 452 1511 ἀρχῇ
468 1438 548 1511 ἦν
571 1445 605 1496 ό
620 1443 828 1511 Λότος,
849 1443 962 1496 ἴσον
987 1439 1126 1497 εἶναι
1152 1443 1250 1514 τῷ,
1272 1445 1368 1496 Ἐν
1384 1442 1542 1514 ἀρχῇ
1565 1443 1645 1512 ἦν·
1667 1446 1700 1496 ὁ
1722 1443 1886 1507 Θεός,

296 1532 388 1584 καὶ
413 1531 476 1584 τὸ
499 1571 513 1592 ,
550 1532 650 1584 καὶ
689 1535 723 1585 ό
755 1535 946 1602 Λόγος
977 1529 1057 1603 ἦν
1084 1533 1234 1602 πρὸς
1260 1534 1368 1586 τὸν
1395 1533 1565 1598 Θεὸν,
1603 1535 1715 1586 ἴσον
1745 1527 1886 1584 εἶναι

1999 451 2316 520 imaginem,
2365 469 2432 507 ex
2469 454 2587 522 ipso
2635 465 2836 520 ortum,
2899 459 3124 516 omnino
3163 472 3219 518 et
3254 481 3351 534 per
3391 475 3571 527 omnia

1996 555 2154 608 quam
2182 541 2522 596 simillimum
2553 545 2782 613 genitori
2807 561 2924 613 suo,
2959 559 3013 604 et
3054 551 3227 620 ipsum
3260 559 3405 624 quod
3452 575 3572 614 cre—

1997 631 2087 684 dat
2118 629 2308 694 Deum,
2331 642 2386 686 et
2437 647 2694 700 mentem,
2719 644 2775 690 et
2810 637 2988 706 λόγον,
3024 650 3079 695 ει
3108 645 3430 711 sapientiam
3457 686 3475 714 ,
3514 660 3571 704 et

1996 721 2182 782 vitam,
2217 729 2270 774 et
2297 722 2492 787 lucem,
2520 724 2664 780 illius
2695 726 2907 795 pulchri
2945 730 3239 802 imaginem
3275 747 3437 806 atque
3471 741 3571 794 bo-

1996 812 2048 864 ni
2088 829 2103 864 :
2137 827 2244 867 non
2274 820 2454 867 tamen
2488 815 2778 883 ipsummet
2807 820 3248 887 genitorem,sed
3281 825 3458 882 Patris
3481 832 3564 884 sui

1995 897 2189 952 Filium
2221 902 2576 968 unigenitum,
2603 918 2708 957 non
2740 906 2914 973 ipsum
2941 909 3159 976 quidem
3200 915 3564 984 unigenitum,

1995 996 2049 1040 et
2075 988 2530 1057 it'nprincipiatum
2566 1008 2580 1044 :
2615 993 2710 1044 sed
2756 1006 2820 1046 ex
2851 992 2940 1047 illo
2976 1005 3179 1063 ortum,
3203 999 3283 1053 sic
3317 1009 3374 1052 ut
3416 1002 3566 1070 prin-

1992 1076 2139 1144 pium
2187 1077 2267 1130 sui
2325 1078 2562 1132 ascribat
2604 1078 2771 1133 Patri.
2821 1081 2974 1148 Quod
3014 1085 3058 1139 si
3105 1086 3252 1141 hisce
3285 1093 3563 1147 contradi-

1991 1165 2161 1219 cendo
2189 1165 2500 1229 Marrellus,
2534 1169 2672 1222 idem
2704 1183 2826 1224 esse
2867 1186 2964 1240 per
2991 1175 3170 1228 omnia
3196 1177 3396 1232 dixerit
3415 1181 3562 1236 illum

1993 1253 2183 1319 Deum,
2215 1265 2269 1310 et
2298 1257 2423 1311 illud
2460 1264 2518 1320 ὦ
2550 1259 2601 1312 in
2643 1273 2709 1314 eo
2752 1262 2986 1316 Verbum
3025 1265 3189 1319 Deum
3237 1268 3565 1339 incomposi-

1993 1353 2104 1399 tum
2139 1346 2407 1400 deﬁniens
2446 1357 2609 1418 atque.
2653 1349 2951 1421 simplicem
2988 1370 3003 1419 ;
3035 1355 3218 1410 videat
3257 1372 3326 1412 ne
3360 1360 3442 1413 vel
3471 1361 3566 1415 Pa-

1993 1444 2128 1490 trem
2155 1437 2238 1492 vel
2262 1437 2457 1493 Filium
2493 1453 2615 1492 eum
2639 1455 2896 1510 agnoscat
2926 1459 2941 1496 :
2968 1447 3062 1500 sed
3087 1445 3326 1502 Judaeum
3358 1464 3417 1503 se
3439 1465 3566 1518 pro-

1989 1529 2102 1593 dat,
2137 1537 2229 1581 aut
2261 1544 2384 1583 cum
2422 1529 2662 1585 Sabellio
2687 1533 2900 1587 inducat
2933 1536 3143 1592 Patrem
3170 1542 3416 1594 eumdem
3449 1543 3567 1612 pla-

293 1620 390 1691 τῷ,
424 1622 522 1674 καὶ
556 1625 589 1674 ό
628 1621 773 1688 Θεὸς
804 1618 883 1693 ἦν
915 1623 1064 1692 πρὸς
1106 1625 1215 1678 τὸν
1251 1624 1419 1688 Θεὸν,
1465 1624 1668 1694 ὁμοίως
1704 1625 1762 1676 δὲ
1791 1621 1869 1676 κα¹

1990 1631 2058 1669 ne
2095 1626 2256 1684 atque
2313 1614 2550 1671 Filium.’
2589 1619 2657 1674 Ut
2707 1630 2836 1688 puta
2881 1637 3002 1676 cum
3052 1625 3192 1679 idem
3237 1639 3391 1681 sonet
3419 1632 3563 1699 apud

255 1727 266 1732 ·
289 1711 350 1763 τὸ
382 1711 562 1782 τρίτον
596 1713 790 1766 ταύτὸν
839 1707 977 1767 εἶναι
1009 1713 1108 1785 τῷ,
1134 1715 1229 1769 καὶ
1262 1715 1406 1780 Θεὸς
1441 1711 1522 1784 ἦν
1561 1718 1592 1768 ό
1633 1715 1796 1781 Θεὸς.
1840 1714 1869 1768 ἃ

1980 1704 2148 1768 illum,
2178 1704 2243 1770 1η
2259 1707 2518 1774 principio
2555 1716 2666 1761 erat
2715 1707 2940 1762 Verbum
2968 1751 2984 1776 ,
3017 1727 3082 1766 ac
3117 1715 3281 1778 illud,
3315 1715 3374 1768 In
3417 1696 3564 1786 prin-

290 1801 404 1870 (42)
439 1803 502 1872 δὴ
543 1802 675 1874 πρὸς
701 1803 780 1874 τῷ
812 1805 1173 1876 άσυναρτήτῳ
1203 1807 1296 1859 καὶ
1326 1805 1760 1877 παραλογώτατα
1789 1805 1872 1878 εἴη

289 1895 376 1948 ἄν.
415 1895 538 1958 Πῶς
569 1895 626 1948 δὲ
655 1896 834 1949 καὶτὸ
861 1897 1059 1950 πάντα
1090 1897 1166 1950 δι’
1201 1897 1387 1950 αὑτοῦ
1415 1897 1652 1966 ἐγένετο
1689 1897 1872 1968 χώραν

285 1984 421 2052 ἕξει,
469 1985 586 2048 ἑνὸς
639 1985 792 2050 ὄντος
849 1987 942 2040 τοῦ
1003 1987 1400 2058 ὑποκειμένους
1452 1987 1526 2040 Οὑ
1564 1985 1672 2057 γὰρ
1733 2004 1750 2036 ‹
1781 1985 1872 2038 ὑπ’

287 2075 452 2129 αὑτοῦ
487 2095 506 2128 ι
542 2077 728 2146 φησὶν,
760 2076 868 2129 οὐδ’
899 2094 917 2127 t
938 2076 997 2140 ἐξ
1028 2076 1190 2131 αὑτοῦ
1217 2096 1234 2128 ι
1278 2076 1346 2129 τὰ
1392 2075 1567 2129 πάντα
1616 2075 1874 2145 γεγεννῆ-

289 2166 434 2231 σθαι,
472 2167 607 2220 ἀλλὰ
659 2185 677 2217 ι
701 2168 767 2219 δι’
799 2166 985 2220 αὑτοῦ.
1009 2187 1027 2218 ι
1083 2168 1146 2220 Ἠ
1186 2168 1243 2220 δὲ
1287 2186 1303 2218 ι
1331 2167 1416 2221 διὰ
1440 2186 1458 2219 ι
1509 2168 1765 2237 πρόθεσις
1813 2167 1874 2219 τὸ

291 2257 621 2329 ὑπηρετικὸν
645 2257 898 2328 σημαίνει
916 2276 927 2288 ·
943 2259 1018 2321 ὡς
1035 2259 1062 2310 6
1077 2258 1236 2318 αὑτὸς
1265 2257 1655 2329 εὑαγγελιστὴς
1670 2256 1873 2328 προῖὼν

287 2347 419 2417 ἑξῆς
465 2349 757 2418 παρίστησι
837 2347 1045 2416 λέγων,
1090 2347 1121 2400 ὁ
1188 2347 1374 2415 νόμος
1421 2346 1519 2399 διὰ
1578 2345 1873 2411 Μωῢσέως

283 2437 483 2505 ἐδόθη,
523 2439 556 2504 ἠ
583 2438 756 2508 χάρις
792 2439 889 2491 καὶ
928 2439 962 2506 ὴ
995 2438 1244 2504 ἀλήθεια
1273 2437 1347 2489 δι’
1389 2437 1584 2504 Ἰησοῦ
1612 2437 1870 2503 Χριστοῦ

281 2528 538 2596 ἐγένετο·
573 2529 648 2593 ὡς
680 2530 790 2601 γὰρ
826 2530 854 2580 6
884 2529 1067 2600 νόμος,
1095 2531 1202 2583 ὀὑκ
1248 2529 1322 2582 ὢν
1367 2529 1725 2600 ἀνθρώπινος,
1761 2508 1870 2581 οὐδ’

284 2620 396 2686 (55')
444 2615 507 2674 αὖ
550 2619 648 2672 τοῦ
678 2619 957 2683 Μωὺσέως
1003 2621 1284 2692 ὑπάρχων,
1315 2620 1430 2673 ἀλλ’
1467 2622 1532 2674 ὲκ
1580 2619 1674 2672 τοῦ
1710 2618 1867 2682 Θεοῦ,

281 2713 522 2766 Μωῦσέα
549 2711 788 2766 διάκονον
821 2714 913 2765 καὶ
958 2713 1234 2784 ὑπηρέτην
1272 2711 1616 2782 ἐπεγράψατο
1661 2712 1758 2782 τῆς
1791 2712 1869 2774 εἰς

279 2801 600 2873 ἀνθρώπους
625 2803 908 2866 ἐκδόσεως,
945 2804 1036 2856 καὶ⁸
1066 2802 1152 2856 διὰ
1178 2803 1336 2856 τοῦτο
1363 2805 1595 2874 εἴρηται,
1628 2807 1661 2857 ό
1687 2806 1870 2872 νόμος

277 2891 379 2945 διὰ
411 2891 707 2957 Μωῦσέως
746 2893 944 2959 ἐδόθη,
981 2894 1120 2946 οὕτω
1159 2897 1251 2956 καὶ
1291 2897 1324 2964 ἡ
1368 2895 1526 2965 χάρις
1579 2895 1644 2947 δι’
1691 2894 1866 2966 Ἰησοῦ

279 2983 518 3056 Χριστοῦ
545 2984 777 3051 ἐγένετο,
807 2983 900 3037 τοῦ
929 2985 1140 3056 Πατρὸς
1172 2985 1340 3056 αὑτὴν
1383 2985 1470 3038 διὰ
1501 2984 1593 3037 τοῦ
1629 2985 1864 3056 Χριστοῦ
1893 3011 1935 3066 C

277 3079 781 3149 κατεργασαμένου.
798 3079 1072 3143 Ὡσαύτως
1097 3075 1189 3132 οῦν
1219 3080 1431 3152 εἴρηται
1455 3081 1544 3134 καὶ
1561 3081 1642 3146 τὸ,
1664 3080 1863 3135 Πάντα

275 3165 350 3218 δι’
384 3167 572 3221 αὐτοῦ
603 3168 871 3236 ἐγένετο·
931 3169 1043 3239 (44)
1093 3171 1280 3240 ἐτέρου
1335 3173 1432 3240 μὲν
1476 3173 1858 3242 πεποιηκότος,

275 3254 439 3308 αὑτοῦ
490 3256 548 3310 δὲ
594 3256 1057 3328 διακονησαμένου
1085 3274 1096 3286 ·
1152 3257 1282 3311 ὥσθ’
1321 3259 1507 3330 ἓτερον
1547 3259 1728 3330 ζητεῖν
1770 3261 1862 3313 τὸν

278 3349 507 3420 ποιητὴν
539 3349 648 3404 τῶν
706 3350 864 3414 ὅλων,
916 3352 1005 3404 τὸν
1046 3352 1135 3404 διά
1181 3350 1271 3404 τοῦ
1325 3351 1744 3421 θεολογουμένου
1792 3352 1861 3404 τὰ

275 3440 454 3493 πάντα
487 3441 955 3512 ὑποστησάμενον.
1014 3443 1124 3495 Καὶ
1171 3441 1254 3503 τίς
1303 3441 1370 3494 ἂν
1410 3443 1618 3510 γένοιτο
1663 3436 1857 3508 οῦτοςς

288 3531 426 3584 Ἀλλ’
456 3532 557 3586 οὑκ
599 3533 664 3586 ἂν
694 3533 806 3603 ἔχοι
834 3536 1026 3586 εἰπεῖν.
1059 3529 1159 3586 Ὧν
1187 3533 1358 3597 οὑτως
1387 3535 1639 3604 ἑχόντων,
1671 3535 1859 3606 ὁμολο-

273 3625 388 3689 γεῖν
428 3622 640 3693 ἀνάγκη
699 3623 790 3676 τὸν
837 3622 1251 3693 θεολογούμενον
1297 3624 1400 3676 ὑπὸ
1433 3624 1528 3676 τοῦ
1572 3624 1857 3693 εὐαγγελι-

275 3711 401 3765 στοῦ
447 3714 521 3783 μὴ
562 3713 652 3766 τὸν
689 3714 781 3765 ἐπὶ
807 3714 1024 3767 πάντων
1055 3710 1193 3768 εἷναι
1225 3713 1356 3768 Θεὸν
1375 3755 1389 3775 ,
1429 3715 1548 3785 μηδ’
1579 3716 1738 3768 αὑτὸν
1766 3717 1857 3768 τὸν

273 3802 512 3872 Πατέρα,
547 3803 637 3856 τὸν
682 3803 738 3855 δὲ
769 3802 957 3856 τούτου
1002 3807 1262 3874 μονογενῆ
1294 3805 1420 3856 Υἱὸν
1441 3845 1454 3866 ,
1489 3806 1550 3857 οὑ
1580 3805 1855 3877 συμϐεϐη-

270 3891 403 3944 γότα
427 3891 506 3961 τῷ
521 3893 714 3963 Πατρὶ,
741 3892 872 3956 οὐδ’,
887 3892 962 3956 ὡς
986 3895 1043 3945 ὲν
1066 3893 1431 3964 ὑποκειμένῳ,
1457 3895 1512 3945 ὲν
1535 3894 1683 3964 αὑτῷ
1704 3895 1853 3959 ὄντα,

269 3981 392 4033 οὑδὲ
442 3981 498 4033 ἓν
545 3982 639 4034 καὶ
685 3982 880 4052 ταὺτὸ-ι
919 3981 996 4051 τῷ
1042 3981 1159 4051 Θεῷ
1202 3981 1351 4047 ὅντα,
1397 3982 1522 4035 Υἱὸν
1569 3981 1614 4034 δ’
1642 3982 1858 4052 άληθῶς

271 4071 420 4134 ὄντα,
457 4069 632 4133 ζῶντα
683 4072 782 4124 ’καὶ
829 4071 1114 4141 ὑφεστῶτα
1161 4072 1219 4124 ὲν
1270 4073 1412 4144 ἀρχῇ
1459 4091 1517 4126 τε
1557 4073 1706 4134 ὄντα,
1763 4073 1856 4125 καὶ

271 4163 409 4233 πρὸς
429 4163 519 4214 τὸν
543 4161 676 4214 Θεὸν
705 4161 853 4224 ὄντα,
903 4162 996 4215 καὶ
1021 4162 1152 4215 Θεὸν
1186 4163 1335 4227 ὅντα,
1385 4163 1452 4214 δι’
1484 4155 1544 4215 οῦ
1577 4165 1644 4216 τὰ
1679 4164 1855 4217 πάντα

269 4251 610 4322 δημιουργεῖ.
653 4253 741 4314 Ὠς
783 4251 959 4322 ὀρθῶς
986 4252 1096 4321 (45)
1127 4253 1192 4305 ἄν
1227 4269 1348 4304 τινα
1380 4251 1472 4305 ἐπὶ
1502 4252 1562 4304 τὸ
1597 4251 1856 4320 σαφέστε-

1975 1796 2112 1862 cipio
2133 1805 2242 1848 erat
2269 1795 2424 1850 Deus.
2451 1797 2514 1850 Et
2551 1798 2700 1862 illud,
2731 1797 2795 1850 Et
2825 1796 3044 1854 Verbum
3064 1813 3178 1856 erat
3203 1807 3344 1873 apud
3368 1805 3558 1872 Deum,

1959 1887 2295 1955 mquivaleat
2341 1887 2437 1953 illi,
2473 1880 2537 1942 Et
2581 1888 2719 1943 Deus
2761 1902 2872 1945 erat
2908 1893 3050 1961 apud
3096 1894 3286 1948 Deum.
3323 1896 3390 1950 Et
3423 1899 3554 1952 illud

1980 1980 2193 2033 tertium
2229 1993 2333 2033 non
2365 1979 2435 2032 sit
2459 1980 2602 2034 aliud
2627 1996 2811 2049 quam,
2840 1982 2906 2036 Et
2929 1983 3067 2037 Deus
3097 1996 3208 2038 erat
3239 1987 3404 2043 Deus.
3425 1987 3557 2055 Qua:

1976 2077 2237 2138 prmtcrea
2275 2070 2417 2139 quod
2468 2072 2778 2126 cohaereant
2826 2073 3025 2136 minus,
3055 2075 3125 2128 ab
3153 2077 3300 2130 omni
3341 2079 3558 2132 ratione

1976 2170 2100 2214 sunt
2130 2159 2480 2214 alienissima.
2531 2159 2664 2214 Nam
2695 2177 2927 2230 quonam
2961 2173 3118 2232 pacto
3139 2163 3324 2218 locum
3355 2167 3558 2222 habere

1976 2253 2177 2320 poterit
2207 2253 2356 2316 illud,
2389 2253 2582 2307 Omnia
2610 2269 2703 2321 per
2728 2254 2899 2322 ipsum
2929 2254 3072 2322 [acta
3113 2263 3255 2322 sunt,
3290 2273 3412 2310 cum
3439 2259 3558 2311 uui-

1975 2342 2583 2412 cumsitsuppositum?
2613 2353 2666 2398 et
2701 2343 2982 2414 Scriptura
3038 2346 3250 2414 doceat,
3287 2363 3393 2402 non
3435 2366 3454 2400 ι
3487 2350 3556 2402 ah

1975 2429 2092 2485 illo»
2126 2432 2322 2487 nedum
2347 2450 2365 2483 ι
2389 2449 2454 2488 ex
2477 2435 2622 2496 illo,»
2665 2435 2758 2487 sed
2796 2449 2922 2502 «per
2953 2435 3131 2488 illum)
3167 2437 3345 2490 omnia
3388 2437 3556 2492 fuisse

1975 2519 2142 2574 facta?
2169 2506 2234 2573 Et
2277 2521 2361 2574 illa
2393 2523 2809 2590 prmpositioper
2841 2523 3143 2578 miuistrale
3175 2524 3302 2592 quid
3340 2527 3552 2594 signiti-

1972 2621 2078 2675 cet,
2119 2613 2567 2680 quemadmodum
2610 2614 2664 2667 in
2717 2615 3076 2682 sequentibus
3131 2616 3287 2671 docet
3320 2632 3553 2688 evange-

1972 2702 2118 2764 lista,
2160 2703 2426 2770 inquiens,
2461 2701 2568 2756 Lm:
2589 2719 2681 2764 per
2724 2701 2955 2773 Moyxem
2979 2704 3106 2757 data
3135 2712 3210 2758 est
3243 2719 3262 2757 :
3302 2709 3475 2775 gratia
3498 2717 3547 2760 et

1971 2791 2157 2844 veritas
2189 2806 2284 2858 per
2309 2790 2487 2843 Iesum
2511 2790 2778 2844 Christum
2809 2790 2953 2859 facta
2981 2801 3058 2844 est
3088 2792 3154 2845 ’⁷.
3187 2794 3549 2858 Quemadmo-

1971 2881 2097 2934 dum
2129 2883 2270 2934 euim
2305 2879 2411 2948 lex,
2457 2895 2562 2934 non
2615 2881 2701 2933 illa
2737 2880 3012 2936 hominum
3046 2881 3128 2935 vel
3173 2882 3370 2953 Moysis
3400 2885 3546 2938 exsi-

1970 2980 2140 3035 slens,
2161 2973 2255 3026 sed
2286 2971 2400 3033 Dei,
2427 2972 2513 3026 cui
2551 2971 2797 3025 minister
2816 2979 2870 3025 et
2897 2985 3086 3024 servus
3104 2970 3548 3028 subministrabat

1969 3062 2203 3134 Moyses,
2235 3072 2294 3116 ut
2341 3062 2429 3116 illa
2472 3061 2539 3116 ad
2573 3061 2817 3116 homines
2861 3063 3294 3130 promulgaretur
3333 3080 3348 3117 :
3383 3072 3546 3132 atque

1967 3154 2088 3208 ideo
2107 3155 2305 3208 dictum
2325 3163 2428 3216 est,
2444 3152 2554 3206 Lex
2576 3168 2671 3221 per
2698 3151 2751 3204 Μ
2757 3167 2930 3220 oysem
2957 3155 3082 3204 data
3099 3153 3222 3220 fuit.
3241 3152 3314 3206 Ita
3332 3167 3548 3222 quoque

1964 3255 2020 3300 et
2059 3245 2230 3316 gratia
2265 3245 2388 3299 data
2435 3254 2538 3307 cst,
2579 3243 2721 3312 quod
2770 3257 2869 3311 per
2913 3242 3189 3298 Christum
3225 3243 3384 3299 Pater
3424 3261 3545 3299 eam

1964 3345 2242 3404 operatur.
2288 3334 2464 3403 Atque
2497 3335 2564 3386 ad
2613 3333 2772 3385 istum
2811 3334 3030 3386 modum
3083 3334 3318 3398 dicitur,
3352 3333 3546 3388 Omnia

1963 3442 2056 3494 per
2090 3425 2240 3478 illum
2271 3424 2418 3493 facta
2440 3434 2559 3476 sum
2588 3437 2608 3476 :
2635 3429 2820 3488 utpote
2847 3421 2914 3474 ab
2950 3423 3120 3476 altero
3156 3423 3543 3489 producta,cui

1966 3517 2121 3571 alteri
2158 3523 2481 3583 operaturus
2521 3514 2607 3566 hic
2657 3509 3037 3564 subministrat
3069 3525 3084 3564 :
3116 3522 3175 3564 ut
3221 3513 3545 3579 quaerendus

1963 3610 2034 3662 sit
2063 3623 2091 3659 a
2124 3607 2279 3660 nobis
2308 3614 2520 3659 creator
2550 3603 2686 3656 alius
2715 3602 3131 3664 universorum,
3161 3603 3252 3668 qui
3289 3601 3487 3655 dicitur
3511 3620 3541 3656 a

1965 3693 2214 3760 llteologo
2237 3705 2454 3745 creasse
2495 3689 2702 3744 omnia.
2735 3687 2784 3743 ls
2818 3697 2996 3742 autem
3021 3688 3207 3756 ecquis
3241 3686 3382 3741 alius
3417 3704 3540 3744 esse

1959 3791 2170 3851 peierat
2193 3781 2217 3833 'I
2243 3790 2392 3834 certe
2436 3793 2596 3833 nemo
2641 3778 2860 3832 dixerit.
2888 3776 3018 3843 Qua:
3043 3791 3163 3830 cum
3189 3777 3261 3830 ita
3292 3777 3422 3842 sint,
3453 3777 3538 3831 la-

1964 3874 2061 3927 teri
2089 3889 2189 3927 nos
2240 3879 2456 3941 oportet
2493 3885 2614 3924 eum
2655 3871 2746 3940 qui
2778 3870 2845 3924 ah
2875 3867 3201 3938 evangelista
3233 3867 3536 3932 deiﬁcatur,

1962 3979 2069 4018 non
2105 3979 2223 4018 esse
2252 3963 2420 4016 Deum
2469 3963 2614 4016 illum
2655 3975 2814 4030 super
2847 3959 3053 4025 omnia,
3088 3973 3262 4027 neque
3299 3958 3537 4024 Patrem,

1959 4054 2053 4108 sed
2089 4053 2234 4107 illius
2267 4052 2461 4105 Filium
2511 4050 2844 4119 unigenitum
2878 4065 2894 4104 :
2928 4064 3033 4102 non
3065 4064 3186 4102 cum
3218 4048 3376 4103 Patre
3412 4051 3529 4118 pari

1960 4158 2118 4214 passu
2150 4143 2515 4196 ambulantem
2548 4158 2560 4192 :
2592 4154 2690 4193 nec
2715 4147 2966 4208 tanquam
2999 4138 3052 4193 in
3085 4138 3364 4208 supposito
3390 4141 3534 4191 exsi-

1959 4245 2186 4290 stcutcm
2214 4233 2409 4286 unico:
2443 4245 2546 4284 non
2579 4243 2744 4282 unum
2769 4238 2929 4298 atque
2956 4229 3206 4283 eumdem
3240 4244 3364 4284 cum
3397 4229 3527 4294 De‘o,

380 4318 746 4414 μεταλαϐόντα
767 4318 929 4413 φάναι
946 4318 1065 4396 ἀντὶ
1078 4318 1204 4406 τοῦ,
1223 4344 1276 4394 Ἐ
1282 4361 1318 4395 ν
1328 4343 1402 4411 ἀρ
1405 4342 1484 4412 κῇ
1501 4339 1578 4413 ἦν
1594 4345 1626 4396 ό
1642 4318 1852 4412 Λόγος,

1971 4325 2053 4380 sed
2095 4323 2284 4377 Filium
2339 4334 2464 4374 vcre
2497 4319 2869 4382 exsistentem,
2901 4318 3084 4372 vivum
3114 4318 3527 4373 subsistentem:

266 4407 330 4488 τὸ
422 4439 479 4489 ὲν
510 4437 649 4506 ἀρχῇ
687 4431 752 4506 ἦν
832 4436 980 4499 Υἱὸς,
1003 4455 1020 4484 ι
1056 4435 1150 4488 καὶ
1178 4435 1298 4487 ἀντὶ
1323 4407 1574 4498 ξ’κὰι
1599 4435 1629 4487 ὁ
1654 4407 1843 4504 Λόγος

1971 4434 1996 4470 ιι
2031 4410 2292 4486 principio
2337 4409 2428 4479 qui
2458 4417 2575 4462 erat
2605 4424 2618 4459 :
2653 4416 2707 4462 et
2746 4409 2884 4474 apud
2932 4407 3096 4462 Deum
3125 4417 3262 4470 erat,
3290 4417 3344 4462 et
3390 4407 3530 4462 Deus

265 4523 346 4594 ἦν
374 4527 524 4594 πρὸς
577 4527 872 4589 τὸν-Θεὸν,
908 4527 989 4592 τὸ,
1043 4544 1060 4575 ι
1092 4526 1184 4579 καὶ
1219 4527 1247 4579 6
1288 4525 1416 4589 Υἱὸς
1463 4521 1530 4596 ἦν
1574 4526 1708 4596 πρὸς
1754 4525 1845 4578 τὸν

269 4617 568 4688 [Ia-.591,»
615 4619 710 4671 καὶ
764 4618 886 4670 ἀντὶ
931 4615 1024 4669 τοῦ
1052 4654 1066 4680 ,
1132 4617 1229 4669 καὶ
1253 4615 1394 4682 Θεὸς
1425 4612 1502 4686 ἦν
1547 4621 1578 4669 ὀ
1628 4617 1842 4686 Λόγος,

266 4710 346 4769 τὸ,
409 4728 426 4755 α
453 4709 544 4761 καὶ
590 4709 720 4771 Θεὸς
778 4705 841 4778 ἦν
890 4711 918 4762 6
964 4709 1108 4770 Υἱός.
1138 4727 1154 4757 ι
1210 4705 1368 4760 Οῦτω
1415 4708 1458 4758 δ’
1491 4706 1556 4760 ἂν
1585 4708 1842 4778 ἁρμόσειε

267 4801 360 4852 καὶ
429 4801 488 4851 τὸ
547 4800 673 4868 ἑξῆς
745 4800 1121 4870 ἐπαγόμενον·
1184 4799 1376 4853 πάντα
1438 4799 1546 4867 γὰρ
1601 4799 1675 4851 δι’
1732 4795 1864 4852 αὺ-’

264 4891 394 4950 τοῦ,
424 4890 661 4960 ἐγένετο
698 4891 794 4943 καὶ
841 4891 1020 4959 χωρὶς
1061 4892 1244 4946 atrior")
1288 4890 1520 4960 ἐγένετο
1569 4889 1712 4943 οὐδὲ
1749 4890 1837 4944 ἓν.

266 4979 502 5044 Εἰκότως
526 4980 810 5052 τοιγαροῦν
836 4983 864 5033 6
883 4981 1022 5043 θεῖος
1054 4980 1442 5050 εὑαγγελιστὴς
1473 4979 1583 5049 (ιο)
1615 4980 1672 5031 ὲν
1696 4981 1838 5051 ἀρχῇ

263 5071 426 5122 αὑτὸν
473 5071 594 5141 ἔφη,
629 5071 751 5134 δοὺς
780 5070 926 5140 αύτῷ
956 5071 1127 5141 ἀρχὴν
1150 5110 1164 5132 ,
1196 5071 1350 5141 δῆλον
1378 5071 1432 5123 δὲ
1470 5072 1550 5122 ὅτι
1591 5069 1689 5140 τὴν
1714 5071 1840 5138 γέν·

343 5187 400 5244 ᾖ
437 5181 532 5236 Ed.
565 5181 759 5246 Paris.,
790 5197 910 5250 pag.
952 5181 1072 5234 l2?“

237 5257 243 5270 ’
335 5272 556 5328 "Joau.
598 5290 635 5335 I,
664 5274 749 5327 i7.

364 5365 448 5430 ιο)
475 5363 642 5424 Vulgo
678 5364 910 5434 φάσκον.

367 5433 448 5504 Η)
483 5435 536 5504 lu
561 5449 708 5504 corr.
744 5436 865 5502 ὅρα.

335 5501 448 5572 (Δῖ)
483 5501 648 5572 Vulgo
683 5503 760 5558 δέ.

337 5570 451 5642 (ιό)
479 5571 644 5642 Vulgo
673 5572 834 5625 αὑτοῦ
866 5570 979 5624 τοῦ.

335 5639 445 5714 (41)
477 5641 712 5710 Ἑτέρην
729 5642 844 5710 μὲν
871 5644 1281 5710 πεποιηκότηρ.
1311 5639 1668 5694 iliret'lissitnc
1693 5639 1834 5693 aria-

1945 4513 2064 4560 erat
2098 4520 2110 4555 :
2140 4515 2234 4569 per
2257 4511 2416 4564 quem
2445 4496 2632 4550 condit
2665 4496 2936 4549 universa.
2957 4493 3029 4550 Ut
3056 4494 3258 4548 clarius
3285 4502 3530 4562 tranSpo-

1942 4595 2048 4648 sita
2104 4593 2219 4646 haec
2249 4585 2492 4658 proferre
2537 4585 2658 4655 quis
2700 4585 2890 4662 possit,
2914 4588 3034 4652 'pro
3076 4584 3190 4647 illo,
3224 4582 3292 4637 In
3330 4585 3529 4653 princi-

1939 4706 2026 4773 pio
2053 4713 2165 4757 erat
2214 4699 2460 4762 Verbum,
2485 4716 2505 4750 ο
2542 4697 2596 4752 ln
2637 4697 2901 4766 principio
2933 4705 3054 4751 erat
3081 4695 3270 4758 Filius,
3299 4714 3319 4748 ι
3343 4704 3400 4750 ει
3428 4711 3527 4765 pro

1954 4795 2076 4859 illa,
2129 4791 2194 4845 Et
2245 4790 2468 4846 Verbum
2521 4800 2630 4842 erat
2664 4789 2804 4856 apud
2840 4786 3030 4852 Deum,
3067 4804 3087 4838 t
3121 4795 3174 4840 et
3214 4787 3380 4840 Filius
3409 4797 3527 4840 erat

1953 4884 2091 4952 apud
2133 4881 2380 4942 Patrem,
2421 4898 2438 4928 ι
2477 4889 2528 4934 ει
2565 4894 2662 4949 pro
2694 4877 2801 4941 illo,
2839 4874 2902 4927 Et
2937 4875 3075 4929 Deus
3100 4884 3210 4928 erat
3262 4872 3484 4928 Verbum
3507 4915 3520 4937 ,

1953 4992 1971 5024 ι
2005 4983 2058 5027 et
2109 4973 2247 5025 Deus
2299 4979 2418 5024 erat
2450 4969 2635 5024 Filius.
2664 4988 2682 5020 ι
2707 4967 2782 5021 lla
2831 4967 2975 5020 enim
3009 4979 3249 5034 congrue
3288 4965 3524 5018 cohaere-

1951 5066 2030 5119 bit
2082 5064 2222 5134 quod
2286 5064 2536 5135 adjicitur
2588 5063 2641 5115 in
2699 5058 3049 5130 sequentibus
3089 5055 3325 5110 :Omnia
3385 5057 3521 5108 enim

1941 5361 2241 5423 nizat,cum
2267 5355 2458 5410 Filium
2493 5348 2862 5423 tantummodo
2893 5347 3138 5423 διάκονον
3162 5348 3214 5423 in
3239 5346 3521 5423 creatione

1940 5415 2203 5499 supprimit
2241 5445 2260 5499 ι
2288 5424 2589 5499 ut_l\lo_yseu
2627 5421 2678 5472 iu
2716 5419 2847 5484 legis
2877 5419 3326 5488 promulgatioue.
3365 5415 3435 5468 Il.

2011 5494 2126 5565 με)
2156 5494 2559 5565 νιιιδογάκτξνα.

2011 5550 2123 5637 (Μή
2177 5550 2762 5637 Ἠλῖ-ἀρχῇ.-.οὔτ-οῦ..
2832 5556 2966 5631 ἔφη.
3042 5552 3278 5637 Legend.
3355 5550 3516 5606 αὑτὸν

1941 5627 2074 5690 εἶναι
2104 5627 2223 5702 ἔφη.
2260 5627 2427 5684 λΙζ-ὲὲ
2468 5629 2708 5699 [(ἷοτηικί
2737 5628 2908 5679 locum
2942 5640 3002 5678 cx
3037 5627 3191 5676 codd.
