4086 6202
613 248 719 303 931

1287 239 1551 296 EUSEBII
1590 236 2068 295 C/E‘SARIENS'IS
2104 234 2256 291 OPP.
2297 232 2476 290 PARS
2513 231 2603 290 iV.
2645 266 2712 277 —
2753 232 3176 292 BOGMATICA.

3751 231 3873 292 932

616 381 708 432 per
749 363 895 415 illum
938 365 1079 429 facta
1143 369 1285 420 sunt,
1328 370 1375 411 et
1421 362 1530 412 sine
1574 358 1663 411 illo
1695 362 1894 426 [actum
1924 358 2173 416 estnihil.

2283 373 2437 427 νησιν
2465 355 2561 426 τὴν
2591 355 2701 424 (47)
2735 358 2797 408 ὲκ
2829 355 2921 408 τοῦ
2953 357 3196 428 Πατρόςο
3240 356 3347 408 πᾶν
3376 353 3484 424 γὰρ
3528 356 3589 408 τὸ
3629 355 3694 406 ἔκ
3726 374 3869 420 τινος

613 461 679 518 +14
715 453 980 520 Quocirca
1033 459 1176 503 recte
1215 450 1365 503 illum
1415 450 1756 518 Evangelista
1806 449 1859 502 in
1914 449 2181 516 principio

609 545 807 610 fuisse,
839 543 1155 614 principium
1200 542 1272 594 illi
1303 542 1626 606 concedens,
1678 542 1783 594 hoc
1838 549 1921 593 est
1953 554 2181 607 genera-

618 636 817 691 tionem
861 634 928 686 de
966 633 1125 686 Patre
1163 647 1179 685 :
1233 648 1355 685 nam
1389 633 1750 701 quodcunque
1783 631 1851 684 de
1910 645 2178 698 quoquam

611 727 968 794 .progignitur,
1028 723 1325 791 genitorem
1377 724 1458 777 sui
1510 723 1837 791 principium
1891 720 2076 774 habet.
2114 721 2182 772 At

611 831 722 868 non
771 814 994 881 perinde
1046 814 1117 866 ita
1173 814 1375 876 intulit,
1435 813 1501 866 Et
1551 815 1758 867 verbum
1809 813 1942 864 illud
1984 824 2094 865 erat
2127 813 2180 864 in

619 905 750 963 Deo.
786 904 902 965 sed,
942 913 990 955 et
1042 900 1262 954 Verbum
1298 913 1407 954 em!
1435 902 1576 967 apud
1610 900 1794 962 Deum,
1825 901 1899 953 ita
1933 902 2132 954 docens
2162 919 2176 952 :

616 1007 807 1060 nempe
837 994 1072 1062 genitum
1097 993 1368 1059 quemvis,
1398 1000 1452 1044 et
1480 990 1698 1044 Patrem
1730 1006 1884 1042 suum
1913 993 1995 1043 sui
2029 993 2180 1058 prin-

613 1085 811 1151 cipium
848 1083 1155 1145 habentem,
1188 1097 1298 1134 non
1337 1082 1489 1149 longe
1516 1096 1545 1134 a
1571 1096 1668 1134 suo
1704 1081 1862 1134 Patre
1889 1091 2178 1142 semotum,

615 1190 721 1229 non
743 1174 1042 1242 sejunctum
1075 1173 1232 1242 longe
1269 1174 1337 1224 ab
1367 1173 1456 1226 illo
1493 1174 1822 1235 recessisse;
1868 1173 1960 1224 sed
1993 1174 2180 1224 adesse

617 1260 687 1314 illi
713 1270 906 1313 etcum
935 1261 1026 1313 illo
1059 1275 1202 1313 esse.
1245 1260 1395 1324 Quod
1436 1269 1490 1313 et
1531 1261 1703 1328 ipsum
1739 1261 1923 1313 docuit
1959 1263 2008 1312 in
2050 1261 2181 1315 Pro-

612 1351 836 1416 verbiis,
883 1350 998 1413 ubi,
1046 1361 1101 1403 ut
1149 1350 1296 1416 prius
1333 1349 1624 1418 allegatum
1671 1359 1775 1413 est,
1819 1352 2001 1403 dixit:
2047 1351 2180 1404 Ante

613 1458 789 1495 omnes
828 1440 983 1493 colles
1027 1441 1187 1509 gignit
1237 1456 1315 1492 me
1365 1440 1430 1491 ’⁸.
1478 1441 1574 1494 Cui
1617 1443 1694 1494 sic
1725 1443 1991 1509 adiunxit,
2048 1442 2178 1494 Cum

606 1534 871 1588 hominem
897 1541 1195 1599 appararet,
1212 1541 1398 1597 prwslo
1428 1532 1507 1584 illi
1535 1533 1748 1585 aderam
1775 1533 1840 1587 ”.
1884 1534 2064 1602 Atque
2105 1536 2175 1586 ita

611 1626 826 1693 quidem
883 1621 1132 1686 Verbum,
1188 1621 1288 1673 hoc
1331 1631 1416 1676 est
1455 1623 1760 1690 unigenittts
1819 1623 2010 1686 Filius,
2064 1634 2179 1677 erat

583 1771 588 1776 ,
621 1717 760 1782 apud
791 1727 949 1766 suum
988 1711 1198 1765 Patrem
1243 1712 1429 1775 Deum,
1467 1727 1726 1780 praesens,
1768 1723 1968 1772 astans,
2035 1715 2176 1765 assi-

614 1814 765 1857 stens
797 1817 1013 1871 semper
1050 1813 1104 1855 et
1139 1804 1356 1871 ubique,
1383 1803 1523 1871 quod
1559 1803 1772 1871 quidem
1804 1803 2060 1864 insinuat,
2095 1805 2173 1857 ita

611 1896 881 1964 inquiens,
931 1895 997 1947 Et
1039 1894 1261 1948 Verbum
1289 1905 1400 1947 eral
1433 1895 1573 1960 apud
1606 1893 1792 1948 Deum.
1834 1893 2177 1964 Quandoqui-

613 1986 732 2038 dem
761 1998 890 2038 vero
921 1992 1242 2052 congruerat
1281 1983 1601 2052 intelligere,
1646 1984 1860 2051 qualent
1916 1997 2043 2038 tunc
2081 1985 2177 2038 ob-

615 2074 817 2126 tinebat
867 2072 1208 2140 dignitatem,
1265 2072 1570 2125 necessario
1620 2074 1862 2140 adjuuxit
1905 2073 2056 2137 illud,
2107 2074 2176 2126 Et

614 2162 752 2214 Deus
789 2170 899 2214 erat
944 2159 1189 2212 Verbum.
1244 2159 1345 2224 Qui
1398 2161 1542 2212 enim
1588 2161 1747 2213 aliter
1779 2160 1891 2213 ﬁeri
1943 2172 2175 2229 poterat,

611 2253 737 2318 quin
769 2259 911 2305 esset
941 2251 1030 2303 ille
1061 2250 1221 2312 Deus,
1255 2251 1343 2318 qui
1383 2265 1448 2303 ex
1491 2265 1598 2304 uno
1634 2251 1748 2305 solo
1786 2253 2026 2318 ingenito
2070 2256 2176 2308 Deo

612 2340 992 2408 penituserat?
1021 2338 1153 2392 Nam
1191 2339 1233 2392 si
1271 2358 1290 2388 ι
1314 2339 1455 2406 quod
1481 2340 1546 2394 de
1567 2354 1730 2394 carne
1760 2342 2018 2407 nascitur,
2050 2357 2176 2396 caro

611 2439 695 2485 est
729 2449 747 2480 ι
803 2438 857 2482 et
902 2428 1044 2496 quod
1101 2429 1342 2481 nascitur
1392 2430 1456 2482 de
1513 2428 1726 2498 spiritu,
1793 2429 2016 2498 spiritus
2072 2441 2174 2494 est,

609 2519 1058 2591 quemadmodum
1110 2519 1354 2573 doctrina
1397 2519 1700 2573 Servatoris
1753 2521 1982 2582 liabet‘,
2030 2535 2176 2576 certe

611 2626 946 2681 consequens
967 2620 1071 2673 est,
1105 2619 1164 2663 ut
1188 2613 1330 2679 quod
1370 2610 1438 2664 de
1473 2610 1578 2664 Deo
1610 2612 1866 2680 gignitur,
1916 2613 2055 2666 Deus
2081 2615 2171 2667 sit.

609 2705 873 2772 Quocirca
914 2721 934 2754 ι
962 2713 1017 2757 et
1045 2702 1280 2756 Verbum
1321 2712 1439 2756 erat
1473 2703 1613 2757 Deus
1645 2721 1658 2754 :
1697 2723 1716 2754 ι
1760 2704 1900 2756 Deus
1929 2703 2097 2756 factor
2124 2714 2177 2757 et

610 2796 856 2849 conditor
883 2793 1147 2847 omnium.
1172 2791 1323 2857 Quod
1358 2793 1648 2844 intimabat
1683 2793 1798 2860 ipse
1838 2793 2173 2860 Evangelisla

607 2886 858 2955 inquiens
907 2885 959 2937 in
1010 2885 1365 2951 sequentibus
1414 2884 1618 2947 statim,
1655 2882 1843 2937 Omnia
1896 2900 1986 2950 per
2024 2885 2172 2936 illum

2281 446 2534 516 γεννηθὲν
2568 447 2739 516 ἀρχὴν
2779 445 2892 515 ἔχει
2935 446 3024 498 τὸν
3067 444 3451 514 γεγεννηκότα.
3501 447 3574 498 Οὐ
3625 447 3736 516 μὴν
3791 448 3864 498 ἔθ’

2280 536 2478 603 ὁμοίως
2516 536 2761 604 ἐπήγαγε
2797 535 2878 597 τὸ,
2901 535 3013 587 Καὶ
3058 538 3090 587 ό
3141 535 3331 602 Λόγος
3372 531 3450 604 ἦν
3495 535 3564 587 ἐν
3610 535 3693 600 τῷ
3722 537 3864 601 Θεῷ,

2280 623 2436 686 ἀλλὰ,
2467 626 2616 691 πρὸς
2661 625 2770 677 τὸν
2817 626 2965 677 Θεὸν
2991 622 3070 694 ἦν
3122 628 3154 678 ό
3209 627 3426 694 Λόγος,
3459 626 3746 691 διδάσκων,
3781 628 3869 678 τὸν

2281 715 2604 785 γεννηθέντα
2649 717 2742 768 καὶ
2781 715 2953 784 ἀρχὴν
2994 716 3087 768 τὸν
3124 716 3340 786 Πατέρα
3395 718 3738 787 κτησάμενον
3795 718 3868 787 μὴ

2285 807 2498 876 μακράν
2539 823 2638 858 που
2676 805 2814 859 εἶναι
2843 825 2935 858 του
2980 807 3222 876 Πατρὸς,
3278 806 3410 877 μηδὲ
3454 808 3868 877 ἀπεσχοινίσθαι

2279 899 2371 950 καὶ
2393 899 2580 970 πόρῤω
2602 916 2702 950 που
2731 900 3027 966 ἀφεστάναι
3048 897 3235 956 αὑτοῦ,
3255 897 3388 950 ἀλλὰ
3407 902 3664 969 παρεῖναι
3695 900 3866 968 αὐτῷ,

2281 991 2374 1040 καὶ¹
2427 991 2522 1042 σῦν
2575 990 2725 1059 αὐτῷ
2760 985 2919 1042 εἶναι·
2961 993 3026 1042 Ὃ
3055 989 3119 1060 δὴ
3155 992 3249 1042 καὶ
3286 993 3342 1041 ἐν
3391 991 3720 1060 Παροιμίαις
3764 992 3870 1043 ἐδί-

2279 1078 2442 1130 δασκε
2489 1077 2750 1148 πρότερον
2803 1080 2981 1148 φήσας
3007 1120 3021 1143 ,
3069 1080 3187 1147 Πρὸ
3233 1079 3300 1131 δὲ
3337 1080 3577 1132 πάντων
3616 1079 3870 1143 βουνὼν

2280 1164 2461 1235 γεννᾷ
2501 1174 2612 1236 μεξ,
2657 1167 2844 1220 ἔπειτα
2884 1168 3169 1238 προσθεὶς,
3235 1169 3433 1222 Ἠνίκα
3458 1170 3728 1236 ἡτοίμαζε
3762 1170 3870 1223 τὼ·

2281 1257 2390 1326 (48)
2404 1258 2682 1324 οὐρανὸν,
2698 1259 3106 1326 συμπαρήμην
3122 1257 3301 1321 αὐτῷ.
3323 1259 3503 1322 Οὕτως
3518 1255 3610 1312 οὖν
3623 1263 3652 1313 ό
3669 1263 3866 1330 Λόγος,

2278 1347 2434 1417 δῆλον
2457 1349 2537 1398 ὅτι
2569 1347 2597 1397 6
2631 1348 2922 1416 μονογενὴς
2956 1347 3100 1410 Υἱὸς,
3134 1343 3201 1424 ἦν
3235 1348 3372 1418 πρὸς
3401 1348 3489 1400 τὸν
3517 1350 3713 1401 ἑαυτοῦ
3753 1352 3869 1403 Πα-

2280 1439 2410 1506 τέρα
2442 1438 2530 1490 τὸν
2563 1438 2714 1500 Θεὸν,
2763 1437 2932 1490 συνὼν
2979 1440 3071 1490 καὶ
3119 1438 3421 1509 συμπαρὼν
3470 1440 3614 1509 αὐτῷ
3647 1441 3733 1492 ἀεὶ
3773 1441 3868 1493 καὶ

2283 1528 2509 1581 πάντοτε
2531 1545 2546 1557 ·
2577 1529 2605 1580 ὂ
2633 1529 2696 1597 δὴ
2725 1530 2818 1580 καὶ
2854 1529 3092 1599 παρίστη
3121 1529 3292 1596 λέγων
3321 1546 3332 1559 ·
3375 1530 3481 1582 Καὶ
3507 1534 3538 1582 ό
3569 1531 3758 1600 Λόγος
3788 1529 3869 1601 ἦν

2280 1622 2432 1687 πρὸς
2461 1621 2565 1673 τόν
2604 1622 2770 1673 Θεόν.
2817 1622 2971 1674 Ἐπεὶ
3011 1623 3068 1674 δὲ
3113 1623 3278 1692 ἐχρῆν
3329 1624 3477 1692 ἡμᾶς
3523 1623 3721 1690 γνῶναι
3770 1625 3869 1676 καὶ

2280 1709 2462 1762 ὁποίου
2510 1710 2751 1780 ὑπῆρχεν
2794 1709 3138 1780 ἀξιώματος,
3191 1711 3500 1777 ἀναγκαίως
3546 1712 3748 1780 συνῆψε
3780 1713 3863 1775 τὸ,

2283 1801 2393 1854 Kal
2437 1801 2579 1866 Θεὸς
2605 1798 2682 1871 ἦν
2722 1804 2754 1854 ό
2783 1803 2990 1870 Λόγος.
3035 1801 3158 1863 Πῶς
3207 1802 3314 1870 γὰρ
3359 1802 3458 1853 οῦκ
3499 1800 3689 1870 ἔμελλε
3729 1803 3860 1865 Θεὸς

2282 1885 2442 1954 εἶναι,
2471 1893 2500 1944 ό
2531 1893 2594 1943 ἐκ
2629 1891 2722 1943 τοῦ
2754 1893 2870 1955 ἑνὸς
2902 1893 2994 1945 καὶ
3041 1892 3203 1961 μόνου
3247 1893 3541 1962 ἀγεννητου
3568 1892 3702 1944 Θεοῦ
3734 1909 3862 1959 γενο

2280 1981 2512 2052 νηοείςς
2580 1984 2640 2035 El
2703 1983 2811 2052 γὰρ
2874 2003 2890 2034 ι
2952 1984 3012 2036 τὸ
3082 1983 3472 2052 γεγεννημένον
3537 1985 3602 2035 ὲκ
3661 1983 3862 2049 σαρκὸς

2281 2073 2415 2144 σάρξ
2448 2077 2583 2134 ἐστι.
2619 2075 2714 2128 καὶ
2762 2075 2822 2128 τὸ
2867 2076 3261 2145 γεγεννημένον
3299 2077 3363 2128 ἐκ
3409 2075 3502 2127 τοῦ
3551 2075 3861 2144 πνεύματος

2279 2163 2494 2234 πνεῦμά
2515 2165 2650 2226 ἐστι,
2693 2184 2708 2215 ι
2740 2165 2880 2228 κατὰ
2913 2165 3010 2235 τὴν
3039 2167 3306 2235 σωτήριον
3334 2164 3701 2226 διδασκαλίαν,
3728 2166 3858 2217 ἀκο-

2288 2254 2493 2317 λούθως
2519 2255 2610 2306 καὶ
2639 2255 2698 2307 τὸ
2727 2256 3118 2326 γεγεννημένον
3145 2258 3209 2308 ἐκ
3230 2254 3321 2306 τοῦ
3348 2253 3479 2306 Θεοῦ
3501 2253 3634 2316 Θεὸς
3662 2255 3726 2308 ἂν
3750 2257 3855 2326 εἴη.

2279 2345 2369 2398 Διὸ
2411 2363 2429 2395 ι
2465 2345 2559 2398 καὶ
2595 2346 2725 2408 Θεὸς
2752 2342 2819 2416 ἦν
2853 2349 2880 2399 6
2902 2348 3093 2415 Λόγος·
3128 2365 3145 2397 ι
3181 2348 3272 2399 καὶ
3300 2346 3430 2408 Θεὸς
3457 2346 3735 2416 ποιητικὸς
3767 2349 3860 2399 καὶ

2279 2436 2671 2506 δημιουργικὸς
2705 2437 2940 2488 πάντωνο
2973 2438 3037 2488 "O
3061 2436 3125 2506 δὴ
3148 2437 3242 2488 καὶ
3277 2435 3386 2505 (49)
3429 2436 3559 2487 αὐτὸ
3587 2437 3861 2509 παρέστη-

2279 2543 2372 2579 σεν
2417 2529 2444 2578 6
2483 2526 2871 2596 εῦαγγελιστὴς
2919 2526 3046 2594 ἑξῆς
3079 2527 3137 2578 τὸ
3169 2525 3363 2578 πάντα
3410 2525 3482 2578 δι’
3514 2527 3701 2580 αὐτοῦ
3734 2526 3861 2594 ἐγέ-

2277 2633 2412 2669 νετο
2445 2615 2801 2683 ὲπισυνάψας.
2845 2616 2902 2667 ’0
2943 2616 3039 2684 μὲν
3077 2611 3169 2668 οῦν
3199 2615 3543 2682 παιδαγωγὸς
3577 2617 3740 2683 νόμος
3771 2616 3861 2668 διὰ

2278 2705 2551 2768 Μωῡσέως
2577 2707 2632 2756 ὲν
2663 2709 2728 2774 τῇ
2772 2705 3115 2773 Κοσμοποιῖα
3163 2704 3252 2755 τὸν
3291 2704 3427 2755 Θεὸν
3488 2705 3714 2773 ποιητὴν
3764 2704 3858 2755 τοῦ

2280 2797 2477 2858 παντὸς
2507 2797 2760 2863 εἰσάγων,
2795 2795 3034 2864 στοιχεῖά
3069 2812 3128 2848 τε
3170 2797 3263 2848 καὶ
3313 2795 3620 2863 εἰσαγωγὰς
3672 2795 3860 2864 Oscae;

2281 2885 2430 2949 6είας
2460 2885 2782 2956 παραδιδοὺς
2814 2885 3054 2938 ἐδίδασκε
3088 2885 3260 2954 λέγων
3283 2902 3298 2918 ο
3348 2887 3450 2938 Ἐν
3473 2885 3630 2954 ἀρχῇ
3655 2887 3861 2949 ἐποίη-

610 2977 752 3044 facta
784 2985 923 3028 sunt.
951 2973 1062 3027 Lex
1090 2987 1217 3040 ergo
1253 2973 1341 3023 illa
1371 2972 1586 3044 Moysis,
1625 2973 1893 3041 pmdagogi
1916 2975 1981 3024 ad
2011 2974 2173 3026 instar

2280 2992 2390 3028 σεν
2417 2979 2448 3028 ὁ
2479 2975 2623 3040 Θεὸς
2661 2975 2766 3027 τὸν
2793 2976 3051 3042 οὐρανὸν
3077 2977 3171 3028 καὶ
3209 2975 3322 3042 τὴν
3350 2975 3488 3044 γῆν,
3520 2978 3613 3029 καὶ
3643 2977 3709 3028 τὰ
3737 2977 3859 3029 τού-

605 3076 726 3128 quae
752 3061 871 3124 fuit,
907 3061 958 3112 iu
984 3059 1317 3123 Cosmopaaia
1360 3060 1524 3112 Deum
1565 3061 1804 3112 omnium
1844 3061 2173 3114 conditorem

2277 3083 2387 3128 τοις
2419 3065 2568 3133 ἑξῆς.
2636 3065 2714 3116 Δι’
2761 3059 2835 3118 ὧν
2876 3066 2967 3117 τὸν
3012 3066 3278 3118 Ἰουδαίων
3327 3066 3688 3134 παιδαγωγῶν
3733 3067 3858 3119 λαὸν

609 3153 890 3213 inducens,
923 3149 1190 3203 elementa
1230 3150 1384 3203 nobis
1428 3151 1670 3215 qumdam
1721 3148 1906 3203 diviui'
1927 3151 2101 3204 cultus
2125 3161 2173 3204 et

2277 3157 2526 3224 γεννητὸν
2560 3151 2697 3208 εἶναι
2739 3155 2827 3207 τὸν
2857 3157 3060 3226 κόσμον
3091 3156 3340 3226 ἡγεῖσθαι
3383 3158 3632 3227 παρῄνει,
3666 3176 3684 3208 ι
3721 3159 3856 3227 πρὸς

609 3240 978 3305 institutiones
1011 3238 1249 3299 tradens,
1287 3237 1386 3299 ait,
1418 3236 1486 3288 In
1518 3237 1775 3303 principio
1810 3238 2001 3289 creavit
2040 3235 2175 3289 Deus

609 3327 792 3381 rwlum
831 3337 877 3379 et
912 3338 1106 3380 terram
1133 3329 1178 3388 ’,
1213 3335 1319 3379 etc.
1356 3325 1562 3389 Quibus
1596 3325 1846 3394 populum
1873 3325 2174 3379 Judmorntn

608 3417 822 3470 erudire
844 3416 889 3470 is
920 3416 1150 3480 volebat,
1177 3423 1234 3467 ut
1265 3413 1520 3466 mundum
1561 3429 1680 3468 esse
1725 3415 1999 3468 conditum
2033 3415 2176 3467 arbi-

611 3516 900 3568 trarentur,
931 3519 998 3559 ne
1023 3513 1325 3558 creaturam
1377 3501 1534 3556 aliter
1579 3518 1676 3572 pro
1729 3515 1973 3557 creatore
2033 3503 2175 3556 cule-

611 3607 751 3651 rcnt.
781 3594 1062 3662 Quomodo
1093 3607 1222 3647 vero
1251 3595 1413 3656 Deus,
1441 3600 1494 3644 et
1533 3607 1628 3661 per
1655 3607 1814 3661 quem
1854 3594 1956 3646 ista
1991 3593 2175 3646 condi-

609 3688 688 3742 dit
710 3690 978 3750 universa,
999 3687 1233 3740 nondum
1264 3686 1474 3754 Moyses
1499 3687 1743 3738 alumnos
1770 3699 1894 3738 suos
1918 3683 2174 3738 informa-

610 3780 716 3830 bat.
750 3777 936 3831 Gratia
983 3791 1111 3829 vero
1163 3786 1218 3828 et
1255 3777 1457 3828 veritas
1510 3789 1606 3842 per
1657 3772 1841 3827 Jesum
1874 3775 2171 3835 Christum,

608 3869 925 3938 mysterium
957 3866 1085 3919 illud
1118 3866 1466 3928 annuntians,
1513 3868 1658 3932 quiod
1701 3864 1788 3920 ille
1834 3865 2047 3919 silentio
2078 3865 2172 3919 ob-

607 3958 867 4020 volverat,
918 3956 1128 4009 initium
1182 3955 1492 4024 auspicatus
1545 3955 1803 4008 Ecclesiae
1848 3956 1962 4021 Dei,
2019 3972 2171 4010 nova:

605 4047 880 4115 cujusdam
907 4054 1068 4115 atque
1100 4047 1346 4114 mystica
1371 4045 1630 4098 doctrina:
1663 4063 1676 4098 :
1704 4045 1850 4098 unde
1879 4048 2019 4113 apud
2048 4063 2167 4099 om-

606 4152 723 4200 nes,
742 4146 800 4190 ut
815 4137 1054 4190 exaudiri
1074 4137 1262 4204 possit,
1281 4137 1523 4189 enuntiat
1542 4135 1690 4200 illud,
1713 4134 1734 4187 1
1744 4153 1774 4187 n
1789 4135 2041 4204 principio
2057 4146 2168 4188 erat

618 4223 861 4290 Verbum,
877 4235 926 4278 et
951 4223 1178 4276 Verbum
1195 4233 1307 4277 erat
1321 4225 1458 4292 apud
1483 4223 1667 4284 Deum,
1686 4224 1888 4292 ειξυειιε
1911 4236 2020 4277 erat
2039 4225 2167 4277 illud

2274 3248 2333 3299 τὸ
2367 3248 2438 3316 μὴ
2471 3248 2568 3316 τὴν
2600 3247 2774 3299 κτίσιν
2800 3247 2947 3318 παρὰ
2972 3248 3062 3300 τὸν
3090 3249 3348 3300 κτίσαντα
3381 3249 3574 3300 σέΰειν.
3605 3268 3623 3297 ›
3663 3250 3853 3310 Ὅπως

2273 3335 2329 3388 δὲ
2361 3339 2388 3388 6
2418 3337 2548 3396 Θεὸς
2571 3376 2585 3399 ,
2619 3338 2710 3389 καὶ
2740 3337 2825 3388 διὰ.
2851 3338 2995 3398 τίνος
3042 3337 3108 3388 τὰ
3154 3336 3439 3406 σύμπαντα
3470 3337 3847 3408 ἐδημιούργει,

2273 3425 2371 3477 οῦκ
2399 3425 2478 3476 ἔτι
2508 3427 2746 3494 Μωῦσῆς
2775 3430 2885 3490 τοῖς
2923 3428 3012 3478 ὑπ’
3047 3428 3208 3479 αὑτὸν
3239 3427 3534 3499 παρεδίδου’
3569 3447 3586 3477 ι
3607 3429 3640 3497 η
3675 3428 3732 3480 δὲ
3758 3431 3851 3498 χά-

2277 3530 2360 3583 ρις
2383 3515 2474 3566 καὶ
2504 3517 2536 3583 ἡ
2567 3515 2791 3584 ἀλήθεια
2819 3517 2906 3568 διὰ
2946 3517 3118 3586 Ἰησοῦ
3152 3516 3384 3588 Χριστοῦ
3416 3536 3434 3566 ι
3461 3516 3520 3569 τὸ
3552 3519 3848 3588 σεσιγημέ-

2274 3620 2361 3654 νον
2383 3604 2487 3656 ὑπὸ
2503 3606 2635 3656 Μωῡ
2646 3605 2777 3666 σὲως
2810 3607 3103 3674 μυστήριον
3133 3606 3585 3678 εῦαγγελιζομένη
3613 3607 3848 3659 καινοτέο

2276 3711 2371 3764 ρας
2533 3696 2624 3746 καὶ
2646 3697 2911 3765 μυστικῆς
2938 3699 3002 3766 τῇ
3033 3697 3328 3768 Ἐκκλησία
3343 3697 3435 3749 τοῦ
3457 3697 3590 3750 Θεοῦ
3617 3699 3845 3769 κατῆρξε

2273 3783 2647 3846 διδασκαλίας,
2702 3785 2956 3855 ἄντικρυς
3001 3788 3111 3847 τοῖς
3168 3788 3332 3838 πᾶσιν
3387 3789 3467 3849 εἰς
3533 3787 3845 3852 ἐξάκουστον

2275 3873 2451 3942 βοῶσα
2485 3874 2564 3936 τὸ,
2608 3876 2710 3927 Ἐν
2755 3874 2910 3943 ἀρχῇ
2949 3871 3028 3944 ἦν
3063 3878 3094 3928 ό
3127 3878 3337 3944 Λόγγος,
3378 3877 3476 3930 καὶ
3503 3880 3536 3930 ό
3567 3879 3755 3946 Λόγος
3773 3873 3848 3944 ἦν

2271 3964 2418 4031 πρὸς
2436 3965 2542 4017 τὸν
2564 3965 2728 4027 Θεὸν,
2749 3966 2843 4016 καὶ
2876 3966 3017 4031 Θεὸς
3041 3964 3119 4034 ἦν
3141 3971 3172 4020 ὀ
3194 3969 3404 4036 Λόγοςσ
3437 3969 3528 4020 καὶ
3552 3967 3636 4030 τὸ,
3651 3967 3848 4020 Πάντα

2269 4051 2342 4104 δι’
2376 4051 2560 4105 αὑτοῦ
2593 4050 2846 4120 ἐγένετο,
2878 4053 2975 4105 καὶ
3009 4055 3188 4122 χωρὶς
3212 4056 3399 4109 αὐτοῦ
3432 4055 3668 4125 ἐγένετο
3707 4057 3849 4108 οὐδὲ

2269 4142 2368 4194 ἓν*
2421 4143 2513 4194 καὶ
2567 4141 2648 4194 ἔτι
2697 4143 2903 4207 τούτοις
2952 4145 3253 4213 προσθεῖσα.
3291 4146 3372 4210 τὸ,
3407 4147 3467 4197 Ὃ
3499 4145 3740 4215 γέπηονθ·
3783 4148 3849 4198 ἐν

2269 4229 2430 4294 αὐτῷ
2469 4229 2580 4298 ζωὴ
2621 4228 2702 4301 ἦν
2727 4233 2825 4285 καὶ
2865 4235 2903 4300 ὴ
2955 4232 3065 4301 ζωὴ
3108 4234 3188 4300 ἦν
3227 4235 3290 4287 τὸ
3337 4235 3460 4303 φῶς
3489 4235 3604 4288 τῶν
3631 4236 3848 4302 ἀνθρώ-

615 4312 858 4368 Verbum.
894 4312 960 4365 Et
991 4315 1164 4366 omnia
1205 4329 1298 4382 per
1325 4313 1472 4365 illum
1506 4313 1648 4382 facta
1675 4325 1817 4374 sunt.
1857 4325 1902 4368 et
1936 4316 2046 4368 sine
2078 4315 2168 4367 illo

2277 4331 2419 4382 πων,
2467 4319 2566 4370 καὶ
2611 4320 2677 4372 τὸ
2729 4319 2853 4388 φῶς
2899 4322 2968 4373 ἐν
3015 4321 3087 4389 τῇ
3144 4325 3356 4389 σκοτίᾳ
3403 4325 3620 4392 φαίνει,
3655 4307 3848 4376 scabri

603 4406 801 4472 {ucmm
850 4414 922 4457 eu
974 4405 1104 4457 nihil
1147 4405 1185 4458 ⁸.
1233 4407 1314 4458 Ad
1356 4422 1473 4472 qua:
1514 4406 1784 4460 accedunt
1830 4405 1914 4458 illa
1961 4423 1974 4458 :
2012 4405 2164 4469 Quod

603 4497 804 4562 factum
831 4505 925 4557 est,
960 4497 1013 4547 in
1039 4495 1129 4547 illo
1167 4496 1267 4548 vita
1310 4495 1434 4562 fuit,
1471 4501 1528 4557 ἧς
1567 4506 1614 4547 et
1648 4498 1750 4549 vita
1789 4506 1902 4548 erat
1946 4495 2036 4547 lux
2065 4497 2162 4547 Ιιο-

605 4585 822 4648 minum,
850 4597 897 4637 et
928 4584 1101 4636 lumen
1135 4585 1188 4636 in
1223 4586 1446 4637 tenebris
1492 4585 1775 4654 aﬁ'ulqebat
1828 4585 1846 4615 ‘
1898 4600 1912 4637 :
1953 4595 2006 4638 et
2047 4601 2165 4651 qure

604 4685 934 4742 sequuntur;
965 4675 1157 4742 quibus
1193 4673 1385 4726 Filium
1419 4673 1531 4736 Dei,
1571 4685 1618 4727 et
1648 4674 1844 4728 divina:
1871 4673 2004 4727 lucis
2025 4689 2163 4740 pra:-

605 4765 917 4834 rogativam,
951 4775 1006 4818 et
1037 4765 1157 4818 sine
1180 4766 1232 4817 in
1269 4766 1360 4818 illo
1396 4765 1758 4832 pnestuntiam
1785 4766 1934 4818 docet
1969 4783 1981 4824 ;
2032 4780 2164 4832 qua-

604 4855 726 4909 liter
746 4854 908 4908 etiam
947 4871 1066 4922 qua-
1119 4870 1213 4923 per
1240 4854 1476 4926 Moysem
1513 4856 1655 4910 dicta
1707 4865 1833 4908 sunt
1878 4856 2076 4916 omnia,
2115 4864 2166 4908 el

598 4959 720 5014 qum
743 4945 829 4998 illa
854 4946 1017 5000 etiam
1062 4959 1340 5014 superant,
1386 4946 1830 5014 suutfproducta.
1862 4946 1992 4998 Cum
2031 4948 2161 4998 isto-

600 5053 717 5090 rum
781 5036 910 5090 uibil
961 5039 1278 5106 intelligeret
1338 5037 1661 5098 Marcellus,
1740 5037 2008 5090 interdqu
2069 5038 2160 5089 de-

671 5182 730 5239 μιι
772 5176 865 5229 Ed.
910 5175 1104 5240 Paris.,
1137 5191 1254 5245 pag.
1288 5175 1406 5237 123,
1428 5175 1548 5227 iii.

665 5269 711 5300 ⁸⁸
736 5269 890 5322 Prov.
929 5286 1045 5334 \‘lll,
1247 5269 1292 5300 "
1330 5271 1456 5323 ibid.
1490 5270 1579 5321 27.
1658 5271 1672 5299 ¹
1711 5267 1863 5322 Joan.
1895 5283 1979 5332 Ill,
2017 5267 2069 5321 6.
2147 5268 2311 5321 ’Gen.
2347 5283 2382 5328 ι,
2420 5272 2468 5320 1.
2547 5267 2749 5323 'Joau.
2801 5287 2840 5334 I,
2876 5273 2923 5333 Ι,
2953 5271 3005 5324 5.

686 5452 1292 5572 δωδζὲιέηιῗνθρωπον,
1321 5468 1376 5510 ct
1397 5472 1539 5522 mox,
1564 5452 1886 5520 οῦτωδὀὖν,
1922 5464 1975 5508 et
2011 5469 2152 5519 mox,

686 5539 751 5572 ΠΙ)
923 5543 990 5572 κα
1023 5565 1032 5572 .

669 5525 751 5591 lgu
781 5525 808 5572 ὃ
832 5525 888 5577 δὲ
923 5527 1032 5577 καί.
1098 5525 1106 5527 ἡ

665 5593 775 5659 (ιθ)
808 5593 967 5662 Vulgo
990 5595 1148 5658 αὐτὸς
1181 5595 1522 5665 παρίστησιν.

688 5387 753 5438 4Ἷ
810 5387 976 5455 Vulgo
1014 5390 1161 5440 deest
1193 5387 1308 5440 τοῦ.

663 5387 776 5576 ξιδί
810 5456 1292 5527 νιιιεηᾶνθρωπον,

686 5539 751 5576 αι)
781 5524 808 5572 ὃ
832 5525 888 5576 δὲ
923 5527 1032 5576 καί.

591 5538 658 5575 \‘II

2273 4408 2480 4470 τούτοις
2523 4409 2792 4461 ἀκόλουθα
2815 4450 2830 4472 ,
2863 4411 2930 4463 δι’
2976 4405 3049 4462 ὧν
3077 4412 3167 4464 τὸν
3204 4412 3329 4464 Υἱὸν
3371 4411 3466 4464 τοῦ
3497 4411 3631 4464 Θεοῦ
3660 4413 3753 4465 καὶ
3782 4415 3847 4466 τε

2271 4497 2522 4570 ἐξαίρετα
2569 4499 2661 4551 τοῦ
2715 4500 2858 4553 θείου
2904 4502 3078 4569 φωτὸς
3125 4503 3350 4572 καὶτῆς
3391 4505 3449 4554 ὲν
3492 4503 3638 4573 αὐτῷ
3679 4503 3844 4572 ζωῆς,

2269 4587 2415 4649 ὅπως
2442 4605 2497 4639 τε
2529 4587 2598 4639 δι’
2625 4589 2787 4641 αὐτοῦ
2826 4589 2895 4642 τὰ
2928 4592 3030 4643 ὑπὸ
3072 4593 3348 4654 Μωῦσέως
3375 4593 3637 4664 εἰρημένα
3670 4595 3846 4647 πάντα

2267 4677 2360 4728 καὶ
2387 4676 2454 4728 τὰ
2477 4677 2555 4730 ἔτι
2583 4678 2783 4731 τούτων
2819 4682 3091 4741 ἐπέκεινα,
3120 4684 3348 4753 συνέστη
3381 4684 3641 4736 παιδεύει.
3686 4685 3842 4737 Ἀλλὰ

2267 4768 2466 4820 τούτων
2501 4770 2650 4820 οὐδὲν
2682 4773 2996 4842 Μάρκελλος
3028 4773 3200 4837 εἰδὼς,
3228 4777 3354 4828 ποτὲ
3385 4776 3482 4845 μὲν
3521 4777 3838 4840 Ἱουδαῖζων,

2272 4859 2400 4910 ποτὲ
2447 4859 2502 4910 δὲ
2532 4861 2860 4924 Σαδελλίζων
2899 4864 3208 4917 ἁλίσκεται·
3265 4856 3404 4919 κατᾶ
3443 4868 3539 4936 μὲν
3589 4867 3680 4919 τὸν
3716 4868 3841 4918 Ἰου-

2267 4948 2413 5000 δαῖον
2449 4951 2552 5020 πρὸ
2601 4951 2700 5020 τῆς
2749 4953 2843 5004 τοῦ
2889 4954 3090 5024 κόσμου
3141 4957 3447 5018 συστάσεως
3495 4957 3658 5026 μηδὲν
3707 4953 3837 5009 εἶναι

2266 5042 2486 5106 φάσκων
2522 5041 2658 5112 πλὴν
2703 5043 2794 5094 τοῦ
2827 5043 2960 5097 Θεοῦ
2995 5045 3154 5114 μόνου
3185 5046 3314 5113 (5|),
3355 5047 3586 5114 πρὸτῆς
3610 5047 3702 5098 τοῦ
3755 5049 3838 5098 κό-

3082 5275 3102 5300 ι
3135 5271 3263 5324 una.
3304 5270 3356 5335 ι,
3400 5271 3452 5324 5.

2334 5382 2444 5459 (50)
2474 5388 2580 5459 καὶ
2604 5389 3018 5459 μυστικοτέρας,
3049 5389 3185 5454 lege,
3213 5389 3330 5459 lia!
3374 5388 3466 5440 τὸν
3491 5387 3616 5438 Υίὸν
3644 5383 3836 5454 ὁμώρ-

2261 5455 2505 5528 γοῦ-σηςι-
2519 5455 2679 5524 Lege,
2703 5455 2962 5526 όμολογὸῦ
2973 5475 3152 5528 μενος.
3211 5457 3256 5509 Μ
3269 5496 3282 5510 .

2302 5525 2442 5605 ,(ὕι.)
2470 5523 2636 5592 Vulgo
2656 5523 2754 5589 τις
2789 5523 3261 5591 Ἐκκλ.,ἰίρειιι;ἰιι
3285 5542 3430 5581 corr.
3469 5544 3486 5577 ι
3529 5527 3674 5578 dccst
3733 5539 3838 5576 nx-

2265 5610 2508 5663 κλησιας.
2551 5613 2567 5644 ι
