4086 6202
312 318 316 324 ,
335 218 440 319 95:,

1305 258 1389 310 nr.
1429 257 1962 315 ECCLESIASTICA
2003 247 2393 317 TIIEOLUCIA
2436 263 2562 318 LIB.
2606 261 2662 316 n.

3487 276 3593 332 955

339 393 480 447 σμου
505 378 601 446 τῆς
618 375 940 447 Ἐκκλησίας
967 375 1278 438 συστάσεως
1305 378 1395 429 τὸν
1416 378 1631 447 Πατέρα
1660 376 1797 430 εἶναι
1831 370 1903 431 καὶ

2026 382 2374 446 prehenditur
2423 382 2747 450 judaizare,
2807 383 3072 436 interdum
3130 386 3465 457 transfugere
3524 397 3591 448 ad

337 467 432 519 τὸν
467 465 594 518 Υίὺν
637 465 1039 536 ὁμολογούσης·
1076 465 1216 518 κατὰ
1262 465 1318 518 δὲ
1362 466 1453 518 τὸν
1501 464 1784 518 Σαϐέλλιον
1824 467 1920 518 ’ἐνα

341 557 437 610 καὶ
468 557 558 608 τὸν
577 557 737 609 αὐτὸν
767 552 903 610 εἶναι
924 557 1360 626 ἀποφαινόμενος
1383 557 1510 608 Υἱδν
1542 559 1637 609 καὶ
1667 557 1882 627 Πατ-ἐρα
1902 574 1917 590 ο

336 646 436 699 καί
471 663 596 698 ποτε
630 646 724 716 μὲν
752 645 859 715 (52)
887 641 952 699 αὖ
980 646 1069 698 τὸν
1118 645 1420 699 ἐνδιάθετον
1465 647 1698 715 εἰσάγων
1725 649 1916 715 Λόγον,

316 737 473 811 amt
498 737 553 790 δὲ
584 739 930 808 προφορικόν.
968 740 1030 790 Ei
1056 739 1166 809 γὰρ
1200 739 1576 808 προσποιεῖται
1607 740 1808 802 ταύτας
1845 741 1918 811 μὴ

341 825 732 896 παραδέχεσθαι
779 825 878 889 τὰς
923 826 1105 895 φωνὰς
1139 826 1273 898 (53),
1309 828 1446 898 πλὴν
1494 831 1557 900 δὴ
1607 830 1777 898 Λόγος
1819 831 1918 902 τὴν

338 917 404 968 ὲκ
431 915 521 968 τοῦ
550 929 673 968 ποτε
700 917 797 985 μὲν
825 915 971 970 ἔνδον
993 917 1155 970 αὐτὸν
1183 918 1360 985 λέγειν
1391 921 1450 970 ὲν
1472 918 1549 988 τῷ
1571 918 1710 987 Θεῷ,
1730 918 1915 972 ἄλλοτε

337 1006 394 1058 δὲ
426 1006 489 1058 δι’
537 1007 815 1077 ἐνεργείας
861 1007 1155 1077 δραστεκῆς
1198 1009 1442 1080 προϊέναι
1489 1009 1688 1074 αὑτοῦ,
1718 1010 1809 1077 ἀφ’
1841 1003 1915 1061 ὧν

337 1112 396 1148 τε
443 1094 518 1164 τῷ
547 1094 871 1166 ἀνθρωπίνῳ
919 1097 1208 1161 ἀπεικάζει
1234 1099 1395 1154 αὑτὸν
1426 1098 1568 1169 λόγῳ
1591 1116 1605 1129 ·
1640 1100 1667 1152 ὅ
1709 1100 1817 1169 (54)
1851 1117 1912 1167 γε

338 1187 445 1257 μὴν
471 1187 610 1250 θεῖος
645 1190 1033 1260 εὐαγγελιστὴς
1081 1192 1200 1244 κατ’
1233 1192 1423 1244 οὐδένα
1451 1192 1558 1244 τῶν
1593 1192 1914 1262 ἀποδεδομέ-

292 1312 309 1324 ,
333 1292 437 1325 νων
465 1275 701 1344 τρόπων,
737 1278 907 1343 Λόγον
943 1278 1284 1350 ὑπεστήσατο
1310 1281 1398 1333 τὸν
1435 1281 1570 1352 πρὸς
1598 1282 1762 1334 αὑτοῦ
1795 1281 1913 1334 θεο-

331 1364 654 1435 λογούμενον
673 1407 686 1430 ,
722 1367 836 1419 ἀλλ’
859 1363 969 1421 οἷον
997 1369 1200 1440 ἔπρεπε
1239 1371 1329 1423 τὸν
1362 1373 1628 1442 μονογενῆ
1659 1372 1785 1425 Υἱὸν
1817 1373 1910 1426 τοῦ

329 1453 465 1506 Θεοῦ
497 1458 658 1519 νοεῖν,
688 1457 856 1525 Λόγον
885 1459 982 1527 μὲν
1015 1459 1162 1522 ὄντα,
1193 1459 1386 1513 καθ’ὂν
1415 1461 1590 1514 πάντα
1613 1461 1754 1532 λόγῳ
1787 1480 1909 1515 συν-

327 1544 616 1613 εστήσατο,
649 1547 744 1597 καὶ⁹
775 1547 942 1616 χωρὶς
982 1547 1156 1614 Λόγου
1185 1547 1293 1600 τῶν
1325 1548 1490 1600 ὄντων
1521 1550 1670 1602 οὐδὲν
1696 1551 1903 1618 γέγονε·

323 1633 460 1686 Θεὸν
491 1633 548 1686 δὲ
588 1636 683 1688 καὶ
716 1638 1011 1705 Μονογενῆ,
1040 1637 1162 1689 καθ’
1189 1636 1216 1688 ὃ
1249 1638 1408 1708 μόνος
1439 1639 1654 1708 ἀληθῶς
1678 1637 1745 1709 ἦν
1776 1641 1908 1704 Υἱὸς

2026 462 2320 516 Sabellium
2359 482 2373 517 :
2406 464 2781 529 utﬁjudaizans
2806 477 2929 519 ante
2955 468 3138 520 mundi
3163 471 3590 542 productionem,

2023 560 2218 619 prieter
2256 551 2428 605 solum
2465 553 2630 605 Deum
2655 555 2824 608 docet‘
2839 555 2970 608 nih‘il
3002 557 3298 614 exstitisse.
3332 558 3463 614 Cum
3489 560 3594 618 Ec-

2021 643 2180 696 clesia
2211 651 2335 696 ante
2365 645 2544 697 mundi
2569 655 2837 710 exortum,
2861 655 2915 700 et
2939 646 3154 702 Patrem
3187 659 3446 718 agnoscat
3469 665 3595 708 ante

2021 733 2233 787 Filium.
2290 732 2509 788 Sabellii
2575 743 2779 811 partes'
2805 751 2991 806 agens,
3048 753 3212 792 unum
3249 749 3303 794 et
3337 743 3590 798 eumdem

2019 824 2231 895 Patrem
2259 825 2502 891 designat
2528 840 2687 894 atque
2706 828 2921 880 Filium.
2951 829 3219 882 Interdqu
3242 831 3592 888 introduccus

2018 908 2252 962 Verbum
2287 912 2589 965 immanens
2626 932 2639 967 :
2682 916 2971 983 aliquando
3006 917 3328 984 prolatitium
3358 931 3414 975 et
3444 937 3593 976 ema-

2018 1014 2171 1052 naus.
2209 1000 2365 1053 Ccrte
2387 1002 2554 1055 videri
2589 1004 2699 1056 vult
2731 1005 2827 1057 bas
2858 1021 3015 1060 voces
3047 1022 3315 1076 respuere.
3346 1011 3415 1063 At
3443 1015 3588 1065 enim

2016 1090 2141 1155 quid
2193 1090 2338 1143 aliud
2394 1093 2708 1158 assignavit,
2749 1111 2869 1148 cum
2909 1095 3133 1150 Verbum
3171 1098 3297 1153 illud
3358 1101 3501 1155 intus
3536 1103 3587 1154 in

2016 1179 2124 1232 Dco
2157 1196 2298 1234 nunc
2323 1180 2550 1235 aiiirmet
2580 1202 2592 1236 :
2619 1199 2761 1238 nunc
2790 1201 2884 1255 per
2909 1191 3263 1255 Operatricem
3295 1191 3596 1247 elllcaciam'

2014 1271 2228 1338 prodire
2277 1275 2624 1339 pronuntiet?
2682 1276 2821 1328 unde
2871 1286 2924 1329 et
2979 1293 3097 1330 cum
3153 1279 3385 1334 humano
3419 1284 3588 1336 verbo

2013 1361 2283 1428 componit
2317 1361 2470 1414 illttd.
2503 1364 2571 1415 At
2598 1365 2742 1416 enim
2767 1365 2978 1417 divinus
2999 1368 3325 1437 evangelista
3355 1370 3586 1425 Verbum

2013 1465 2041 1503 a
2073 1467 2128 1504 se
2152 1451 2457 1504 deiﬁcatum
2489 1455 2782 1506 secundum
2812 1455 3013 1509 llllllllllt
3044 1459 3268 1511 istorum
3305 1462 3586 1516 modorum

2013 1539 2416 1608 intelligendum
2449 1545 2749 1610 proposuit.
2783 1543 2887 1596 Sed
2917 1559 2973 1599 ut
3013 1563 3111 1614 par
3135 1557 3188 1602 et
3218 1565 3430 1617 aequum
3469 1553 3587 1608 l‘uc-

2015 1641 2096 1683 rat
2153 1632 2484 1698 unigenitum
2535 1634 2626 1686 Dei
2656 1635 2846 1688 Filium
2896 1637 3241 1707 intelligendo
3274 1645 3583 1714 concipere.

323 1724 420 1776 τοῦ
449 1725 540 1776 ἐπὶ
568 1726 780 1779 πάντων
814 1724 948 1776 Θεοῦ
976 1741 989 1754 ·
1028 1725 1153 1787 Υἱὸς
1185 1727 1404 1796 γνήσιος
1433 1726 1621 1791 ὅντως,
1651 1731 1744 1781 καὶ
1771 1731 1903 1796 ἁγα-

2014 1721 2240 1774 Verbum
2269 1738 2390 1775 esse
2414 1724 2613 1787 docuit,
2645 1741 2742 1793 per
2769 1727 2909 1794 quod
2931 1730 3109 1782 omnia
3139 1735 3433 1788 secundum
3460 1751 3585 1791 suas

324 1816 516 1886 πητὸς,
552 1815 630 1885 τῷ
654 1815 816 1869 αὑτοῦ
845 1817 1018 1886 Πατρὶ
1063 1819 1204 1871 κατὰ
1233 1819 1411 1870 πάντα
1439 1819 1868 1890 ἀφομοιούμενος
1888 1836 1902 1848 ·

323 1905 416 1958 Διὶ
443 1907 536 1959 καὶ
562 1907 700 1974 ,Θεὸς
740 1903 808 1977 ἦν
840 1907 1076 1978 ἀληθῶς,
1106 1907 1227 1960 καθ’
1253 1908 1280 1960 ὃ
1308 1911 1369 1962 τὸ
1403 1927 1484 1962 νοε
1497 1911 1587 1981 ρδν
1620 1912 1713 1963 καὶ
1757 1911 1904 1980 λογι-

219 2027 222 2030 -
325 2000 421 2050 κδν
449 2001 568 2059 ταῖς
611 1999 728 2049 κατ’
754 1998 937 2050 εἰκόνα
966 1999 1064 2068 τὴν
1093 1998 1255 2050 αὐτοῦ
1287 2002 1682 2070 πεποιημέναις
1707 2003 1904 2072 ψυχαῖς

326 2087 641 2156 ὲναυγάξειν
686 2090 906 2157 φέγγος.
945 2090 1036 2140 Διδ
1066 2091 1124 2140 οὐ
1168 2090 1382 2143 πάντων
1424 2093 1584 2144 αὑτὸν
1620 2093 1734 2161 φῶς
1763 2092 1902 2147 εἷναί

325 2195 511 2247 φησιν,
543 2178 674 2231 ἀλλὰ
706 2179 881 2249 μόνων
907 2178 1227 2248 ἀνθρώπων.
1260 2175 1379 2233 Ἦν
1406 2180 1514 2250 γὰρ
1548 2183 1614 2234 τὸ
1642 2182 1767 2250 φῶς
1789 2224 1803 2246 ,
1834 2184 1900 2237 τὸ

323 2267 570 2337 φωτίζον
597 2268 790 2321 πάντα
820 2270 1130 2343 ἄνθρωπον
1155 2270 1479 2338 ἐρχόμενον
1525 2276 1612 2338 εὶς
1653 2276 1760 2327 τὸν
1803 2279 1900 2328 κός

325 2375 508 2429 σμον,
547 2359 841 2429 ἐφη.οὖτω
863 2361 918 2412 δὲ
953 2361 1045 2413 καὶ
1075 2359 1186 2430 ζωὴ
1219 2363 1462 2432 ὑπῆρχεν
1489 2363 1705 2432 ἀληθῶς
1733 2406 1746 2428 ,
1776 2365 1898 2419 καθ’

324 2448 355 2499 ὃ
397 2451 527 2502 πᾶσι
575 2453 686 2512 τοῖς
729 2449 898 2514 ζῶσι,
929 2450 990 2502 τὸ
1030 2452 1129 2520 τῆς
1172 2452 1230 2518 ἐξ
1279 2453 1444 2505 αὑτοῦ
1481 2456 1895 2524 χορηγίας(55),

329 2537 553 2606 παρέχει
586 2539 734 2603 νᾶμα
768 2538 863 2589 καὶ
895 2536 1020 2590 καθ’·
1063 2539 1299 2608 ἑκάστην
1329 2540 1383 2591 δὲ
1417 2536 1656 2593 ἐπίνοιαν
1701 2543 1809 2595 τῶν
1841 2548 1898 2596 ὲν

328 2627 477 2698 αὑτῷ
515 2628 707 2680 θεῖκῶν
752 2628 1028 2697 δυνάμεων
1060 2630 1474 2699 παραστατικάς
1499 2631 1678 2701 εὕροις
1702 2631 1767 2684 ἂν
1801 2634 1898 2684 αὑ-

328 2719 420 2772 τοῦ
467 2721 560 2770 καὶ
592 2719 810 2788 ἀληθείς
852 2720 1186 2790 ἐπωνυμίας.
1232 2719 1386 2773 Κατὰ
1425 2722 1599 2773 πάντα
1633 2721 1741 2793 γὰρ
1770 2724 1900 2792 ἀλή-

329 2809 448 2864 θεια
489 2807 555 2881 ἦν
577 2813 603 2863 6
629 2811 754 2873 Υἱὸς
780 2811 872 2863 τοῦ
905 2810 1061 2873 Θεοῦ,
1097 2811 1124 2862 ὃ
1153 2810 1216 2881 δὴ
1264 2809 1593 2881 παρίστησιν
1624 2812 1786 2874 αὐτὸς
1809 2813 1896 2864 λέ-

329 2918 442 2968 γων
474 2901 584 2971 (56)
606 2919 619 2932 ·
659 2902 802 2970 Ἐγὼ
831 2905 945 2971 εἰμι
974 2903 1009 2970 ἡ
1043 2903 1312 2968 ἀλήθεια.

2013 1813 2246 1867 rationes
2275 1815 2669 1868 rationabiliter
2703 1827 2828 1871 sunt
2852 1821 3143 1874 constituta
3189 1840 3202 1874 :
3231 1824 3349 1879 sine
3378 1841 3485 1894 quo
3510 1829 3585 1879 nl-

2011 1903 2080 1955 biI
2116 1903 2315 1957 factum
2341 1914 2423 1960 est
2446 1921 2630 1958 eorum
2663 1923 2780 1975 qua:
2811 1918 2954 1963 sunt.
2982 1911 3147 1964 Demn
3172 1929 3295 1968 eum
3323 1926 3500 1976 vocat.
3527 1928 3582 1971 et

2008 1995 2364 2058 unigenitum,
2412 2006 2691 2064 propterea
2726 2000 2865 2065 quod
2902 2001 3046 2054 solus
3083 2004 3170 2057 ille
3201 1999 3328 2060 vere
3361 2005 3581 2063 1⁵1ιίιῖθί-

2007 2085 2108 2138 lius
2132 2085 2252 2148 Dei;
2300 2087 2413 2152 Dei,
2460 2089 2548 2154 qui
2574 2098 2656 2141 cst
2693 2104 2855 2157 super
2875 2094 3054 2146 Omnia
3092 2094 3260 2150 Filius
3290 2100 3588 2167 genuinus,

2005 2173 2150 2228 Patri
2175 2192 2272 2230 suo
2294 2177 2521 2231 dilectus
2553 2194 2566 2230 :
2595 2193 2689 2246 per
2719 2182 2898 2234 omnia
2925 2198 3022 2236 suo
3051 2185 3192 2239 Patri
3219 2169 3578 2244 assimilatas:

2008 2268 2215 2321 ntideo
2251 2282 2373 2320 vere
2413 2270 2551 2323 Deus
2597 2273 2887 2337 exstiterit,
2932 2289 2996 2327 eo
3031 2277 3170 2342 quod
3223 2278 3418 2334 animis
3452 2295 3481 2335 a
3521 2295 3584 2336 se

2005 2360 2203 2411 creatis
2243 2359 2308 2411 ad
2339 2360 2627 2428 imaginem
2663 2377 2814 2415 suam
2847 2364 3263 2420 intellectualem
3294 2369 3466 2424 lucem
3497 2385 3584 2424 ra-

2007 2449 2258 2503 tionalem
2297 2450 2636 2504 irradiaverit
2679 2455 2974 2520 :quocirca
3029 2467 3183 2510 vocat
3216 2457 3386 2512 lucem
3432 2461 3581 2516 illum

2007 2553 2108 2591 n0u
2168 2553 2346 2591 rerum
2394 2540 2654 2599 omnium,
2706 2545 2800 2594 sed
2852 2543 3126 2596 hominum
3189 2552 3579 2604 tantummodo.

2008 2626 2138 2680 Erat
2173 2629 2330 2689 enim,
2360 2628 2455 2690 ait,
2500 2629 2593 2681 lua:
2626 2629 2934 2684 illuminans
2967 2649 3167 2687 omnem
3201 2636 3459 2690 hominem
3493 2655 3580 2692 ve-

2007 2722 2226 2772 nientem
2261 2720 2314 2770 in
2341 2719 2478 2770 hunc
2509 2719 2780 2771 matulam.
2817 2720 2896 2772 Ad
2927 2721 3068 2777 hunc
3109 2700 3322 2777 modum
3363 2735 3415 2781 et
3455 2742 3582 2782 vero

2009 2809 2308 2863 exsistebat
2331 2809 2437 2861 vita
2472 2825 2486 2861 :
2517 2823 2582 2862 eo
2610 2809 2749 2876 quod
2783 2812 3030 2864 omnibus
3065 2815 3370 2870 viventibus
3392 2816 3460 2870 de
3480 2833 3579 2870 suo

2014 2903 2338 2971 suppeditet.
2372 2901 2546 2970 Atque
2575 2902 2644 2954 ita
2674 2902 2916 2956 invenire
2962 2906 3118 2960 nobis
3176 2906 3301 2961 licet
3340 2909 3580 2978 appella-

331 2990 504 3048 tiones
536 2991 581 3041 ei
624 3003 745 3043 vere
779 2991 1087 3054 attributas,
1115 2991 1311 3060 quibus
1335 3007 1454 3058 qtae
1491 2991 1564 3044 illi
1596 2991 1800 3054 insunt,
1851 2991 2048 3045 divina:
2106 2995 2339 3045 virtutes
2381 3001 2859 3058 reprzcseutantur.
2927 2994 3138 3062 Ubique
3193 3010 3372 3052 autem
3406 3008 3459 3054 et
3484 3016 3580 3071 per

327 3081 508 3134 Omnia
549 3089 684 3145 erat,
724 3081 944 3144 veritas,
991 3082 1078 3133 Dei
1129 3081 1296 3135 Filius
1342 3092 1482 3147 erat,
1514 3083 1655 3151 quod
1702 3084 1770 3137 ab
1805 3084 1920 3150 ipso
1961 3086 2253 3138 cdocemur
2277 3083 2366 3136 ubi
2390 3083 2504 3138 ait:
2539 3083 2646 3150 lc‘go
2680 3101 2796 3136 sum
2832 3089 3022 3139 εει-ηαδ
3041 3088 3083 3139 ⁸.
3133 3134 3143 3140 .

954 3173 1111 3225 ΚΕΦ.
1156 3174 1254 3225 ῐΕ’.

328 3262 452 3336 Τῶν
485 3263 671 3336 autat")
692 3265 1048 3336 Μαρκέλλου
1074 3265 1288 3333 φωνῶν
1312 3268 1690 3336 παραθέσεις,
1709 3267 1782 3319 δι’
1815 3261 1901 3320 ὧν

397 3333 930 3404 ἠρνεῖτογτὸνίγίὸν
954 3335 1058 3387 τοῦ
1092 3337 1238 3389 Θεοῦ
1278 3333 1507 3403 trag-(Bc,
1540 3338 1902 3404 προφορικόν

397 3404 590 3470 Λόγον
613 3403 651 3469 ἢ
685 3403 1026 3456 ἐνδιάθετον
1057 3405 1308 3473 φάσκων
1344 3405 1502 3461 εἶναι
1533 3403 1746 3460 apter.

407 3492 543 3544 Ἀλλ’
567 3494 595 3544 6
622 3493 738 3556 νέος
768 3496 1116 3564 συγγραφεὺς
1147 3495 1321 3549 ταῦτα
1349 3497 1447 3567 μὲν
1480 3495 1603 3549 οὕτε
1633 3496 1896 3566 συνίησιν.

319 3580 444 3633 οὔτε
473 3579 642 3654 οἶδεν,
676 3583 786 3636 οὐθ’
826 3586 906 3636 ὅτι
940 3585 1122 3652 ἀγνοεῖ
1167 3583 1306 3640 οἶδεν
1331 3605 1342 3616 ⁸
1389 3587 1426 3640 ἃ
1459 3587 1523 3656 δὴ
1569 3586 1662 3639 καὶ
1703 3587 1902 3640 εἰδέναι

324 3672 497 3742 αὐχεῖ,
532 3675 678 3736 ὅπως
707 3675 948 3744 συνίστη.
985 3676 1120 3747 Φέρε
1169 3678 1330 3731 πάλιν
1377 3677 1495 3732 εἶτα
1543 3681 1902 3742 ἀναλαϐόντες

322 3762 676 3833 ἀκούσωμεν,
709 3764 784 3828 ὡς
832 3765 910 3835 τῷ
951 3767 1008 3818 ὲν
1051 3766 1355 3836 ἀνθρώποις
1403 3771 1565 3822 αὐτὸν
1609 3769 1898 3832 ἀπεικάζει

323 3850 484 3922 λόγῳ,
527 3854 603 3924 τῷ
632 3871 692 3906 τε
730 3854 871 3932 κατὰ
897 3856 1160 3921 διάνοιαν,
1190 3860 1282 3910 καὶ
1314 3859 1392 3929 τῷ
1417 3861 1557 3914 κατά
1591 3859 1896 3931 προφορὰν,

321 3941 508 3996 τοῦτον
541 3945 765 4014 γράφων
797 3947 886 3999 τὸν
913 3947 1110 4018 τρόπον
1133 3965 1145 3977 ·
1189 3967 1206 3999 ι
1241 3949 1410 4002 Τοῦτο
1442 3950 1498 4002 δὲ
1533 3951 1714 4020 ῥᾴδιον
1747 3947 1900 4019 οἶμαι

331 4053 348 4084 ι
383 4037 490 4097 τοῖς
521 4033 580 4089 εὖ
621 4037 873 4108 φρονοῦσι
916 4039 1009 4091 καὶ
1042 4040 1148 4092 ἀπὸ
1185 4041 1380 4111 μικροῦ
1410 4058 1555 4103 τινος
1583 4041 1676 4094 καὶ
1713 4058 1902 4092 ταπει-

330 4143 349 4174 c
388 4125 478 4177 νοῦ
523 4125 644 4179 καθ’
676 4129 824 4198 ἡμᾶς
869 4129 1306 4201 παραδείγματος
1345 4130 1585 4199 γνῶναι·
1633 4129 1751 4182 οὐδὲ
1794 4130 1900 4201 γὰρ

333 4233 350 4263 ι
386 4213 475 4266 τὸν
513 4213 606 4268 τοῦ
656 4215 942 4287 ἀνθρώπου
991 4217 1147 4286 λόγον
1190 4218 1418 4289 δυνάμει
1470 4219 1566 4272 καὶ
1608 4220 1900 4272 ὑποστάσει

330 4323 349 4353 ι
388 4304 617 4374 χωρίσαι
649 4307 754 4359 τινὶ
791 4307 1033 4362 δυνατόν.
1071 4311 1166 4362 Ἐν
1206 4310 1314 4381 γάρ
1339 4313 1455 4363 ἐστι
1485 4310 1582 4374 καὶ,
1603 4309 1794 4362 ταύτόν
1824 4310 1902 4380 τῷ

332 4414 349 4444 ι
387 4395 655 4468 ἀνθρώπῳ
683 4399 712 4450 6
753 4398 910 4466 λόγος
934 4416 947 4429 ·
976 4399 1070 4451 καὶ
1098 4400 1271 4454 οὐδενὶ
1312 4401 1676 4470 χωριζόμενος
1729 4401 1900 4482 ἑτέρῳ

2575 3180 2632 3236 ᾖ
2667 3173 2815 3228 CA'P.
2850 3176 2968 3231 XV.

1967 3254 1970 3257 ’
2014 3265 2171 3319 Voces
2209 3276 2570 3338 proponuntur
2595 3266 2719 3338 illm,
2743 3269 2928 3336 quibus
2967 3269 3250 3323 Marcellus
3273 3273 3579 3338 planissime

2072 3336 2340 3402 abnegarit
2385 3335 2478 3385 Dei
2513 3333 2710 3386 Filium
2743 3333 2763 3387 ἐ
2790 3338 3053 3404 affirmans
3087 3341 3233 3392 illaut
3273 3333 3392 3397 ἐισι
3447 3343 3580 3399 Ver-

2071 3405 2190 3456 bum
2223 3419 2357 3454 nunc
2391 3405 2700 3466 immanem,
2743 3421 2880 3456 nunc
2913 3423 3186 3460 emanans.

2072 3495 2140 3545 At
2189 3492 2424 3546 novitius
2460 3491 2560 3546 iste
2607 3494 2838 3558 scriptor
2891 3494 3006 3548 haec
3068 3510 3240 3564 neque
3292 3499 3574 3566 intellexit,

2003 3598 2176 3652 neque
2212 3583 2378 3646 novit,
2428 3599 2599 3652 neque
2628 3582 2756 3636 illud
2803 3583 2949 3637 novit
2992 3587 3134 3652 quod
3167 3588 3281 3641 lucc
3327 3590 3574 3658 ignoret:

2003 3692 2120 3744 qua:
2156 3687 2332 3728 tamen
2378 3691 2482 3728 non
2534 3674 2745 3728 nescire
2781 3690 2840 3729 se
2867 3675 3162 3744 gloriatur,
3190 3681 3419 3747 qualiter
3447 3685 3579 3738 sub-

2003 3769 2219 3821 sistunt.
2245 3765 2484 3835 Agedum
2524 3780 2672 3829 vero,
2699 3777 3094 3821 reassumentes
3115 3784 3234 3836 qua:
3257 3771 3398 3824 dicta
3426 3784 3576 3839 sunt,

2003 3858 2288 3911 audiamus
2348 3868 2406 3911 ut
2455 3857 2601 3910 iIIunt
2665 3857 3046 3912 assimilaverit
3094 3859 3326 3914 humano
3364 3862 3574 3917 verbo:

2003 3937 2314 4016 cumquod
2367 3948 2694 4017 cogitatione
2750 3948 3244 4014 comprehenditur,
3284 3959 3394 4004 tum
3432 3955 3577 4020 quod

2003 4038 2295 4106 profertur.
2326 4037 2401 4090 Ila
2428 4048 2606 4090 autem
2630 4038 2706 4091 ait
2740 4035 2829 4107 ιιι.
2869 4037 2952 4089 LV
2978 4037 3100 4092 coll.
3132 4055 3184 4106 p.
3224 4040 3294 4094 39
3321 4041 3382 4106 D,
3414 4041 3481 4095 79
3512 4042 3574 4108 Β,

2004 4129 2106 4183 tu
2140 4129 2202 4200 D]
2245 4148 2256 4182 :
2298 4147 2315 4178 ι
2365 4127 2543 4182 Facile
2588 4128 2690 4182 hoc
2731 4129 2925 4194 opinor
2975 4129 3352 4199 intelligentes,
3398 4133 3580 4187 animo

2009 4239 2026 4271 ι
2065 4216 2505 4286 comprehensuri
2536 4224 2682 4277 sunt,
2709 4216 2777 4268 ab
2805 4214 3078 4280 humanis,
3103 4217 3452 4272 similitudine
3474 4219 3577 4270 Iur-

2009 4329 2027 4361 ‹
2065 4309 2174 4362 mili
2206 4307 2420 4376 quidem
2448 4305 2536 4360 illa
2561 4315 2614 4358 ct
2636 4314 2826 4360 conten
2851 4307 3046 4362 nenda.
3079 4307 3210 4360 Nam
3247 4322 3420 4375 neque
3456 4323 3580 4376 pos-

2009 4422 2026 4453 ‹
2063 4400 2214 4454 sibile
2235 4407 2318 4452 est
2343 4399 2616 4466 cuiquam,
2642 4396 2726 4449 vel
2753 4405 3018 4464 potestate
3047 4406 3100 4451 et
3125 4398 3398 4468 bypostasi
3425 4414 3582 4467 St'pa-

330 4509 348 4540 c
390 4490 422 4560 ἢ
459 4491 594 4564 μόνῃ
621 4495 686 4562 τῇ
720 4492 810 4562 τῆς
836 4492 1083 4563 πράξεως
1107 4495 1378 4565 ἐνεργείᾳ.
1414 4512 1432 4545 ι
1478 4495 1564 4546 Ἐν
1589 4494 1644 4546 δὲ
1685 4492 1894 4556 τούτοις

2010 4508 2022 4540 l
2059 4503 2180 4542 rare
2207 4487 2429 4543 verbum
2462 4486 2605 4556 quod
2635 4486 2686 4539 in
2712 4486 3021 4540 hominibus
3048 4497 3150 4540 est.
3183 4485 3324 4540 Idem
3377 4487 3581 4541 etenizn

321 4579 400 4648 τῷ
433 4581 748 4651 προνρορικῷ
779 4581 919 4652 λόγῳ
961 4582 1224 4653 κέχρηται
1265 4583 1433 4637 είκόνι
1459 4597 1474 4613 ⁸
1506 4583 1582 4653 τῷ
1611 4583 1667 4636 δέ
1705 4600 1765 4651 γε
1814 4585 1899 4636 ὲν-

319 4660 550 4740 διάθέτῳ
572 4673 629 4723 ὲν
655 4667 734 4733 οἷς
759 4672 932 4724 ταῦτά
954 4691 1115 4744 φησιν
1133 4691 1145 4703 ·
1181 4693 1198 4724 ι
1229 4675 1303 4726 Οὐ
1336 4675 1442 4746 γὰρ
1471 4674 1582 4745 (57)
1612 4674 1676 4746 δὴ
1707 4673 1898 4744 ἐτέρας

327 4774 345 4805 ι
389 4755 864 4828 ὲτοιμασίας,οἷον
903 4760 1056 4832 ὕλης,
1099 4762 1131 4832 ἢ
1165 4762 1330 4833 ἄλλης
1354 4764 1496 4828 τινὸς
1527 4764 1896 4834 ἀνθρωπίνης,

326 4865 344 4897 t
377 4849 405 4900 6
449 4848 579 4912 Θεὸς
613 4851 780 4903 ἐδεῖτο
811 4852 945 4923 πρὸς
985 4856 1324 4926 κατασκευὴν
1344 4896 1359 4916 ,
1389 4855 1526 4908 ἀλλά
1552 4854 1755 4925 ταύτης
1799 4855 1899 4922 τῆς

327 4957 344 4986 ι
389 4939 445 4991 ἐν
474 4942 540 5010 τῇ
571 4939 762 4993 ἑαυτοῦ
798 4941 1002 5013 διανοίᾳ
1028 4945 1362 5014 ὲτοιμασίας.
1410 4945 1560 4996 Ἐπεὶ
1584 4939 1676 4996 οὖν
1702 4943 1898 4996 ἀδύνα-

327 5047 344 5076 ‹
385 5045 472 5081 τον
513 5025 580 5101 ἦν
624 5033 791 5102 χωρὶς
819 5031 977 5100 λόγου
1014 5036 1107 5086 καὶ
1152 5036 1250 5100 τῆς
1299 5036 1604 5107 προσούσης
1645 5035 1724 5105 τῷ
1757 5033 1899 5104 λόγῳ

401 5170 458 5227 »Β
491 5163 586 5220 ΕιΙ.
618 5164 818 5228 Parim,
848 5181 967 5236 pag.
1006 5167 1126 5221 125.

394 5257 413 5286 '
446 5254 601 5309 Joan.
639 5273 746 5319 xiv,
773 5255 824 5310 6.

397 5392 512 5462 (52)
543 5394 712 5454 Vulgo
738 5393 923 5446 αὐτόν.

401 5463 511 5532 (5'5)
545 5462 718 5530 Πλὴν
759 5463 834 5531 δὴ
871 5464 1072 5532 λόγος.
1112 5458 1422 5532 Legendum
1462 5458 1790 5532 forte,_7§1hv
1818 5459 1898 5532 δε.

325 5532 395 5606 ιζ
410 5527 550 5606 τοῦ)
580 5527 779 5601 λέγειν,
813 5527 1070 5606 ποτὲ-’μὲν
1090 5527 1272 5606 Αενδον.
1304 5527 1467 5580 αὐτὸν
1499 5527 1590 5578 τὸν
1616 5527 1806 5606 λόγον,
1842 5529 1900 5578 ἐν

326 5602 404 5672 τῷ
433 5601 572 5671 θεῷ,
597 5599 662 5655 δι’
685 5614 863 5672 ιηιηιιῃ
894 5599 1364 5672 aul'perliciendam
1397 5599 1719 5672 sententiam
1775 5599 1901 5650 dec-

328 5664 422 5740 rit,
447 5664 619 5727 simile
641 5673 790 5740 quid,
817 5664 1092 5723 ἁλίσκεται
1124 5667 1276 5720 τοῦτο
1309 5666 1502 5733 λέγων.
1549 5664 1620 5718 Μ.

2012 4597 2032 4631 ι
2066 4591 2342 4646 unumque
2386 4591 2508 4631 cum
2556 4576 2774 4630 homine
2828 4577 3050 4629 verbum
3098 4591 3252 4629 suum
3317 4576 3576 4629 exsistit:

2011 4691 2029 4722 ε
2069 4671 2379 4739 neutiquam
2427 4670 2497 4723 ab
2551 4668 2772 4724 homine
2811 4666 3188 4737 separandum,
3232 4666 3332 4720 nisi
3385 4669 3575 4735 agendi

2015 4781 2034 4813 σ
2069 4761 2181 4816 sola
2210 4761 2441 4816 actione.
2488 4778 2506 4811 ι
2553 4759 2733 4814 Utitur
2760 4759 2978 4826 Iniciam
3006 4756 3251 4825 exemplo
3285 4756 3430 4809 verbi
3454 4771 3580 4825 pro-

2014 4852 2168 4906 latilii
2204 4869 2217 4904 :
2254 4850 2598 4904 immanentis
2648 4859 2825 4901 autem
2869 4847 3065 4908 denuo,
3104 4845 3194 4898 ubi
3240 4845 3314 4898 ait
3347 4843 3436 4916 [Β.
3469 4844 3576 4899 LIII

2008 4943 2131 4997 coll.
2163 4958 2216 5010 p.
2250 4940 2321 4994 40
2352 4940 2419 5012 Al
2454 4959 2467 4994 :
2503 4925 2526 4991 ε’
2560 4939 2739 5009 Neque
2784 4937 2926 4991 cnim
2961 4945 3282 5004 apparatura
3315 4936 3419 4990 ulla
3450 4936 3577 4998 alia.

2011 5053 2029 5083 ι
2075 5046 2264 5099 nempe
2312 5031 2570 5092 materiai,
2631 5029 2710 5081 vel
2760 5024 3060 5093 huiusmodi
3117 5027 3386 5094 indigebat
3441 5027 3581 5082 Deus

2083 5389 2193 5456 (δι)
2225 5388 2394 5457 Vulgo
2422 5388 2542 5458 μέν.

2080 5448 2194 5527 ί55)
2231 5448 2395 5524 Vulgo
2423 5448 2691 5527 ’παρέχειν
2713 5454 2893 5523 νᾶμας
2916 5459 3170 5508 caeterum
3199 5449 3271 5506 cf.
3300 5466 3352 5519 p.
3377 5448 3578 5504 12807.

2081 5462 2172 5517 (55
2231 5462 2395 5524 Vulgo
2430 5462 2606 5527 παρέχ

2081 5462 2194 5598 {56l
2225 5527 2398 5598 Vulgo
2424 5526 2606 5598 αὐτός.

2081 5595 2194 5667 (57)
2227 5596 2394 5664 Vulgo
2419 5595 2494 5648 δέ.
