4086 6202
339 256 445 313 937

1297 255 1386 311 DE
1415 255 1943 312 ECCLESIASTICA
1966 253 2363 311 ΤιιΕοιοοιΑ
2400 254 2530 311 L18.
2572 256 2637 312 ll.

3460 259 3567 318 9'58

340 371 615 435 διενοεῖτο,
660 362 704 438 ᾧ
744 368 838 422 καὶ
865 367 998 440 πρὸς
1028 367 1216 421 ἑαυτὸν
1240 368 1525 437 διελέγετο,
1556 370 1905 439 Ποιήσωμεν

2012 367 2337 439 loquebatur,
2370 368 2655 425 Faciamus
2670 372 2946 441 hominem,
2978 372 3244 444 inquiens,
3289 377 3417 446 quid
3441 392 3568 434 eum

339 460 673 530 ἄνθρωπον,
718 460 889 527 λέγων
928 476 940 488 ·
966 458 1019 512 τί
1058 458 1150 512 καὶ
1180 458 1355 529 μάτην
1388 460 1500 512 υἱὸν
1526 459 1811 531 όνομάζοις
1841 460 1908 515 Τί

340 551 399 603 δὲ
432 551 530 621 τὴν
568 549 887 620 Ἐκκλησίαν
910 547 1289 618 ύποκρίνεται;
1327 549 1392 602 Τί
1426 549 1505 613 δὲ,
1539 550 1612 622 μὴ
1642 550 1909 605 πιστεύων

342 644 423 705 είς
454 645 544 695 τὸν
572 641 697 695 Υἰὸν
729 641 822 695 τοῦ
852 639 986 693 Θεοῦ
1032 644 1406 711 προσποιεῖται
1433 642 1705 696 πιστεύειν
1724 682 1740 705 ,
1778 659 1910 714 σχη-

345 730 702 804 ματιζόμενος
745 728 833 782 διὰ
878 727 973 781 τοῦ
1023 727 1119 781 τὸν
1164 728 1334 797 Λόγον
1381 730 1472 783 τὸν
1536 732 1594 784 ὲν
1664 731 1742 802 τῷ
1793 730 1910 802 Θεῷ

342 822 475 876 Υἱὸν
510 820 836 885 ἀποκαλεῖν;
869 819 1062 890 Σαφῶς
1106 821 1201 874 τοῦ
1232 821 1666 894 παραδείγματος
1710 820 1906 893 μακρῷ

342 912 612 968 διεστάναι
648 911 990 975 διδάσκοντος
1038 911 1128 965 τὸν
1177 912 1412 983 ἔμφυτον
1458 915 1515 966 ὲν
1556 913 1697 984 ψυχῇ
1750 913 1907 981 λόγον

344 1003 495 1075 παρά
520 1004 607 1056 τὸν
638 1001 700 1056 ἐκ
727 1020 872 1067 τινος
905 1002 1249 1075 γεννηθέντα,
1285 1005 1377 1057 καὶ
1414 1004 1533 1057 καθ’
1588 1004 1774 1059 ἑαυτὸν
1807 1006 1909 1075 ὑφ.

343 1093 550 1147 εστῶτα
573 1133 588 1158 ,
642 1092 736 1147 καὶ
794 1091 1006 1157 ζῶντα,
1068 1094 1160 1146 καὶ
1216 1092 1539 1164 ἐνεργοῦντα
1586 1093 1732 1148 Υίόν.
1770 1093 1907 1149 Ἀλλ’

340 1186 441 1238 οὐκ
494 1183 641 1253 ἐγὼ,
692 1183 862 1255 φησι,
921 1184 997 1246 ὡς
1043 1184 1228 1250 εἰκὸς,
1270 1184 1382 1239 ἀλλ’
1419 1186 1447 1235 ό
1486 1184 1626 1249 θεῖος
1676 1186 1907 1256 εὐαγγε-

340 1275 527 1346 λιστὴς
578 1275 749 1343 Λόγον
807 1275 964 1330 αὐτὸν
1013 1277 1325 1345 προσεῖπεν.
1381 1276 1693 1329 ’Λκόλουθον
1730 1278 1935 1332 τοίνυν»

342 1369 425 1439 εἴη
456 1368 521 1421 ἂν
556 1369 650 1420 καὶ
675 1368 819 1437 ἡμᾶς
845 1367 1014 1437 τούτῳ
1036 1366 1410 1436 συνομολογεῖν
1438 1367 1574 1437 (58).
1603 1368 1729 1433 Ναὶ,
1760 1370 1901 1440 φημὶ

342 1457 435 1511 καὶ
467 1456 651 1519 αὑτός.

980 1545 1136 1598 ΚΕΦ.
1176 1546 1272 1599 1Ζ’.

421 1639 728 1709 Ἑρμηνείιι
755 1637 860 1705 τῆς
887 1635 1150 1705 ἀληθοῦς
1176 1635 1442 1702 διανοίας
1482 1637 1589 1692 τοῦ
1620 1640 1831 1708 Λόγου.

2008 470 2059 513 et
2088 459 2285 513 frustra
2321 461 2554 529 quidem,
2584 463 2812 532 appellat
2838 464 3076 519 Filium?
3103 464 3239 533 Quid
3274 466 3568 525 Ecclesiam

2007 550 2239 620 decipit?
2268 552 2395 620 quid
2423 568 2544 607 cum
2576 571 2678 608 non
2707 557 2910 623 credat,
2945 557 3093 628 ﬁngit
3152 570 3328 614 tamen
3360 575 3419 615 se
3453 575 3571 616 cre-

2009 642 2134 696 dere
2166 642 2216 695 in
2254 642 2446 697 Filium
2478 644 2605 700 Dei?
2643 657 2827 715 utpote
2850 650 2938 718 qui
2968 649 3133 704 videri
3160 651 3274 706 vult
3312 666 3407 721 per
3441 651 3572 708 Ver-

2009 730 2130 785 bmn
2183 732 2371 787 Filium
2416 734 2509 789 Dei
2559 738 2882 795 nominasse.
2918 739 3048 794 Cum
3075 741 3240 810 ipsius
3267 743 3570 811 exemplum

2010 825 2287 894 perspicue
2318 827 2526 892 doceat,
2552 828 2857 898 longissime
2910 833 3106 887 distare
3143 834 3357 887 insitum
3389 836 3569 889 animo

2010 914 2162 984 logou
2198 920 2255 978 »Β
2293 915 2361 970 ab
2404 916 2492 972 illo
2538 921 2678 988 quod
2728 921 2792 975 de
2830 921 3008 992 aliqua
3044 936 3461 992 progeneratur,
3515 938 3569 983 et

2010 1019 2103 1073 per
2133 1020 2190 1060 sc
2212 1007 2455 1063 subsistit
2484 1020 2540 1063 et
2571 1011 2719 1074 vivit,
2763 1022 2816 1066 et
2854 1022 3125 1081 operatur,
3171 1024 3224 1070 et
3264 1014 3304 1068 F
3310 1016 3431 1071 ilius
3460 1026 3564 1071 est.

2011 1096 2113 1150 Sed
2142 1099 2387 1153 fortassis
2418 1100 2658 1169 inquiet:
2687 1102 2802 1157 Non
2844 1119 2947 1173 ego
2995 1105 3139 1159 illum
3188 1109 3392 1176 appello
3434 1107 3567 1163 Ver-

2010 1187 2156 1251 bum,
2208 1189 2299 1242 sed
2364 1190 2575 1246 divinus
2623 1194 2943 1262 evangelista
3010 1212 3025 1250 :
3079 1206 3133 1250 et
3189 1212 3285 1252 nos
3331 1198 3457 1251 illud
3488 1199 3569 1266 ip-

2009 1295 2126 1334 sum
2174 1297 2270 1351 par
2310 1292 2393 1339 est
2427 1286 2692 1341 conﬁteri.
2750 1287 2840 1343 Est
2882 1289 3039 1358 plane
3086 1290 3245 1345 etiam
3292 1306 3412 1347 meo
3450 1292 3568 1347 ani-

2010 1388 2117 1427 uno.

2599 1555 2752 1609 CAP.
2788 1554 2943 1610 XVII.

2247 1640 2392 1697 Verre
2429 1648 2699 1699 sententia:
2736 1648 2798 1701 de
2840 1646 3001 1701 Verbo
3029 1649 3329 1718 explicatio.

413 1727 560 1797 Πλὴν
600 1726 704 1780 οὐδ’
733 1727 929 1796 ἑτέρως
980 1726 1274 1796 προσήκειν
1303 1721 1456 1796 οἶμαι
1502 1726 1778 1790 ἐξακούειν
1809 1727 1908 1797 τῆς

2079 1731 2184 1788 Sed
2219 1750 2322 1789 non
2352 1736 2512 1790 aliter
2532 1739 2750 1793 omnino
2774 1755 2874 1793 vox
2905 1740 2993 1794 illa
3046 1742 3451 1811 interpretanda
3484 1756 3569 1801 est

341 1819 595 1891 φωνῆςῆ
640 1816 785 1889 αὐτῷ
828 1818 986 1871 πάλιν
1037 1816 1504 1888 μαθητευομένους
1552 1816 1632 1888 τῷ
1677 1818 1906 1886 εὐαγγε-

341 1912 501 1982 λιστῇ
570 1909 868 1964 διδάσκοντι
916 1911 1093 1963 όποῖον
1150 1908 1429 1979 διωρίζετο
1477 1907 1667 1975 Λόγον.
1718 1908 1909 1975 Σαφῶς

344 2006 401 2058 δὲ
446 2004 630 2057 τοῦτον
676 2003 909 2073 παρίστη
955 1996 1063 2065 οἷός
1114 2019 1199 2066 τις
1239 1997 1328 2071 ἦν,
1378 2001 1754 2055 ὲπισυνάπτων
1783 2000 1909 2071 ἑξῆς

345 2098 439 2151 καὶ
473 2096 662 2165 λέγων,
698 2094 805 2148 Kal
847 2091 989 2159 Θεὸς
1031 2090 1109 2164 ἦν
1148 2095 1181 2148 ό
1205 2094 1413 2163 Λόγος.
1443 2092 1743 2163 Δυνάμενος
1779 2092 1909 2160 γοῦν

342 2188 541 2250 εἰπεῖν,
583 2184 692 2241 Καὶ
736 2182 879 2249 Θεὸς
930 2180 1011 2254 ἦν
1047 2185 1081 2237 ό
1122 2185 1331 2254 Λόγος,
1394 2180 1532 2252 μετὰ
1557 2183 1654 2253 τῆς
1683 2182 1776 2234 τοῦ
1807 2181 1908 2254 ἄρ-

340 2279 471 2350 θρου
502 2277 836 2350 προσθήκης,
858 2274 911 2327 εί
938 2292 1001 2344 γε
1028 2274 1085 2328 ἓν
1114 2276 1208 2329 καὶ
1246 2274 1442 2327 ταύτὸν
1468 2276 1652 2344 ἡγεῖτο
1677 2273 1767 2326 τὸν
1800 2274 1937 2341 Πα-λ

336 2366 471 2436 τέρα
512 2361 775 2418 εἶναικαὶ
814 2363 903 2415 τὸν
933 2362 1080 2427 Υἱὸν,
1127 2361 1292 2415 αὐτόν
1336 2376 1397 2414 τε
1438 2356 1576 2415 εἶναι
1623 2361 1711 2414 τὸν
1739 2361 1909 2429 Λόγον

335 2456 428 2511 τὸν
454 2457 546 2511 ἐπὶ
578 2456 795 2512 πάντων
846 2454 998 2520 Θεὸν,
1032 2453 1128 2525 οὐχ
1175 2452 1344 2518 οὕτως
1379 2452 1512 2524 (61⁸)
1538 2452 1766 2519 ἐξέδωκε
1812 2452 1909 2525 τὴν

337 2551 575 2621 γραφήν.
602 2548 673 2601 Ἦ
711 2546 839 2618 γὰρ,
872 2566 890 2598 ‹
923 2547 1033 2600 Καὶ
1060 2543 1194 2599 Θεοῦ
1227 2541 1294 2617 ἦν
1323 2547 1351 2598 6
1390 2544 1558 2613 Λόγος
1588 2564 1607 2595 ι
1644 2544 1808 2615 ἐχρῆν
1841 2545 1911 2598 εί-

338 2644 483 2705 πεῖν,
511 2641 545 2711 ἦ
577 2659 595 2692 ι
623 2641 652 2693 6
682 2636 813 2702 Θεὸς
851 2634 917 2710 ἦν
948 2639 976 2690 ό
1003 2638 1192 2707 Λόγος,
1224 2655 1243 2688 ι
1283 2636 1417 2707 μετὰ
1459 2636 1774 2709 προσθήκης
1812 2634 1907 2690 τοῦ

339 2730 566 2804 ἄρθρου,
610 2732 658 2784 εί
701 2733 767 2802 τῇ
823 2728 1139 2800 Μαρκέλλου
1207 2728 1414 2799 διανοίᾳ
1474 2728 1760 2799 σύμφωνον
1811 2727 1908 2799 τὴν

341 2822 562 2895 γραφὴν
605 2824 855 2874 ἐποιεῖτο.
886 2820 1022 2873 Νυνὶ
1048 2819 1103 2872 δὲ
1132 2821 1226 2873 καὶ
1256 2820 1415 2873 αὐτὸν
1458 2820 1547 2873 τὸν
1576 2820 1746 2889 Λόγον
1778 2820 1908 2875 Θεὸν

342 2910 483 2969 εἶναι
516 2913 786 2984 παρίστη,
830 2913 1027 2983 ὁμοίως
1061 2910 1156 2981 τῷ,
1193 2911 1329 2982 πρὸς
1369 2911 1426 2963 δν
1452 2908 1518 2984 ἦν
1544 2910 1693 2983 Θειῖν
1728 2928 1911 2981 προει-

343 3002 464 3059 «ab»;
494 3003 621 3074 γὰρ,
665 3001 773 3055 Καὶ
801 3006 831 3056 d
861 3003 1047 3098 Λόγος
1081 2998 1159 3073 ἦν
1190 3003 1340 3069 πρὸς
1370 3000 1473 3054 τὸν
1507 3001 1673 3065 Θεὸν,
1714 3003 1908 3098 ἐπάγει
1934 3043 1976 3098 c

342 3094 537 3162 λέγων,
567 3092 677 3145 Kal
725 3090 865 3158 Θεὸς
892 3087 969 3162 ἦν
996 3095 1028 3146 ό
1059 3093 1266 3163 Λόγος,
1321 3092 1601 3163 μονονουχὶ
1640 3092 1906 3159 σαφέστε-

344 3204 440 3259 ρον
470 3187 616 3257 ἡμᾶς
657 3185 913 3239 διδάσκων
942 3184 1153 3256 πρῶτον
1208 3184 1304 3255 μὲν
1347 3184 1591 3254 ἡγεῖσθαι
1642 3185 1775 3238 Θεὸν
1819 3185 1909 3238 τὸν

343 3280 595 3333 ἐπέκεινα
643 3278 751 3331 τῶν
779 3278 930 3344 ὅλων,
975 3278 1135 3331 αὐτὸν
1163 3277 1255 3330 τὸν
1294 3276 1386 3329 τοῦ
1444 3276 1615 3345 Λόγου
1663 3277 1907 3348 Πατέρα,

343 3372 478 3440 πρὸς
514 3372 571 3424 ὃν
605 3367 672 3442 ἦν
708 3373 736 3424 ό
762 3371 951 3439 Λόγος,
998 3370 1187 3425 ἔπειτα
1219 3370 1332 3438 μετ’
1370 3368 1529 3421 αὐτὸν
1566 3369 1640 3440 μὴ
1674 3370 1907 3438 ἀγνοεῖν,

338 3464 415 3528 ὡς
444 3465 536 3517 καὶ
569 3466 596 3517 6
630 3463 799 3532 Λόγος
829 3462 991 3516 αὑτοῦ
1031 3462 1059 3514 6
1096 3458 1386 3531 μονογενὴς
1419 3460 1562 3523 Υἱὸς,
1600 3460 1720 3531 οὐχὶ
1751 3461 1912 3524 αὐτὸς

338 3552 407 3627 ἦν
439 3558 467 3609 6
491 3555 581 3607 ἐπὶ
622 3554 837 3608 πάντων
869 3553 1019 3616 Θεὸς,
1049 3553 1161 3606 ἀλλ’
1197 3553 1276 3606 ὅτι
1310 3553 1401 3605 καὶ
1448 3552 1611 3615 αὐτὸς
1648 3551 1779 3616 Θεὸς
1821 3548 1908 3624 ἦν.

351 3648 414 3700 ’Θ
442 3646 547 3717 γὰρ
580 3666 598 3699 ι
625 3647 719 3701 καὶ
748 3665 767 3698 ι
808 3645 1098 3717 σύνδεσμος
1137 3644 1215 3715 τῷ
1268 3645 1442 3717 Πατρὶ
1499 3644 1756 3699 συνάπτει
1814 3644 1912 3714 τὴν

344 3737 567 3809 θεότητα
592 3736 684 3790 τοῦ
736 3735 886 3789 Υἰοῦ.
939 3735 1028 3787 Διό
1076 3753 1226 3806 φησι,
1261 3735 1368 3791 Καὶ
1391 3738 1423 3788 ό
1460 3734 1601 3801 Θεὸς
1624 3731 1704 3804 ἦν
1737 3737 1769 3787 ό
1801 3734 1911 3789 Λό-

343 3845 469 3899 γος,
522 3828 586 3881 ἶν’
647 3827 845 3898 ἴδωμεν
887 3828 1017 3881 Θεὸν
1057 3827 1146 3879 τὸν
1178 3827 1271 3880 ἐπὶ
1303 3827 1536 3887 πάντων,
1583 3825 1717 3895 πρὸς
1759 3824 1817 3876 ὃν
1846 3820 1913 3896 ἦν

340 3924 371 3976 6
398 3922 596 3990 Λόγος,
650 3921 737 3974 καὶ
766 3920 897 3973 Θεὸν
941 3920 1101 3972 αὑτὸν
1138 3919 1227 3973 τὸν
1259 3918 1451 3985 Λόγον.
1498 3918 1692 3969 ’Λκουε
1730 3916 1805 3979 ὡς
1838 3919 1916 3971 εἰ·

344 4013 478 4067 κόνα
521 4013 615 4065 τοῦ
667 4011 823 4076 Θεοῦ,
867 4012 962 4064 καὶ
995 4012 1177 4064 εἰκόνα
1212 4009 1320 4079 (62)
1354 4010 1451 4079 οὐχ
1492 4008 1567 4071 ὡς
1619 4009 1675 4060 έν
1722 4007 1915 4078 ἀψύχῳ

347 4104 469 4175 ῦλῃ,
515 4103 627 4158 ἀλλ’
649 4103 725 4167 ὼς
763 4104 821 4156 ὲν
850 4101 963 4173 Υἱῷ
997 4101 1190 4166 ζῶντι,
1240 4101 1334 4154 καὶ
1379 4098 1745 4170 ἀκριϐέστατα
1777 4098 1913 4168 πρὸς

344 4196 442 4267 τὴν
471 4194 772 4267 ἀρχέτυπον
809 4193 1033 4265 θεότητα
1063 4192 1157 4245 τοῦ
1207 4190 1418 4262 Πατρὸς
1461 4188 1909 4259 ἀφωμοιωμένον.

360 4285 513 4338 Ἐπεὶ
550 4285 607 4337 δὲ
634 4284 713 4356 τῷ
755 4284 1073 4355 ἀνθρωπίνῳ
1121 4282 1262 4353 λόγῳ
1311 4280 1402 4333 τὸν
1426 4278 1521 4332 τοῦ
1563 4279 1696 4333 Θεοῦ
1729 4296 1911 4351 παρα-

2009 1838 2168 1893 quam
2197 1828 2460 1893 quomodo
2486 1842 2582 1880 nos
2622 1829 2807 1882 docuit
2849 1830 2961 1899 ipse
3002 1832 3363 1902 evangelista:
3398 1840 3570 1904 quod-

2010 1930 2132 1968 nam
2165 1916 2278 1985 ipse
2315 1916 2543 1971 Verbum
2576 1918 2858 1988 intelligat.
2902 1922 2953 1974 Id
2984 1937 3108 1974 vero
3151 1924 3384 1979 insinuat
3432 1929 3568 1983 satis

2008 2008 2152 2060 clare
2183 2007 2234 2060 in
2264 2008 2331 2063 iis
2360 2024 2477 2077 quae
2504 2009 2757 2075 adnectit,
2780 2021 2827 2064 et
2863 2011 2998 2066 Deus
3030 2023 3141 2066 erat
3183 2012 3421 2081 Verbum,
3445 2034 3565 2074 cum

2009 2097 2253 2167 proloqui
2304 2100 2599 2168 potuisset,
2637 2111 2692 2154 et
2739 2101 2829 2157 ille
2869 2102 3043 2171 Deus,
3084 2105 3266 2160 addito
3312 2110 3564 2176 articulo,

2008 2197 2125 2240 erat
2160 2188 2388 2243 Verbum
2416 2230 2430 2251 ,
2464 2190 2509 2245 si
2540 2206 2702 2244 unum
2736 2202 2789 2245 et
2833 2195 3078 2247 eumdem
3103 2235 3119 2260 ,
3163 2204 3218 2249 et
3262 2196 3475 2253 Patrem
3516 2212 3573 2255 et

2008 2277 2200 2333 Filium
2246 2281 2585 2350 appellasset,
2615 2282 2659 2336 si
2700 2280 2928 2337 Verbum
2961 2284 3088 2340 illud
3109 2288 3418 2357 opinaretur
3452 2304 3574 2347 esse

2009 2368 2155 2423 illum
2184 2369 2349 2425 Deum
2398 2372 2487 2441 qui
2525 2381 2605 2427 est
2636 2387 2798 2442 super
2831 2376 3032 2429 omnia.
3066 2377 3171 2434 Sed
3198 2396 3301 2434 non
3342 2382 3415 2436 ita
3443 2398 3566 2452 pro-

2010 2461 2216 2518 locutus
2244 2472 2347 2518 est.
2395 2462 2527 2517 Nam
2562 2463 2645 2518 vel
2698 2464 2878 2521 dicere
2924 2468 3173 2538 debebat,
3204 2482 3258 2525 et
3306 2474 3395 2528 Dei
3450 2487 3572 2532 erat

2004 2550 2242 2609 .Verbum
2265 2594 2279 2617 ,
2310 2554 2391 2607 vel
2423 2552 2566 2610 Deus
2594 2566 2713 2609 erat
2738 2555 2825 2610 ille
2849 2554 3081 2613 Verbum
3108 2578 3121 2614 :
3151 2562 3362 2631 adjecto
3382 2582 3573 2635 nempe

2009 2648 2259 2711 articulo,
2294 2648 2339 2701 si
2376 2662 2498 2701 cum
2534 2648 2773 2704 Marcelli
2823 2652 3089 2706 sententia
3131 2653 3410 2724 Scriptura
3440 2672 3573 2712 con«

2010 2737 2289 2806 spirasset.
2335 2738 2404 2792 At
2450 2755 2593 2795 nunc
2640 2750 2695 2794 et
2744 2740 2917 2810 ipsum
2950 2739 3186 2798 Verbum
3234 2743 3401 2800 Deutn
3450 2763 3574 2805 esse

2012 2827 2286 2889 insinuat,
2320 2828 2572 2884 similiter
2609 2829 2684 2885 illi
2720 2832 2846 2896 Deo,
2893 2832 3031 2900 apud
3074 2848 3231 2903 quem
3267 2846 3402 2892 erat.
3436 2837 3569 2895 Nam

2009 2933 2129 2971 cum
2181 2918 2326 2988 prius
2371 2919 2635 2984 edixerat,
2673 2921 2735 2977 Et
2778 2920 2999 2977 Verbum
3046 2935 3159 2978 erat
3208 2933 3344 2994 apud
3381 2927 3568 2997 Deum,

2009 3007 2294 3075 subinlert,
2327 3021 2374 3063 et
2406 3010 2543 3065 Deus
2574 3024 2685 3066 erat
2725 3011 2948 3068 Verbum
2980 3030 2999 3069 :
3026 3014 3337 3084 planissime
3364 3037 3461 3076 nos
3490 3023 3572 3077 itt-

2013 3097 2271 3165 l'ormans,
2291 3110 2493 3157 tantum
2524 3120 2629 3159 non
2656 3114 2712 3159 ut
2738 3105 2968 3175 primum
3001 3106 3164 3161 Deum
3199 3109 3343 3164 illum
3371 3111 3571 3168 intelli-

2010 3206 2199 3260 gamus
2245 3208 2386 3258 esse,
2439 3195 2529 3263 qui
2578 3207 2660 3249 est
2702 3212 2862 3266 super
2909 3197 3110 3260 omnia,
3158 3200 3327 3269 ipsum
3382 3219 3572 3274 nempe

2015 3282 2172 3336 Verbi
2221 3283 2474 3351 Patrem,
2534 3286 2673 3354 apud
2720 3302 2877 3356 quem
2918 3297 3036 3342 erat
3077 3289 3344 3359 Verbum;
3379 3302 3488 3349 tum
3518 3297 3570 3349 in

2011 3371 2279 3434 secundis,
2303 3382 2360 3424 ut
2384 3389 2451 3427 ne
2481 3372 2651 3441 ignari
2680 3375 2869 3438 simus,
2894 3374 3035 3444 quod
3061 3387 3114 3431 et
3145 3379 3376 3436 Verbum
3403 3385 3572 3453 ipsius

2013 3462 2314 3531 unigenitus
2336 3462 2506 3519 Filius
2527 3480 2633 3519 non
2684 3477 2799 3519 erat
2829 3469 3047 3536 quidem
3078 3472 3168 3525 ille
3201 3488 3363 3541 super
3390 3479 3569 3530 omnia

2020 3552 2158 3607 Deus
2184 3595 2199 3619 ,
2230 3555 2321 3609 sed
2350 3558 2491 3625 quod
2521 3568 2574 3611 et
2601 3558 2711 3627 ipse
2732 3559 2891 3612 etiam
2922 3559 3065 3617 Deus
3090 3571 3238 3629 erat;
3268 3565 3571 3635 conjunctio

2011 3644 2209 3697 etenim
2245 3642 2328 3697 illa
2353 3684 2368 3708 ,
2407 3655 2461 3699 et
2504 3646 2842 3702 divinitatem
2891 3649 3014 3704 Filii
3070 3654 3340 3707 connectit
3378 3654 3521 3709 Patri
3552 3676 3566 3721 ;

2015 3733 2137 3788 inde
2168 3734 2266 3800 ait,
2296 3745 2342 3789 et
2372 3734 2509 3790 Deus
2531 3748 2641 3791 erat
2677 3733 2902 3792 Verbum
2927 3754 2945 3791 :
2972 3749 3027 3793 ut
3057 3740 3223 3796 Deum
3247 3742 3395 3797 illum
3430 3746 3571 3799 scia-

2016 3839 2134 3879 mus
2160 3840 2301 3892 esse,
2329 3824 2418 3895 qui
2452 3835 2536 3881 est
2565 3841 2725 3897 super
2756 3828 2962 3894 omnia,
2994 3829 3131 3899 apud
3157 3844 3317 3899 quem
3347 3842 3399 3884 et
3436 3830 3571 3887 Ver-

2014 3914 2139 3967 bum
2169 3924 2306 3980 erat,
2342 3916 2433 3969 sed
2460 3924 2515 3970 et
2539 3914 2773 3971 Verbum
2801 3932 3012 3989 quoque
3048 3920 3211 3974 Deum
3238 3920 3443 3987 audies,
3467 3922 3572 3975 vel.

2017 4004 2092 4057 uti
2139 4005 2228 4072 qui
2259 4007 2329 4060 sit
2357 4006 2532 4077 imago
2562 4006 2691 4074 Dei,
2724 4022 2827 4062 nou
2860 4019 2917 4062 ut
2946 4011 2998 4062 in
3026 4010 3249 4064 materia
3280 4011 3568 4066 iuanimata

2014 4097 2417 4162 subsistentem.
2479 4100 2573 4153 sed
2627 4109 2685 4153 ut
2719 4100 2769 4153 in
2821 4100 2960 4155 Filio
3000 4102 3119 4156 vivo
3155 4104 3243 4172 qui
3277 4118 3438 4173 quam
3471 4121 3569 4158 es-

2014 4186 2283 4241 actissime
2314 4196 2662 4257 repraasentat
2696 4189 3021 4259 archetypon
3050 4191 3194 4246 illam
3225 4191 3401 4247 Patris
3433 4193 3570 4247 divi-

2018 4277 2261 4333 nitatem.
2308 4276 2572 4343 Quoniam
2619 4293 2749 4334 vero
2777 4279 2949 4334 visum
2992 4280 3244 4337 Marcello
3287 4283 3388 4338 fuit
3414 4283 3570 4354 logon

348 4376 561 4430 ϐάλλειν
606 4376 777 4431 ἐδόκει
826 4376 1148 4447 Μαρκέλλῳ,
1194 4377 1287 4429 καὶ
1336 4376 1485 4445 πόσῳ
1538 4372 1728 4443 βελτίω
1772 4366 1911 4426 εἶναι

2020 4368 2136 4429 Dei.
2169 4379 2354 4423 nostro
2397 4368 2675 4424 hominum
2725 4372 3041 4435 assimilare,
3076 4377 3119 4429 si
3168 4376 3387 4430 omnino
3434 4378 3571 4431 hanc

347 4468 610 4538 φήσομεν,
669 4466 836 4521 είκόνι
893 4466 1172 4539 χρώμενον
1236 4467 1315 4536 τῷ
1369 4464 1689 4537 ἀνθρωπίνῳ
1746 4463 1907 4532 λόγῳ,

345 4559 519 4629 τούτῳ
548 4557 743 4629 μᾶλλον
765 4557 1068 4629 χρήσασθαι
1090 4556 1166 4629 τῷ
1187 4556 1605 4628 παραδείγματι,
1630 4554 1722 4607 καὶ
1747 4552 1911 4621 φάναι

345 4651 440 4705 τοῦ
473 4652 601 4723 παρ’
638 4652 767 4723 ἡμῖν
794 4651 951 4719 λόγου
996 4649 1203 4722 πατέρα
1244 4645 1381 4702 εἶναι
1417 4649 1508 4700 τὸν
1542 4646 1684 4711 νοῦν,
1728 4645 1912 4718 ἕτερον

345 4744 473 4797 ὄντα
504 4743 655 4815 παρὰ
681 4743 770 4796 τὸν
800 4742 976 4811 λόγον.
1005 4742 1109 4795 Τὸν
1144 4740 1241 4813 μὲν
1268 4741 1377 4811 γὰρ
1410 4738 1544 4809 (62⁸)
1575 4738 1719 4803 νοῦν,
1764 4737 1915 4799 ὅστις

348 4835 479 4889 ποτὲ
510 4835 604 4889 καὶ
628 4837 807 4899 ὁποῖος
838 4833 912 4887 ὣν
937 4833 1037 4905 τὴν
1066 4832 1249 4888 οὐσίαν
1292 4832 1552 4903 ὑπάρχει,
1598 4829 1771 4890 οὐδεὶς
1801 4825 1916 4881 πώ-

348 4943 481 4981 ποτε
510 4925 808 4998 ἀνθρώπων
830 4926 991 4995 ἔγνω,
1029 4923 1278 4996 βασιλεὺς
1303 4923 1348 4976 δ’
1373 4917 1459 4975 οἷα
1486 4922 1543 4973 ὲν
1580 4919 1917 4991 ἀπορρήτοις

348 5021 480 5074 εἴσω
514 5023 627 5085 τοῖς
677 5018 841 5073 αὐτοῦ
896 5017 1163 5089 ταμιείοις
1206 5014 1486 5087 ἱδρυμένος
1534 5011 1603 5065 τά
1660 5009 1906 5080 πρακτέα

350 5109 656 5180 βουλεύεται
674 5126 687 5140 ο
728 5112 757 5163 6
783 5108 827 5161 δ’
849 5107 908 5173 ἐξ
947 5105 1108 5162 αὑτοῦ
1138 5105 1313 5172 λόγος,
1340 5097 1429 5156 οἷα
1454 5099 1656 5171 πατρὸς
1696 5097 1754 5165 ἐξ
1784 5097 1911 5151 ἁδύ-

348 5217 458 5255 των
483 5198 668 5272 μυχῶν
695 5198 1085 5270 γεγεννημένος
1111 5199 1219 5261 τοῖς
1246 5193 1401 5257 ἐκτὸς
1428 5195 1560 5248 πᾶσι
1589 5190 1908 5247 καθίσταται

419 5390 481 5452 υΒ
517 5386 614 5442 Ed.
641 5384 841 5439 Paris..
867 5397 986 5454 pag.
1008 5381 1131 5445 1‘27,
1160 5380 1273 5436 19.8.

418 5585 552 5659 (ἣν)
585 5581 1018 5659 νιξικρρῦτωίδ
1129 5649 1178 5659 ..
1254 5648 1265 5659 .

422 5645 546 5730 ζϐΞΪ
564 5656 671 5711 Καὶ
688 5645 876 5709 ’ἒξκόνα
900 5654 1021 5707 add.
1046 5649 1225 5716 codd.;
1254 5648 1389 5702 intra
1415 5647 1569 5718 vulgo
1597 5645 1837 5717 βελτίων.

716 5754 984 5814 Panos.
1018 5750 1135 5809 ῦιι.
1181 5746 1403 5809 XXIV.

2016 4460 2275 4514 adbibere
2308 4459 2517 4515 volebat
2545 4462 2951 4520 similitudinem
2974 4505 2989 4531 ,
3038 4477 3239 4536 quanto
3270 4469 3469 4524 rectius
3502 4469 3571 4534 is,

2018 4551 2083 4604 ad
2137 4550 2280 4605 hunc
2326 4554 2541 4606 modum
2587 4554 2915 4623 protulisset,
2947 4567 3005 4611 ut
3044 4558 3264 4624 diceret,
3303 4566 3362 4625 >14
3403 4561 3571 4616 nostri

2018 4639 2121 4711 logi
2151 4652 2427 4712 parentem
2457 4657 2577 4697 esse
2621 4655 2853 4699 mentem
2873 4687 2889 4712 ,
2918 4663 3035 4717 quae
3077 4648 3344 4705 diversum
3376 4651 3503 4720 quid
3538 4666 3570 4705 a

2017 4732 2134 4801 lngo
2162 4733 2393 4787 exsistit.
2422 4732 2649 4788 Mentem
2680 4736 2823 4789 enim
2851 4752 3011 4792 nemo
3045 4739 3260 4808 quidem
3298 4741 3568 4797 hominum

2018 4826 2166 4880 novit
2212 4842 2332 4894 qua
2370 4826 2469 4893 sit,
2517 4828 2729 4895 qualive
2780 4832 2998 4898 pradita
3043 4832 3114 4886 sit
3163 4834 3433 4890 essentia:
3476 4834 3569 4889 sed

2018 4916 2181 4972 veluti
2214 4917 2430 4986 quidam
2463 4933 2578 4984 rex,
2598 4918 2740 4972 intus
2771 4930 2823 4974 et
2854 4920 2903 4973 in
2938 4921 3161 4976 secretis
3188 4923 3299 4977 suis
3327 4936 3572 4993 recepta-

2018 5009 2151 5065 culis
2196 5010 2460 5076 residens,
2494 5010 2559 5065 de
2605 5011 2762 5066 rebus
2788 5012 3007 5081 agendis
3054 5014 3279 5084 despicit
3314 5026 3369 5069 et
3397 5016 3574 5070 deter-

2016 5098 2225 5153 minat:
2277 5098 2443 5168 ipsius
2481 5110 2657 5154 autem
2692 5100 2874 5169 logos,
2902 5116 2969 5157 ex
3013 5116 3080 5158 co
3117 5103 3412 5173 procedens
3455 5115 3572 5158 tan-

2010 5204 2172 5261 quam
2203 5203 2236 5243 a
2265 5191 2512 5261 genitore
2550 5193 2898 5263 progenitus,
2933 5193 2988 5249 in
3028 5194 3383 5253 abditissitnis
3400 5210 3575 5252 bene-

2094 5570 2225 5643 iﬁ‘l‘)
2253 5570 2419 5642 Vulgo
2449 5584 2558 5628 om.
2576 5572 2698 5641 γάρ.

3222 5728 3302 5789 30
