4086 6202
373 168 472 225 9-H

1297 163 1380 218 DE
1410 162 1944 220 EGCLESIASTICA
2000 162 2394 220 TliEOLOGlA
2443 161 2570 218 LIB.
2613 160 2670 216 11.

3521 168 3626 225 9ιὲ

374 286 470 339 καὶ
502 283 816 351 ἀναγκαίως
862 282 1379 353 ἐπισημαινομένης,
1421 281 1584 346 ὡς’ὲν
1629 284 1804 337 οὐδενὶ
1843 283 1931 335 τῶε

2056 282 2432 349 prophetarum
2490 284 2804 346 exsistebat,
2838 282 2976 350 quod
3022 282 3086 335 ad
3121 282 3405 352 quemlibet
3439 302 3623 342 eorum

371 375 672 451 προφητῶν
697 372 794 446 ἦν,
821 375 954 428 ἀλλὰ
981 374 1098 426 καθ’
1126 374 1355 428 ἕκαστον
1379 376 1647 445 ἐγίγνετο
1673 375 1783 447 (70)
1814 377 1949 447 πρὸς

370 468 434 525 ὃν
468 473 501 542 ἡ
542 470 772 524 ἑκάστου
809 467 1068 539 δύναμις,
1107 467 1193 520 οἵα
1239 485 1297 520 τε
1337 465 1406 540 ἦν
1463 471 1679 540 χωρεῖν,
1714 469 1950 543 προσιὼν

370 565 512 635 αὐτῇ
556 564 649 618 καὶ
678 564 740 632 τῇ
789 560 1018 613 ἑκάστου
1056 559 1200 630 ψυχῇ
1241 560 1300 613 τὸ
1331 562 1661 633 κατάλληλον
1694 562 1948 642 παρέχων

369 651 432 717 ἐξ
467 652 630 706 αὐτοῦ
661 651 870 721 πνεῦμα
899 652 993 704 καὶ
1022 651 1213 722 νοερὰν
1243 653 1463 717 εἰκότως
1492 655 1582 707 ἐπὶ
1618 655 1711 708 τοῦ
1747 657 1948 726 παρόν-

365 761 461 807 τος
492 745 520 796 ὁ
558 743 980 814 εὐαγγελιστὴς,
1034 742 1126 795 τοῦ
1168 745 1342 814 Λόγου
1407 744 1613 816 μέλλων
1663 745 1947 818 εὐαγγελί-

368 822 558 899 ζεσθαι
613 835 941 906 οἰκονομίαν,
996 835 1095 888 οὐκ
1151 835 1227 888 ἔθ’
1274 837 1475 908 ὁμοίως
1533 844 1644 904 τοῖς
1701 843 1949 906 παλαιοῖς

368 931 646 999 γεγονέναι
705 930 865 984 αὐτὸν
928 929 1115 1001 ἕτερόν
1167 927 1278 999 (71)
1341 947 1462 985 τινα
1518 932 1783 998 διδάσκει,
1833 934 1946 986 ἀλλ’

369 1021 531 1076 αὑτὸν
580 1021 756 1091 σάρκα
796 1020 1143 1091 ἀνειληφέναι
1183 1022 1275 1074 καὶ
1306 1021 1590 1094 ἄνθρωπον
1634 1024 1942 1092 γεγονέναι·

372 1108 470 1165 εἴτ’
492 1112 676 1183 ἐπειδὴ
709 1111 806 1183 τὴν
847 1113 928 1174 είς
969 1110 1287 1182 ἀνθρώπους
1329 1111 1494 1166 αὐτοῦ
1536 1116 1800 1187 σωτήριον
1838 1120 1948 1178 τοῖς

370 1205 530 1257 πᾶσιν
565 1203 799 1273 πάροδον
835 1200 1122 1273 κηρύττειν
1154 1202 1399 1272 ἔμελλεν,
1439 1204 1566 1274 ἑξῆς
1602 1204 1794 1273 λέγων,
1835 1207 1944 1259 Καὶ

370 1296 404 1346 ὁ
442 1295 632 1362 Λόγος
668 1293 823 1361 σὰρξ
853 1293 1106 1362 ἐγένετο,
1137 1295 1232 1348 καὶ
1277 1294 1632 1360 ἐσκήνωσεν
1673 1297 1741 1349 ἐν
1779 1298 1942 1366 ἡμῖν,

367 1384 683 1453 ἀναγκαίως
719 1385 810 1438 ἐπὶ
845 1383 941 1456 τὴν
993 1386 1166 1458 ἀρχὴν
1194 1386 1499 1460 ἀνατρέχει,
1545 1384 1634 1440 τὸν
1672 1389 1798 1459 χθὲς
1848 1390 1942 1442 καὶ

366 1475 560 1548 πρώην
600 1475 949 1547 σαρκωθέντα
1001 1478 1171 1546 Λόγον
1216 1478 1299 1541 τίς
1345 1494 1475 1532 ποτε
1521 1476 1587 1552 ἦν
1637 1481 1730 1534 καὶ
1763 1483 1944 1545 ὁποῖος

366 1567 612 1631 δεικνύς·
662 1567 897 1635 θεολογεῖ
924 1585 982 1620 τε
1021 1569 1203 1633 αὐτὸν,
1241 1569 1374 1642 ὁμοῦ
1411 1571 1508 1643 τὴν
1551 1571 1750 1640 γνῶσιν
1782 1573 1942 1626 αὐτοῦ

369 1662 465 1714 καὶ¹
496 1660 594 1731 τὴν
630 1662 709 1721 εἰς
737 1658 1053 1732 ἀνθρώπους
1084 1661 1400 1736 θεοφάνειαν
1439 1664 1938 1736 εὐαγγελιζόμενος,

370 1749 494 1816 εἷθ’,
523 1752 596 1816 ὡς
634 1752 741 1807 τῶν
768 1752 1030 1817 παλαιῶν,
1069 1755 1132 1806 ὲκ
1170 1751 1276 1807 τῶν
1311 1755 1468 1811 θείων
1501 1757 1940 1827 ἀναγνωσμάτων

372 1842 873 1916 προμεμαθηκότων
898 1845 988 1898 τὸν
1016 1845 1099 1914 ἐφ’
1124 1846 1336 1919 ἑκάστῳ
1369 1849 1623 1922 προφήτῃ
1649 1849 1938 1920 γενόμενον

373 1933 564 2002 Λόγον,
610 1935 774 2000 αὐτὸς
817 1936 912 2008 τὴν
963 1936 1239 2008 θειοτέραν
1290 1939 1383 1992 καὶ
1442 1939 1713 2012 ἐξαίρετον
1766 1941 1939 2013 ἀρχὴν

371 2025 534 2078 αὐτοῦ
598 2025 888 2097 κηρύττει,
948 2027 1013 2098 ἢν
1059 2028 1236 2092 οὐδεὶς
1286 2030 1578 2100 προφητῶν
1635 2028 1938 2101 ἀνθρώποις

367 2118 587 2189 γυμνῶς
641 2117 780 2172 οὕτω
857 2121 948 2173 καὶ
1009 2121 1487 2192 ἀπαρακαλύπτως
1548 2122 1789 2194 ἐξέφηνε.
1847 2124 1938 2177 Διὸ

367 2214 579 2284 μεγάλῃ
619 2215 768 2284 φωνῇ
800 2216 910 2278 τοῖς
937 2215 1070 2268 πᾶσι
1099 2213 1158 2267 τὸ
1185 2214 1402 2286 λεληθὸς
1431 2215 1524 2268 καὶ
1556 2215 1782 2288 κρύφιον
1811 2234 1875 2268 πε
1887 2217 1937 2287 ρ),

362 2304 456 2358 τοῦ
497 2306 668 2374 Λόγου
722 2307 1018 2378 μυστήριον
1066 2306 1392 2378 παραδιδοὺς
1442 2308 1568 2361 ἐϐόα
1611 2308 1803 2378 λέγων’
1843 2311 1938 2361 Ἐν

361 2394 520 2464 ἀρχῇ
578 2393 658 2468 ἦν
702 2400 735 2450 ό
780 2397 999 2466 Λόγος,
1054 2399 1150 2452 καὶ
1185 2401 1218 2451 o'
1268 2400 1458 2469 Λόγος
1507 2395 1585 2470 ἦν
1630 2400 1780 2469 πρὸς
1829 2401 1937 2455 τὸν

363 2483 530 2548 Θεὸν,
576 2485 673 2538 καί
723 2485 866 2552 Θεὸς
913 2482 992 2555 ἦν
1032 2489 1063 2539 ό
1102 2487 1311 2554 Λόγος.
1370 2486 1570 2539 Πάντα
1631 2486 1707 2540 δι’
1749 2487 1934 2541 αὐτοῦ

359 2574 618 2646 ἐγένετο,
659 2577 757 2631 καὶ
802 2578 980 2647 χωρὶς
1028 2577 1211 2632 αὐτοῦ
1271 2577 1504 2647 ἐγένετο
1559 2577 1700 2632 οὐδὲ
1741 2579 1828 2632 ἓν.
1872 2581 1932 2631 ΕΞ

361 2666 469 2740 γὰρ
501 2669 651 2740 παρὰ
676 2669 781 2721 τῶν
810 2667 1088 2741 προτέρων
1121 2669 1278 2724 θείων
1312 2670 1539 2742 Γραερῶν
1571 2671 1935 2739 παιδαγωγού-

364 2773 517 2827 μενοι
545 2759 730 2824 πάλαι,
756 2761 1018 2830 πρότερον
1045 2762 1414 2832 μεμαθήκατε,
1435 2761 1616 2831 φησὶν,
1638 2764 1717 2815 ὅτι
1746 2763 1932 2831 Λόγος

359 2849 587 2916 Κυρίου
615 2848 845 2918 ἐγένἠο
889 2851 1024 2921 πρὸς
1053 2851 1201 2904 τόνδε
1231 2851 1320 2904 τὸν
1362 2853 1642 2923 προφήτην
1691 2852 1803 2922 (72)
1841 2853 1932 2904 καὶ

2052 375 2250 443 factum
2278 386 2372 436 est,
2405 384 2461 427 ut
2489 375 2748 443 cujusque
2786 374 2900 442 ejus
2928 389 3094 444 capax
3125 385 3240 430 erat
3273 386 3533 446 potestas,
3568 395 3615 434 et

2052 464 2330 531 cujuslibet
2373 465 2565 518 animae
2616 465 2952 534 suggerebat,
3003 468 3070 520 de
3117 483 3215 522 suo
3271 469 3460 536 spiritu
3490 485 3616 522 con-

2053 557 2376 611 venienter:
2427 567 2484 612 ut
2537 559 2607 610 ita
2657 573 2759 611 non
2812 559 3108 628 incongrue
3156 562 3243 616 hic
3290 562 3622 632 evangelista

2051 649 2267 710 dixerit,
2292 648 2379 702 ubi
2411 648 2570 702 Verbi
2605 649 2746 704 illius
2771 653 3125 704 oeconomiam
3149 661 3268 706 erat
3304 653 3624 716 traditurus,

2052 755 2156 792 non
2207 741 2430 808 perinde
2478 742 2783 794 ordinatum
2842 741 2988 795 illum
3041 759 3220 807 nunc,
3271 753 3433 814 atque
3490 745 3620 798 olim

2050 833 2187 900 apud
2222 831 2472 900 antiquos
2504 831 2640 895 illos,
2673 833 2764 886 sed
2813 847 2997 887 nostro
3038 834 3268 902 quodam
3321 844 3374 889 et
3406 835 3621 891 diverso

2051 922 2230 985 modo,
2253 937 2444 990 ncinpe
2472 937 2632 976 carne
2659 933 2962 993 assumpta,
2985 923 3202 979 homine
3227 922 3399 992 facto;
3426 925 3621 980 deinde

2047 1015 2188 1082 quod
2231 1015 2607 1071 enuntiaturus
2656 1029 2775 1071 erat
2824 1017 2876 1069 in
2925 1018 3280 1086 sequentibus
3324 1017 3616 1072 salutarem

2047 1105 2215 1173 ipsius
2277 1104 2341 1158 ad
2389 1107 2634 1160 homines
2666 1107 2952 1160 adventum
2976 1146 2991 1171 ,
3027 1107 3113 1160 ubi
3150 1107 3256 1173 ait,
3289 1107 3359 1160 Et
3395 1107 3618 1162 Verbum

2045 1211 2168 1248 caro
2209 1195 2403 1262 factum
2455 1207 2552 1259 est,
2587 1208 2633 1250 et
2676 1197 2935 1250 habitavit
2976 1197 3033 1251 in
3076 1199 3222 1251 nobis
3250 1196 3314 1263 ³⁵⁵,
3360 1199 3479 1253 ideo
3509 1214 3614 1253 non

2048 1286 2336 1356 incongrue
2383 1287 2435 1341 in
2489 1289 2754 1358 principio
2807 1289 3040 1344 recurrit
3084 1291 3149 1344 ad
3200 1289 3457 1356 Verbum,
3491 1300 3618 1343 tunc

2047 1393 2216 1446 nuper
2267 1379 2620 1444 incarnatum,
2667 1382 2809 1449 quod
2858 1390 2913 1436 et
2953 1376 3123 1450 'quale
3176 1381 3352 1437 fuerat
3397 1384 3617 1436 demon-

2047 1469 2309 1524 strando:
2347 1470 2452 1524 Deo
2500 1470 2630 1525 illud
2662 1472 2912 1538 ascribit,
2945 1473 3275 1528 annuntians
3317 1474 3474 1528 simul
3503 1473 3618 1541 ejus

2047 1560 2321 1620 deitatem.
2349 1571 2402 1616 et
2432 1563 2498 1616 ad
2525 1563 2771 1618 homines
2792 1564 3081 1618 adventum
3113 1581 3127 1629 ;
3153 1573 3264 1618 tum
3291 1566 3454 1619 etiam
3475 1565 3615 1634 quod

1976 1629 2019 1686 Β
2045 1666 2164 1704 cum
2221 1663 2428 1707 veteres
2460 1653 2749 1710 electione
2790 1655 3194 1724 Scripturarum
3239 1656 3366 1710 olim
3404 1656 3615 1710 didice-

2044 1750 2164 1795 rant
2244 1744 2437 1811 cuique
2489 1746 2762 1813 propbetze
2811 1747 3050 1802 Verbum
3131 1746 3613 1817 superadvenisse,

2041 1833 2156 1902 ipse
2186 1834 2417 1889 divinius
2443 1837 2712 1905 quoddam
2739 1848 2794 1893 et
2838 1839 3194 1893 excellentius
3237 1838 3379 1892 illius
3405 1838 3610 1906 princi»

2041 1925 2184 1993 pium
2216 1936 2479 1981 enarret:
2525 1927 2666 1995 quod
2719 1927 2898 1982 nullus
2949 1943 3184 1997 unquam
3225 1926 3612 1996 prophetarum

2043 2025 2148 2069 tam
2197 2026 2380 2086 aperte
2432 2027 2487 2072 et
2538 2018 2686 2073 clare
2733 2019 3056 2075 enuntiavit.
3106 2019 3373 2086 Quocirca
3434 2018 3610 2071 latens

2041 2107 2166 2162 illud
2205 2118 2258 2163 et
2318 2110 2587 2164 occultum
2633 2111 2698 2165 de
2722 2110 2898 2167 Verbo
2934 2112 3248 2182 mysterium
3297 2126 3418 2164 cum
3453 2108 3615 2163 vellet

2041 2199 2251 2254 tradere
2275 2240 2289 2265 ,
2326 2199 2421 2266 ait,
2473 2200 2538 2254 lu
2575 2200 2832 2270 principio
2862 2210 2974 2254 erat
3016 2199 3261 2263 Verbum,
3293 2207 3342 2252 et
3386 2195 3611 2250 Verbum

2037 2302 2146 2345 erat
2178 2287 2317 2359 apud
2360 2292 2543 2360 Deum,
2582 2303 2630 2348 et
2679 2293 2816 2348 Deus
2859 2303 2969 2348 erat
3005 2291 3250 2346 Verbum.
3295 2289 3485 2346 Omnia
3520 2303 3614 2356 per

2038 2384 2210 2451 ipsum
2255 2384 2397 2453 facta
2423 2393 2567 2448 sunt,
2599 2394 2646 2438 et
2686 2385 2796 2438 sine
2826 2385 2935 2452 ipso
2966 2383 3165 2452 factum
3193 2392 3265 2436 cst
3294 2380 3444 2434 nihil.
3474 2378 3610 2432 Nam

2039 2475 2106 2540 si,
2140 2475 2333 2543 inquit,
2369 2474 2436 2529 ab
2467 2475 2860 2544 antiquissimis
2909 2475 3036 2528 olim
3090 2471 3387 2541 Scripturis
3447 2469 3609 2523 iusti-

2041 2565 2158 2630 tuti,
2189 2566 2317 2619 illud
2353 2564 2641 2632 aliquando
2667 2563 2841 2619 edocti
2869 2563 3048 2631 accepi
3069 2560 3338 2628 utis,quod
3379 2557 3610 2612 Verbum

2038 2657 2249 2711 Domini
2273 2656 2470 2726 factum
2496 2656 2648 2711 sitad
2673 2656 2818 2710 hunc
2870 2655 3214 2725 prophetam,
3237 2662 3293 2708 et
3321 2651 3386 2705 ad
3417 2650 3606 2712 alium,

2036 2757 2196 2814 atque
2234 2746 2303 2799 ita
2332 2747 2585 2815 deinceps
2618 2746 2683 2798 ad
2716 2744 2877 2798 alium
2906 2761 2920 2808 ;
2972 2755 3027 2798 at
3057 2759 3199 2798 nunc
3232 2743 3469 2807 tandem,
3499 2759 3604 2794 non

2036 2838 2484 2906 quemadmodum
2540 2838 2738 2908 factum
2792 2847 2876 2891 est
2904 2835 3138 2892 Verbum
3194 2834 3448 2896 Domini,
3507 2835 3603 2888 sed

360 2938 504 3008 πρὸς
527 2939 712 3011 ἕτερον
741 2940 900 2993 πάλιν
943 2941 1144 3012 ὁμοίως
1191 2942 1443 3012 ἐγένετο,
1474 2943 1567 2996 καὶ
1605 2937 1758 3005 αὖθις
1796 2927 1930 3013 πρὸς

2035 2930 2484 3000 quemadmodum
2525 2941 2638 2984 erat
2684 2931 2736 2983 in
2790 2928 3097 2998 principio,
3153 2941 3377 2981 necesse
3417 2935 3499 2980 est
3545 2936 3606 2979 ut

360 3029 543 3094 ἄλλον,
575 3030 710 3083 ἀλλὰ
745 3031 839 3085 νῦν
868 3032 963 3104 οὐχ
988 3034 1136 3097 ὅπως
1159 3033 1416 3104 ἐγένετο,
1450 3034 1563 3088 ἀλλ’
1587 3035 1732 3097 ὅπως
1770 3030 1848 3105 ἦν
1872 3036 1928 3086 ἐν

363 3122 526 3193 ἀρχῇ,
558 3126 670 3187 τοῖς
703 3127 864 3179 πᾶσιν
893 3126 1182 3193 ἀναγκαῖον
1215 3126 1697 3196 εὐαγγελίσασθαι·
1733 3127 1828 3179 καὶ
1855 3127 1928 3190 ὡς

363 3211 508 3279 Θεὸς
546 3209 642 3284 ἦν,
688 3216 780 3270 καὶ
831 3217 905 3280 ὡς
951 3217 1147 3271 πάντα
1197 3218 1271 3271 δι’
1315 3218 1500 3272 αὐτοῦ
1537 3218 1792 3286 ἐγένετο,
1834 3220 1930 3270 καὶ

359 3302 435 3368 ὡς
479 3304 641 3370 αὐτὸς
695 3307 899 3372 ἐκεῖνος
935 3310 963 3361 ὁ
1016 3309 1146 3373 Θεὸς
1185 3309 1386 3377 Λόγος,
1434 3309 1499 3361 δι’
1549 3305 1608 3362 οὗ
1645 3309 1713 3363 τὰ
1751 3310 1928 3364 πάντα

356 3394 731 3467 φιλανθρωπίᾳ
759 3397 850 3451 τοῦ
890 3400 1101 3470 Πατρὸς
1164 3399 1319 3469 σὰρξ
1350 3399 1585 3468 ἐγένετο,
1629 3401 1723 3454 καὶ
1761 3402 1926 3472 ἐσκή-

353 3501 524 3540 νωσεν
564 3488 621 3540 ἐν
653 3489 802 3558 ἡμῖν.
845 3489 1005 3542 Ταῦτ’
1058 3489 1438 3561 εὐηγγελίζετο
1486 3491 1736 3562 Ἰωάννης
1768 3493 1797 3544 ὁ
1828 3492 1925 3562 μέ·-

354 3592 457 3644 γας
505 3577 597 3630 τοῦ
645 3580 878 3650 Χριστοῦ
929 3583 1172 3654 μαθητὴς
1210 3585 1303 3637 καὶ
1336 3584 1666 3650 ἀπόστολος,
1715 3584 1784 3638 τὰ
1829 3586 1925 3638 νέα

357 3667 452 3720 καὶ
483 3669 639 3722 καινὰ
675 3670 769 3723 τοῦ
821 3674 1069 3744 Σωτῆρος
1111 3675 1376 3728 παιδεύων
1426 3676 1668 3740 ἅπαντας
1695 3677 1926 3748 ,ἀνθρώ-

359 3774 490 3822 πους
532 3762 830 3832 μυστήρια,
875 3763 969 3832 οὐχ
1009 3767 1090 3818 ὅτι
1123 3765 1336 3834 λογικὸς
1366 3763 1434 3838 ἦν
1461 3769 1490 3820 ό
1529 3768 1682 3831 Θεὸς,
1707 3768 1814 3821 οὐδ’
1842 3768 1922 3821 ὅτι

354 3849 515 3913 αὐτὸς
546 3851 681 3922 πρὸς
703 3853 891 3906 ἑαυτὸν
918 3853 1186 3919 διενοεῖτο,
1215 3859 1309 3910 καὶ
1330 3857 1505 3927 ἑαυτῷ
1532 3859 1920 3930 προδιελέγετο,

351 3941 702 4012 Ποιήσωμεν
764 3944 1094 4012 ἄνθρωπον,
1148 3950 1359 4018 λέγων’
1419 3949 1528 4002 οὐδ’
1595 3951 1676 4004 ὅτι
1745 3951 1923 4018 λόγοις

351 4037 612 4108 κέχρηται
633 4042 742 4104 τοῖς
770 4042 877 4096 τῶν
908 4044 1192 4114 πρακτέων
1239 4043 1710 4114 παραγγελτικοίς.
1737 4043 1920 4095 Ταῦτα

350 4127 457 4199 γὰρ
489 4130 600 4200 (75)
630 4133 738 4196 πᾶς
760 4133 1086 4205 ἀρνούμενος
1120 4136 1209 4188 τὸν
1239 4135 1362 4189 Υίὸν
1389 4134 1482 4188 τοῦ
1507 4133 1638 4187 Θεοῦ
1661 4135 1800 4188 εἴποι
1831 4134 1917 4198 ἂν,

347 4219 376 4271 ὃ
427 4221 490 4292 δὴ
525 4224 618 4276 καὶ
677 4227 986 4298 Μάρκελλος
1036 4228 1224 4290 ποιῶν,
1271 4228 1346 4291 ὡς
1391 4227 1480 4281 ἐπὶ
1535 4228 1919 4299 κρησφύγητον

2033 3022 2468 3090 evaugt-lizetur:
2502 3033 2555 3077 et
2603 3023 2874 3092 quomodo
2923 3020 3060 3088 Deus
3105 3029 3255 3083 erat,
3293 3027 3346 3071 et
3371 3018 3604 3088 qualiter

2031 3114 2205 3167 omnia
2235 3129 2326 3178 per
2351 3113 2498 3166 illum
2528 3113 2671 3183 [acta
2696 3120 2840 3172 sunt,
2887 3121 2940 3166 et
2967 3111 3108 3180 quod
3140 3110 3252 3178 ipse
3283 3110 3442 3171 Deus,
3473 3107 3602 3162 Ver-

2029 3205 2152 3260 bum
2189 3206 2336 3270 illud,
2367 3223 2461 3276 per
2489 3221 2650 3275 quem
2696 3205 2878 3260 omnia
2935 3205 3074 3258 facta
3123 3212 3270 3267 sunt,
3312 3218 3343 3257 e
3376 3212 3599 3270 paterna

2029 3295 2400 3349 misericordia
2437 3312 2560 3348 caro
2599 3295 2736 3350 facta
2771 3296 2870 3358 sit,
2908 3305 2964 3348 et
3009 3293 3059 3346 in
3104 3294 3256 3346 nobis
3311 3290 3600 3344 habitavit.

2033 3393 2090 3450 >11
2125 3387 2247 3440 Haec
2278 3384 2511 3440 Joannes
2557 3385 2646 3438 ille
2685 3399 2912 3454 magnus
2958 3383 3159 3438 Christi
3202 3381 3498 3450 discipulus
3544 3391 3601 3435 et

2029 3475 2302 3544 apostolus
2348 3474 2773 3542 evangelizavit:
2823 3488 3010 3527 omnes
3060 3472 3276 3540 quidem
3352 3471 3601 3525 homines

2025 3567 2258 3622 edocens
2294 3581 2427 3621 nova
2459 3577 2513 3621 et
2557 3581 2757 3635 nupera
2808 3563 3115 3619 Servatoris
3159 3563 3451 3631 mysteria,
3487 3578 3590 3616 non

2025 3658 2164 3728 quod
2198 3669 2316 3713 erat
2345 3659 2484 3712 Deus
2534 3658 2743 3711 ratione
2797 3656 3052 3725 praeditus
3077 3694 3096 3720 ,
3129 3669 3234 3708 non
3284 3653 3426 3722 qttod
3473 3653 3589 3719 ipse

2025 3751 2162 3820 apud
2216 3765 2273 3805 se
2315 3751 2571 3820 cogitavit
2621 3759 2674 3805 et
2704 3764 2887 3805 secum
2921 3747 3220 3803 collocutus
3267 3745 3360 3808 sit,
3390 3741 3590 3794 Facia-

2024 3861 2137 3898 mus
2173 3845 2473 3907 hominem,
2513 3843 2758 3914 inquiens
2784 3881 2798 3906 ,
2832 3855 2932 3896 nec
2965 3845 3106 3909 quod
3141 3836 3320 3893 verbis
3367 3837 3438 3890 sit
3467 3849 3596 3888 usus

2024 3953 2201 3990 rerum
2233 3937 2589 4006 gerendarum
2626 3934 3019 3990 admonitoriis.
3064 3932 3168 3986 Ista
3210 3930 3351 3985 enim
3395 3927 3592 3997 quivis.

2022 4029 2111 4096 qui
2147 4027 2241 4081 Dei
2273 4027 2462 4081 Filium
2495 4028 2821 4095 abnegaret,
2864 4026 3045 4080 dicere
3089 4031 3306 4093 posset,
3333 4019 3591 4088 quemad-

2023 4119 2238 4173 modum
2285 4129 2340 4173 et
2387 4117 2673 4172 Marcellus
2715 4116 3134 4186 deprehenditur
3204 4112 3427 4176 fecisse,
3501 4110 3590 4179 qui

2023 4220 2278 4279 tanquam
2306 4210 2369 4263 ad
2398 4208 2662 4278 refugium
2687 4208 2954 4276 quoddam
2987 4221 3045 4260 se
3073 4206 3140 4258 ad
3173 4212 3413 4258 veterem
3445 4199 3594 4255 Scri-

347 4311 439 4364 ἐπὶ
462 4312 559 4384 τὴν
588 4295 821 4370 παλαιάν
870 4319 1197 4387 καταφεύγει
1226 4318 1468 4389 Γραφὴν,
1495 4295 1588 4371 καί
1623 4295 1704 4371 τά
1722 4295 1917 4388 νηπιά-

2034 4312 2230 4368 aturant
2266 4303 2531 4356 convertit
2554 4345 2567 4365 ,
2602 4316 2830 4369 quaeque
2878 4297 3242 4352 infantissimo
3281 4295 3588 4349 Judtcorunt

347 4400 490 4465 ζοντι
521 4405 600 4475 τῷ
634 4406 744 4478 (74)
795 4409 1058 4464 Ἰουδαίων
1101 4410 1215 4480 λαῷ
1246 4411 1376 4481 περὶ
1404 4409 1498 4463 τοῦ
1532 4408 1604 4481 μὴ
1633 4408 1913 4462 εἰδωλολα-

343 4496 513 4562 τρεῖν,
540 4495 634 4547 ἕνα
661 4496 716 4548 δὲ
741 4498 897 4567 μόνον
945 4499 1139 4553 εἰδέναι
1172 4517 1232 4552 τε
1275 4501 1369 4553 καὶ
1402 4499 1576 4552 σέϐειν
1606 4499 1737 4552 Θεὸν
1771 4518 1911 4571 παρ-

341 4584 652 4655 ηγγελμένα
707 4591 957 4659 συνάγειν
1007 4594 1279 4664 πειρᾶται.
1317 4592 1483 4646 Ἔνθα
1517 4591 1610 4645 καὶ
1649 4593 1913 4664 ηὑρόησεν

339 4671 490 4742 αὐτῷ
530 4676 561 4744 ἡ
608 4677 735 4747 περὶ
772 4679 863 4731 τοῦ
907 4681 1022 4745 ἑνὸς
1064 4681 1197 4734 Θεοῦ
1245 4682 1594 4745 διδασκαλία,
1629 4683 1911 4753 χρησίμως

338 4767 594 4819 τότεσκαὶ
652 4772 792 4824 κατᾶ
843 4774 1030 4846 καιρὸν
1105 4774 1578 4846 εἰδωλολατροῦσιν
1640 4776 1908 4838 Ἰουδαίοις

335 4859 768 4932 παραδεδομένη.
823 4867 931 4919 Καὶ
985 4866 1047 4938 δὴ
1099 4867 1330 4919 ἐνταῦθα
1397 4865 1746 4934 καταφυγὼν,
1814 4867 1906 4919 καὶ

333 4947 524 5017 ὥσπερ
564 4954 623 5004 ἐν
653 4954 966 5026 ὀχυρώματι
998 4959 1186 5012 ἑαυτὸν
1218 4961 1285 5028 τῇ
1323 4958 1584 5027 Ἰουδαῖκῇ
1638 4959 1903 5029 περιφρά-

333 5037 432 5102 ξας
493 5045 924 5118 σκληροκαρδίᾳ,
972 5047 1070 5118 τὴν
1119 5047 1343 5118 ἄρνησιν
1397 5045 1761 5116 προύϐάλλετο
1812 5047 1903 5099 τοῦ

331 5135 464 5190 Υἱοῦ
502 5138 594 5191 τοῦ
620 5138 775 5192 Θεοῦ.

409 5347 470 5408 ὦ
502 5343 598 5398 Ed.
637 5343 836 5408 Paris.,
863 5359 986 5416 pag.
1015 5345 1138 5400 159.
1205 5343 1414 5399 “Joan.
1464 5359 1500 5412 ι,
1539 5342 1625 5399 li.

404 5498 516 5572 (70)
546 5499 732 5572 Vulgo
747 5501 882 5572 πρὸς
911 5501 952 5558 ὅ.

397 5570 509 5642 (Il)
543 5571 684 5642 ᾘρὸς
713 5570 896 5642 ἕτερον
941 5572 1002 5623 li.

397 5641 509 5715 (72)
543 5640 705 5710 Vulgo
731 5640 876 5694 τόνδε
915 5642 1214 5712 προφήτην.

2021 4391 2215 4462 pepulo
2243 4391 2434 4445 tradita
2460 4391 2729 4458 quondam
2775 4389 3022 4448 fuerant,
3061 4390 3126 4441 de
3159 4401 3262 4440 non
3300 4384 3589 4437 adorandis

2022 4483 2195 4546 idolis,
2240 4481 2334 4536 sed
2373 4482 2460 4536 uni
2514 4481 2620 4535 Deo
2666 4481 3064 4552 cognoscendo,
3110 4477 3500 4544 serviendoqne
3533 4475 3586 4528 in

2020 4586 2183 4625 unum
2219 4575 2434 4640 coegit:
2471 4570 2558 4624 ubi
2603 4571 2846 4624 doctrina
2892 4572 2958 4625 de
3008 4569 3117 4624 Deo
3165 4567 3278 4622 solo
3309 4575 3362 4621 et
3391 4581 3496 4620 uno
3536 4565 3583 4618 ei

2018 4663 2279 4717 successit
2303 4662 2534 4727 abunde,
2563 4670 2746 4728 utpote
2776 4676 2895 4730 qua:
2942 4661 3149 4715 utiliter
3192 4657 3500 4722 admodum,
3531 4667 3585 4710 et

2015 4763 2316 4822 opportune
2333 4752 2624 4810 idololatris
2645 4752 2842 4806 Judteis
2863 4753 3190 4805 tradebatur.
3211 4749 3326 4814 Quo
3349 4749 3434 4802 ille
3464 4762 3582 4802 sese

2014 4844 2317 4907 conferens,
2353 4855 2407 4898 et
2431 4843 2652 4898 Judaica
2705 4844 2887 4898 cordis
2917 4843 3136 4908 duritia,
3169 4841 3332 4896 veluti
3376 4840 3580 4894 munito

2009 4937 2240 5008 quodam
2288 4938 2688 5005 propugnaculo
2721 4937 2978 5003 vallatus,
3005 4937 3071 4992 ad
3111 4935 3304 4991 Filium
3351 4935 3444 4990 Dei
3482 4950 3579 4986 ne-

2009 5027 2237 5100 gandum
2267 5028 2552 5098 processit.

2073 5496 2184 5565 (75)
2217 5494 2387 5563 Vulgo
2417 5510 2518 5566 om.
2548 5493 2651 5566 γάρ

2067 5564 2177 5636 (74)
2207 5567 2369 5634 Vulgo
2395 5564 2520 5619 τῶν.
