  <div class='ocr_page' id='page_1' title='image "/cluster/home/n/w/nwhite01/storage/ocr_20150623/24/hvd.32044073501801/482.png"; bbox 0 0 4086 6202; ppageno 0'>
   <div class='ocr_carea' id='block_1_1' title="bbox 379 414 489 474">
    <p class='ocr_par' dir='ltr' id='par_1_1' title="bbox 379 414 489 474">
     <span class='ocr_line' id='line_1_1' title="bbox 379 414 489 474; baseline 0.027 -3"><span class='ocrx_word' id='word_1_1' title='bbox 379 414 489 474; x_wconf 62' lang='grc' dir='ltr'><strong><em>εδδ</em></strong></span> 
     </span>
    </p>
   </div>
   <div class='ocr_carea' id='block_1_2' title="bbox 1316 413 2674 481">
    <p class='ocr_par' dir='ltr' id='par_1_2' title="bbox 1316 413 2674 481">
     <span class='ocr_line' id='line_1_2' title="bbox 1316 413 2674 481; baseline 0.008 -11"><span class='ocrx_word' id='word_1_2' title='bbox 1316 413 1405 471; x_wconf 85' lang='lat' dir='ltr'><strong><em>DE</em></strong></span> <span class='ocrx_word' id='word_1_3' title='bbox 1456 417 1981 476; x_wconf 78' lang='lat' dir='ltr'><strong><em>ECCLESIASTICA</em></strong></span> <span class='ocrx_word' id='word_1_4' title='bbox 2021 420 2422 481; x_wconf 60' lang='lat' dir='ltr'><strong><em>&#39;l&#39;liEOILOGlA‘.</em></strong></span> <span class='ocrx_word' id='word_1_5' title='bbox 2446 425 2572 480; x_wconf 74' lang='lat' dir='ltr'><strong><em>LIB.</em></strong></span> <span class='ocrx_word' id='word_1_6' title='bbox 2613 425 2674 481; x_wconf 81' lang='lat' dir='ltr'><strong><em>ll.</em></strong></span> 
     </span>
    </p>
   </div>
   <div class='ocr_carea' id='block_1_3' title="bbox 3523 434 3653 495">
    <p class='ocr_par' dir='ltr' id='par_1_3' title="bbox 3523 434 3653 495">
     <span class='ocr_line' id='line_1_3' title="bbox 3523 434 3653 495; baseline 0.015 -2"><span class='ocrx_word' id='word_1_7' title='bbox 3523 434 3653 495; x_wconf 58' lang='grc' dir='ltr'>εισι</span> 
     </span>
    </p>
   </div>
   <div class='ocr_carea' id='block_1_4' title="bbox 387 531 1965 614">
    <p class='ocr_par' dir='ltr' id='par_1_4' title="bbox 387 531 1965 605">
     <span class='ocr_line' id='line_1_4' title="bbox 387 531 1965 605; baseline 0.001 -16"><span class='ocrx_word' id='word_1_8' title='bbox 387 554 409 589; x_wconf 81' lang='lat' dir='ltr'><strong><em>s</em></strong></span> <span class='ocrx_word' id='word_1_9' title='bbox 450 552 594 601; x_wconf 89' lang='grc' dir='ltr'>σου,</span> <span class='ocrx_word' id='word_1_10' title='bbox 622 534 691 600; x_wconf 80' lang='grc' dir='ltr'><strong><em>ἐξ</em></strong></span> <span class='ocrx_word' id='word_1_11' title='bbox 714 533 862 603; x_wconf 76' lang='grc' dir='ltr'>ὅλης</span> <span class='ocrx_word' id='word_1_12' title='bbox 882 531 993 602; x_wconf 80' lang='grc' dir='ltr'>τῆς</span> <span class='ocrx_word' id='word_1_13' title='bbox 1047 531 1257 603; x_wconf 69' lang='grc' dir='ltr'>ψυχῆς</span> <span class='ocrx_word' id='word_1_14' title='bbox 1282 532 1394 605; x_wconf 68' lang='grc' dir='ltr'><strong><em>(8Ξ)</em></strong></span> <span class='ocrx_word' id='word_1_15' title='bbox 1426 550 1563 598; x_wconf 91' lang='grc' dir='ltr'>σου,</span> <span class='ocrx_word' id='word_1_16' title='bbox 1592 536 1689 590; x_wconf 76' lang='grc' dir='ltr'>καὶ</span> <span class='ocrx_word' id='word_1_17' title='bbox 1729 537 1798 602; x_wconf 79' lang='grc' dir='ltr'><strong><em>ἐξ</em></strong></span> <span class='ocrx_word' id='word_1_18' title='bbox 1820 537 1965 605; x_wconf 73' lang='grc' dir='ltr'>ὅλης</span> 
     </span>
    </p>
   </div>
   <div class='ocr_carea' id='block_1_5' title="bbox 2067 531 3622 614">
    <p class='ocr_par' dir='ltr' id='par_1_5' title="bbox 2075 538 3622 614">
     <span class='ocr_line' id='line_1_5' title="bbox 2075 538 3622 614; baseline 0.012 -24"><span class='ocrx_word' id='word_1_19' title='bbox 2075 556 2092 589; x_wconf 86' lang='grc' dir='ltr'><strong><em>ι</em></strong></span> <span class='ocrx_word' id='word_1_20' title='bbox 2132 538 2274 593; x_wconf 79' lang='grc' dir='ltr'>Λιιάὲ</span> <span class='ocrx_word' id='word_1_21' title='bbox 2304 538 2495 608; x_wconf 91' lang='lat' dir='ltr'><strong><em>Israel,</em></strong></span> <span class='ocrx_word' id='word_1_22' title='bbox 2529 541 2786 597; x_wconf 87' lang='lat' dir='ltr'><strong><em>Dominus</em></strong></span> <span class='ocrx_word' id='word_1_23' title='bbox 2819 543 2958 599; x_wconf 91' lang='lat' dir='ltr'><strong><em>Deus</em></strong></span> <span class='ocrx_word' id='word_1_24' title='bbox 2989 555 3183 613; x_wconf 85' lang='lat' dir='ltr'><strong><em>noster,</em></strong></span> <span class='ocrx_word' id='word_1_25' title='bbox 3212 547 3352 603; x_wconf 85' lang='lat' dir='ltr'><strong><em>Deus</em></strong></span> <span class='ocrx_word' id='word_1_26' title='bbox 3378 566 3509 605; x_wconf 87' lang='lat' dir='ltr'><strong><em>unus</em></strong></span> <span class='ocrx_word' id='word_1_27' title='bbox 3528 564 3622 614; x_wconf 85' lang='lat' dir='ltr'><strong><em>est.</em></strong></span> 
     </span>
    </p>
   </div>
   <div class='ocr_carea' id='block_1_6' title="bbox 385 626 1963 698">
    <p class='ocr_par' dir='ltr' id='par_1_6' title="bbox 385 626 1963 698">
     <span class='ocr_line' id='line_1_6' title="bbox 385 626 1963 698; baseline -0.001 -15"><span class='ocrx_word' id='word_1_28' title='bbox 385 648 407 683; x_wconf 75' lang='grc' dir='ltr'><strong><em>ι</em></strong></span> <span class='ocrx_word' id='word_1_29' title='bbox 443 628 557 698; x_wconf 82' lang='grc' dir='ltr'>τῆς</span> <span class='ocrx_word' id='word_1_30' title='bbox 570 628 781 697; x_wconf 77' lang='grc' dir='ltr'>ἰσχύος</span> <span class='ocrx_word' id='word_1_31' title='bbox 803 642 940 681; x_wconf 91' lang='grc' dir='ltr'>σου.</span> <span class='ocrx_word' id='word_1_32' title='bbox 955 626 1117 693; x_wconf 78' lang='grc' dir='ltr'>Αὕτη</span> <span class='ocrx_word' id='word_1_33' title='bbox 1138 626 1358 693; x_wconf 77' lang='grc' dir='ltr'>πρώτη’</span> <span class='ocrx_word' id='word_1_34' title='bbox 1389 626 1490 679; x_wconf 76' lang='grc' dir='ltr'>καὶ</span> <span class='ocrx_word' id='word_1_35' title='bbox 1521 626 1769 696; x_wconf 88' lang='grc' dir='ltr'>δευτέρα</span> <span class='ocrx_word' id='word_1_36' title='bbox 1790 630 1963 697; x_wconf 81' lang='grc' dir='ltr'>ὁμοία</span> 
     </span>
    </p>
   </div>
   <div class='ocr_carea' id='block_1_7' title="bbox 388 717 1963 790">
    <p class='ocr_par' dir='ltr' id='par_1_7' title="bbox 388 717 1963 790">
     <span class='ocr_line' id='line_1_7' title="bbox 388 717 1963 790; baseline -0.001 -16"><span class='ocrx_word' id='word_1_37' title='bbox 388 740 407 774; x_wconf 88' lang='lat' dir='ltr'><strong><em>s</em></strong></span> <span class='ocrx_word' id='word_1_38' title='bbox 444 723 649 789; x_wconf 53' lang='grc' dir='ltr'>ταύτῃ</span> <span class='ocrx_word' id='word_1_39' title='bbox 670 717 1014 790; x_wconf 64' lang='grc' dir='ltr'>Ἀγαπήσεις</span> <span class='ocrx_word' id='word_1_40' title='bbox 1024 717 1130 772; x_wconf 83' lang='grc' dir='ltr'><strong><em>τὸν</em></strong></span> <span class='ocrx_word' id='word_1_41' title='bbox 1148 719 1415 786; x_wconf 76' lang='grc' dir='ltr'><strong><em>πλησίον</em></strong></span> <span class='ocrx_word' id='word_1_42' title='bbox 1443 719 1653 786; x_wconf 87' lang='grc' dir='ltr'>σουὼς</span> <span class='ocrx_word' id='word_1_43' title='bbox 1680 721 1963 775; x_wconf 83' lang='grc' dir='ltr'>σεαυτόν.</span> 
     </span>
    </p>
   </div>
   <div class='ocr_carea' id='block_1_8' title="bbox 390 806 1963 879">
    <p class='ocr_par' dir='ltr' id='par_1_8' title="bbox 390 806 1963 879">
     <span class='ocr_line' id='line_1_8' title="bbox 390 806 1963 879; baseline -0.001 -14"><span class='ocrx_word' id='word_1_44' title='bbox 390 833 411 865; x_wconf 80' lang='lat' dir='ltr'><strong><em>s</em></strong></span> <span class='ocrx_word' id='word_1_45' title='bbox 430 870 431 873; x_wconf 32' lang='grc' dir='ltr'><strong><em>η</em></strong></span> <span class='ocrx_word' id='word_1_46' title='bbox 451 812 671 875; x_wconf 76' lang='grc' dir='ltr'>Μείζων</span> <span class='ocrx_word' id='word_1_47' title='bbox 710 812 937 866; x_wconf 82' lang='grc' dir='ltr'>τούτων</span> <span class='ocrx_word' id='word_1_48' title='bbox 965 810 1126 878; x_wconf 72' lang='grc' dir='ltr'><strong><em>ἄλλη</em></strong></span> <span class='ocrx_word' id='word_1_49' title='bbox 1154 809 1375 879; x_wconf 76' lang='grc' dir='ltr'>ἐντολὴ</span> <span class='ocrx_word' id='word_1_50' title='bbox 1405 812 1516 864; x_wconf 86' lang='grc' dir='ltr'>οὐκ</span> <span class='ocrx_word' id='word_1_51' title='bbox 1548 812 1701 865; x_wconf 78' lang='grc' dir='ltr'>ἐστι.</span> <span class='ocrx_word' id='word_1_52' title='bbox 1746 812 1856 865; x_wconf 83' lang='lat' dir='ltr'><strong><em>Ka‘t</em></strong></span> <span class='ocrx_word' id='word_1_53' title='bbox 1886 806 1963 865; x_wconf 74' lang='grc' dir='ltr'><strong><em>εἷ-</em></strong></span> 
     </span>
    </p>
   </div>
   <div class='ocr_carea' id='block_1_9' title="bbox 392 902 1966 976">
    <p class='ocr_par' dir='ltr' id='par_1_9' title="bbox 392 902 1966 976">
     <span class='ocr_line' id='line_1_9' title="bbox 392 902 1966 976; baseline 0 -18"><span class='ocrx_word' id='word_1_54' title='bbox 392 926 412 958; x_wconf 83' lang='lat' dir='ltr'><strong><em>s</em></strong></span> <span class='ocrx_word' id='word_1_55' title='bbox 442 923 541 959; x_wconf 83' lang='grc' dir='ltr'><strong><em>πεν</em></strong></span> <span class='ocrx_word' id='word_1_56' title='bbox 579 903 722 976; x_wconf 76' lang='grc' dir='ltr'>αὐτῷ</span> <span class='ocrx_word' id='word_1_57' title='bbox 755 906 785 959; x_wconf 84' lang='grc' dir='ltr'>ὁ</span> <span class='ocrx_word' id='word_1_58' title='bbox 815 902 1198 975; x_wconf 83' lang='grc' dir='ltr'>γραμματεύς·</span> <span class='ocrx_word' id='word_1_59' title='bbox 1239 902 1469 970; x_wconf 74' lang='grc' dir='ltr'>Καλῶς,</span> <span class='ocrx_word' id='word_1_60' title='bbox 1492 902 1842 963; x_wconf 74' lang='grc' dir='ltr'>διδάσκαλε.</span> <span class='ocrx_word' id='word_1_61' title='bbox 1868 904 1966 958; x_wconf 71' lang='grc' dir='ltr'><strong><em>ἐπ’</em></strong></span> 
     </span>
    </p>
   </div>
   <div class='ocr_carea' id='block_1_10' title="bbox 394 991 1963 1066">
    <p class='ocr_par' dir='ltr' id='par_1_10' title="bbox 394 991 1963 1066">
     <span class='ocr_line' id='line_1_10' title="bbox 394 991 1963 1066; baseline 0.002 -16"><span class='ocrx_word' id='word_1_62' title='bbox 394 1016 413 1050; x_wconf 82' lang='lat' dir='ltr'><strong><em>s</em></strong></span> <span class='ocrx_word' id='word_1_63' title='bbox 450 998 729 1066; x_wconf 77' lang='grc' dir='ltr'><strong><em>ἀληθείας</em></strong></span> <span class='ocrx_word' id='word_1_64' title='bbox 778 993 971 1064; x_wconf 83' lang='grc' dir='ltr'>εἴπας,</span> <span class='ocrx_word' id='word_1_65' title='bbox 1014 996 1105 1050; x_wconf 85' lang='grc' dir='ltr'><strong><em>ὅτι</em></strong></span> <span class='ocrx_word' id='word_1_66' title='bbox 1147 991 1236 1063; x_wconf 83' lang='grc' dir='ltr'>εἷς</span> <span class='ocrx_word' id='word_1_67' title='bbox 1281 996 1507 1051; x_wconf 75' lang='grc' dir='ltr'>ἐστινὸ</span> <span class='ocrx_word' id='word_1_68' title='bbox 1537 996 1682 1063; x_wconf 87' lang='grc' dir='ltr'><strong><em>Θεὸς</em></strong></span> <span class='ocrx_word' id='word_1_69' title='bbox 1710 996 1809 1052; x_wconf 77' lang='grc' dir='ltr'>καὶ</span> <span class='ocrx_word' id='word_1_70' title='bbox 1851 999 1963 1053; x_wconf 74' lang='grc' dir='ltr'>οὐκ</span> 
     </span>
    </p>
   </div>
   <div class='ocr_carea' id='block_1_11' title="bbox 396 1088 1964 1161">
    <p class='ocr_par' dir='ltr' id='par_1_11' title="bbox 396 1088 1964 1161">
     <span class='ocr_line' id='line_1_11' title="bbox 396 1088 1964 1161; baseline 0.002 -20"><span class='ocrx_word' id='word_1_71' title='bbox 396 1110 417 1141; x_wconf 80' lang='grc' dir='ltr'><strong><em>ι</em></strong></span> <span class='ocrx_word' id='word_1_72' title='bbox 445 1093 573 1146; x_wconf 81' lang='grc' dir='ltr'>ἐστι</span> <span class='ocrx_word' id='word_1_73' title='bbox 600 1089 770 1159; x_wconf 75' lang='grc' dir='ltr'><strong><em>πλὴν</em></strong></span> <span class='ocrx_word' id='word_1_74' title='bbox 800 1089 1009 1144; x_wconf 84' lang='grc' dir='ltr'>αὑτοῦ.</span> <span class='ocrx_word' id='word_1_75' title='bbox 1049 1088 1188 1143; x_wconf 80' lang='grc' dir='ltr'><strong><em>Ἀλλ’</em></strong></span> <span class='ocrx_word' id='word_1_76' title='bbox 1234 1090 1263 1143; x_wconf 85' lang='grc' dir='ltr'>ὁ</span> <span class='ocrx_word' id='word_1_77' title='bbox 1308 1088 1406 1160; x_wconf 79' lang='grc' dir='ltr'><strong><em>μὲν</em></strong></span> <span class='ocrx_word' id='word_1_78' title='bbox 1452 1090 1833 1161; x_wconf 85' lang='grc' dir='ltr'>γραμματεὺς,</span> <span class='ocrx_word' id='word_1_79' title='bbox 1875 1089 1964 1144; x_wconf 78' lang='grc' dir='ltr'>διὰ</span> 
     </span>
    </p>
   </div>
   <div class='ocr_carea' id='block_1_12' title="bbox 396 1179 1959 1255">
    <p class='ocr_par' dir='ltr' id='par_1_12' title="bbox 396 1179 1959 1255">
     <span class='ocr_line' id='line_1_12' title="bbox 396 1179 1959 1255; baseline 0.001 -22"><span class='ocrx_word' id='word_1_80' title='bbox 396 1180 539 1255; x_wconf 17' lang='grc' dir='ltr'><strong><em>ιθτοῦ</em></strong></span> <span class='ocrx_word' id='word_1_81' title='bbox 565 1180 734 1251; x_wconf 86' lang='grc' dir='ltr'>νόμου</span> <span class='ocrx_word' id='word_1_82' title='bbox 772 1182 872 1251; x_wconf 75' lang='grc' dir='ltr'><strong><em>τὴν</em></strong></span> <span class='ocrx_word' id='word_1_83' title='bbox 900 1181 1011 1251; x_wconf 82' lang='lat'><strong><em>(85)</em></strong></span> <span class='ocrx_word' id='word_1_84' title='bbox 1040 1179 1346 1233; x_wconf 79' lang='grc' dir='ltr'>θεοσέϐειαν</span> <span class='ocrx_word' id='word_1_85' title='bbox 1374 1179 1748 1251; x_wconf 81' lang='grc' dir='ltr'><strong><em>μεμαθηκέναι</em></strong></span> <span class='ocrx_word' id='word_1_86' title='bbox 1768 1180 1959 1246; x_wconf 85' lang='grc' dir='ltr'><strong><em>δοκῶν,</em></strong></span> 
     </span>
    </p>
   </div>
   <div class='ocr_carea' id='block_1_13' title="bbox 394 1273 1960 1346">
    <p class='ocr_par' dir='ltr' id='par_1_13' title="bbox 394 1273 1960 1346">
     <span class='ocr_line' id='line_1_13' title="bbox 394 1273 1960 1346; baseline 0 -18"><span class='ocrx_word' id='word_1_87' title='bbox 394 1294 413 1328; x_wconf 83' lang='lat' dir='ltr'><strong><em>s</em></strong></span> <span class='ocrx_word' id='word_1_88' title='bbox 445 1274 684 1329; x_wconf 77' lang='grc' dir='ltr'>ἐπαινῶν</span> <span class='ocrx_word' id='word_1_89' title='bbox 717 1274 779 1328; x_wconf 88' lang='grc' dir='ltr'><strong><em>τὸ</em></strong></span> <span class='ocrx_word' id='word_1_90' title='bbox 807 1273 901 1328; x_wconf 81' lang='grc' dir='ltr'>τοῦ</span> <span class='ocrx_word' id='word_1_91' title='bbox 930 1274 1181 1346; x_wconf 78' lang='grc' dir='ltr'><strong><em>Σωτῆρος</em></strong></span> <span class='ocrx_word' id='word_1_92' title='bbox 1226 1273 1386 1344; x_wconf 79' lang='grc' dir='ltr'>ῥητὸν</span> <span class='ocrx_word' id='word_1_93' title='bbox 1418 1273 1686 1342; x_wconf 79' lang='grc' dir='ltr'>φαίνεται,</span> <span class='ocrx_word' id='word_1_94' title='bbox 1733 1275 1960 1339; x_wconf 80' lang='grc' dir='ltr'>Ἄκουε,</span> 
     </span>
    </p>
   </div>
   <div class='ocr_carea' id='block_1_14' title="bbox 395 1357 1963 1434">
    <p class='ocr_par' dir='ltr' id='par_1_14' title="bbox 395 1357 1963 1434">
     <span class='ocr_line' id='line_1_14' title="bbox 395 1357 1963 1434; baseline -0.004 -13"><span class='ocrx_word' id='word_1_95' title='bbox 395 1385 414 1420; x_wconf 85' lang='grc' dir='ltr'><strong><em>ι</em></strong></span> <span class='ocrx_word' id='word_1_96' title='bbox 447 1363 716 1434; x_wconf 74' lang='grc' dir='ltr'>Ἰσραὴλ,</span> <span class='ocrx_word' id='word_1_97' title='bbox 744 1363 936 1433; x_wconf 85' lang='grc' dir='ltr'>λέγων,</span> <span class='ocrx_word' id='word_1_98' title='bbox 967 1364 1180 1432; x_wconf 82' lang='grc' dir='ltr'>Κύριος</span> <span class='ocrx_word' id='word_1_99' title='bbox 1207 1366 1239 1417; x_wconf 84' lang='grc' dir='ltr'><em>ό</em></span> <span class='ocrx_word' id='word_1_100' title='bbox 1270 1362 1413 1429; x_wconf 87' lang='grc' dir='ltr'>Θεὸς</span> <span class='ocrx_word' id='word_1_101' title='bbox 1431 1377 1547 1417; x_wconf 92' lang='grc' dir='ltr'><strong><em>σου</em></strong></span> <span class='ocrx_word' id='word_1_102' title='bbox 1571 1357 1658 1429; x_wconf 81' lang='grc' dir='ltr'>εἷς</span> <span class='ocrx_word' id='word_1_103' title='bbox 1687 1363 1835 1417; x_wconf 79' lang='grc' dir='ltr'>ἐστι’</span> <span class='ocrx_word' id='word_1_104' title='bbox 1869 1363 1963 1416; x_wconf 80' lang='grc' dir='ltr'><strong><em>καὶ</em></strong></span> 
     </span>
    </p>
   </div>
   <div class='ocr_carea' id='block_1_15' title="bbox 396 1452 1963 1528">
    <p class='ocr_par' dir='ltr' id='par_1_15' title="bbox 396 1452 1963 1528">
     <span class='ocr_line' id='line_1_15' title="bbox 396 1452 1963 1528; baseline -0.002 -20"><span class='ocrx_word' id='word_1_105' title='bbox 396 1475 415 1508; x_wconf 83' lang='lat' dir='ltr'><strong><em>s</em></strong></span> <span class='ocrx_word' id='word_1_106' title='bbox 450 1457 600 1528; x_wconf 84' lang='grc' dir='ltr'>ὅρκῳ</span> <span class='ocrx_word' id='word_1_107' title='bbox 660 1453 840 1518; x_wconf 84' lang='grc' dir='ltr'>καλῶς</span> <span class='ocrx_word' id='word_1_108' title='bbox 872 1452 1119 1525; x_wconf 81' lang='grc' dir='ltr'>εἰρῆσθαι</span> <span class='ocrx_word' id='word_1_109' title='bbox 1173 1453 1580 1523; x_wconf 77' lang='grc' dir='ltr'><strong><em>πιστευόμενος·</em></strong></span> <span class='ocrx_word' id='word_1_110' title='bbox 1650 1452 1767 1505; x_wconf 81' lang='grc' dir='ltr'><strong><em>Ἐπ’</em></strong></span> <span class='ocrx_word' id='word_1_111' title='bbox 1813 1454 1963 1522; x_wconf 72' lang='grc' dir='ltr'><strong><em>ἀλη-</em></strong></span> 
     </span>
    </p>
   </div>
   <div class='ocr_carea' id='block_1_16' title="bbox 397 1541 1967 1619">
    <p class='ocr_par' dir='ltr' id='par_1_16' title="bbox 397 1541 1967 1619">
     <span class='ocr_line' id='line_1_16' title="bbox 397 1541 1967 1619; baseline -0.003 -17"><span class='ocrx_word' id='word_1_112' title='bbox 397 1567 417 1602; x_wconf 78' lang='lat' dir='ltr'><strong><em>s</em></strong></span> <span class='ocrx_word' id='word_1_113' title='bbox 457 1549 622 1614; x_wconf 78' lang='grc' dir='ltr'>θείας</span> <span class='ocrx_word' id='word_1_114' title='bbox 670 1547 798 1619; x_wconf 83' lang='grc' dir='ltr'>γὰρ,</span> <span class='ocrx_word' id='word_1_115' title='bbox 853 1547 1037 1618; x_wconf 65' lang='grc' dir='ltr'>φησιν,</span> <span class='ocrx_word' id='word_1_116' title='bbox 1063 1542 1257 1613; x_wconf 78' lang='grc' dir='ltr'>εἶπας,</span> <span class='ocrx_word' id='word_1_117' title='bbox 1285 1545 1375 1600; x_wconf 90' lang='grc' dir='ltr'><strong><em>ὅτι</em></strong></span> <span class='ocrx_word' id='word_1_118' title='bbox 1401 1541 1488 1612; x_wconf 83' lang='grc' dir='ltr'>εἷς</span> <span class='ocrx_word' id='word_1_119' title='bbox 1520 1547 1689 1599; x_wconf 82' lang='grc' dir='ltr'>ἐστιν</span> <span class='ocrx_word' id='word_1_120' title='bbox 1719 1548 1751 1599; x_wconf 86' lang='grc' dir='ltr'><strong><em>ό</em></strong></span> <span class='ocrx_word' id='word_1_121' title='bbox 1796 1544 1967 1612; x_wconf 82' lang='grc' dir='ltr'>Θεὸς,</span> 
     </span>
    </p>
   </div>
   <div class='ocr_carea' id='block_1_17' title="bbox 398 1637 1965 1710">
    <p class='ocr_par' dir='ltr' id='par_1_17' title="bbox 398 1637 1965 1710">
     <span class='ocr_line' id='line_1_17' title="bbox 398 1637 1965 1710; baseline -0.001 -17"><span class='ocrx_word' id='word_1_122' title='bbox 398 1660 418 1693; x_wconf 83' lang='lat' dir='ltr'><strong><em>s</em></strong></span> <span class='ocrx_word' id='word_1_123' title='bbox 462 1640 560 1695; x_wconf 79' lang='grc' dir='ltr'>καὶ</span> <span class='ocrx_word' id='word_1_124' title='bbox 583 1640 694 1694; x_wconf 85' lang='grc' dir='ltr'>οὐκ</span> <span class='ocrx_word' id='word_1_125' title='bbox 720 1639 888 1693; x_wconf 82' lang='grc' dir='ltr'>ἐστιν</span> <span class='ocrx_word' id='word_1_126' title='bbox 915 1638 1102 1705; x_wconf 67' lang='grc' dir='ltr'>ἄλλος</span> <span class='ocrx_word' id='word_1_127' title='bbox 1134 1637 1301 1707; x_wconf 76' lang='grc' dir='ltr'>πλὴν</span> <span class='ocrx_word' id='word_1_128' title='bbox 1324 1638 1530 1693; x_wconf 81' lang='grc' dir='ltr'>αὐτοῦ.</span> <span class='ocrx_word' id='word_1_129' title='bbox 1565 1641 1628 1692; x_wconf 81' lang='grc' dir='ltr'>Οἱ</span> <span class='ocrx_word' id='word_1_130' title='bbox 1668 1639 1724 1693; x_wconf 82' lang='grc' dir='ltr'>δὲ</span> <span class='ocrx_word' id='word_1_131' title='bbox 1766 1639 1834 1693; x_wconf 85' lang='grc' dir='ltr'><strong><em>τά</em></strong></span> <span class='ocrx_word' id='word_1_132' title='bbox 1865 1640 1965 1710; x_wconf 82' lang='grc' dir='ltr'>τῆς</span> 
     </span>
    </p>
   </div>
   <div class='ocr_carea' id='block_1_18' title="bbox 399 1724 1967 1803">
    <p class='ocr_par' dir='ltr' id='par_1_18' title="bbox 399 1724 1967 1803">
     <span class='ocr_line' id='line_1_18' title="bbox 399 1724 1967 1803; baseline 0.001 -19"><span class='ocrx_word' id='word_1_133' title='bbox 399 1753 418 1784; x_wconf 77' lang='grc' dir='ltr'><strong><em>ι</em></strong></span> <span class='ocrx_word' id='word_1_134' title='bbox 460 1733 607 1796; x_wconf 84' lang='grc' dir='ltr'>Νέας</span> <span class='ocrx_word' id='word_1_135' title='bbox 634 1731 901 1802; x_wconf 80' lang='grc' dir='ltr'>Διαθήκης</span> <span class='ocrx_word' id='word_1_136' title='bbox 933 1730 1222 1801; x_wconf 72' lang='grc' dir='ltr'><strong><em>αὐχοῦντες</em></strong></span> <span class='ocrx_word' id='word_1_137' title='bbox 1261 1731 1455 1784; x_wconf 81' lang='grc' dir='ltr'>εἰδέναι</span> <span class='ocrx_word' id='word_1_138' title='bbox 1502 1734 1795 1803; x_wconf 83' lang='grc' dir='ltr'><strong><em>μυστήρια,</em></strong></span> <span class='ocrx_word' id='word_1_139' title='bbox 1820 1724 1967 1785; x_wconf 82' lang='grc' dir='ltr'>οὗτοι</span> 
     </span>
    </p>
   </div>
   <div class='ocr_carea' id='block_1_19' title="bbox 2067 632 3627 708">
    <p class='ocr_par' dir='ltr' id='par_1_19' title="bbox 2067 632 3627 708">
     <span class='ocr_line' id='line_1_19' title="bbox 2067 632 3627 708; baseline 0.008 -23"><span class='ocrx_word' id='word_1_140' title='bbox 2067 650 2095 685; x_wconf 74' lang='grc' dir='ltr'><strong><em>ιι</em></strong></span> <span class='ocrx_word' id='word_1_141' title='bbox 2130 632 2197 688; x_wconf 85' lang='grc' dir='ltr'>Ει</span> <span class='ocrx_word' id='word_1_142' title='bbox 2231 634 2415 703; x_wconf 87' lang='lat' dir='ltr'><strong><em>diliges</em></strong></span> <span class='ocrx_word' id='word_1_143' title='bbox 2443 634 2731 688; x_wconf 84' lang='lat' dir='ltr'><strong><em>Dominum</em></strong></span> <span class='ocrx_word' id='word_1_144' title='bbox 2756 634 2919 689; x_wconf 90' lang='lat' dir='ltr'><strong><em>Deum</em></strong></span> <span class='ocrx_word' id='word_1_145' title='bbox 2947 646 3093 689; x_wconf 90' lang='lat' dir='ltr'><strong><em>tuum</em></strong></span> <span class='ocrx_word' id='word_1_146' title='bbox 3119 653 3184 692; x_wconf 73' lang='lat' dir='ltr'><strong><em>ea:</em></strong></span> <span class='ocrx_word' id='word_1_147' title='bbox 3205 648 3313 691; x_wconf 90' lang='lat' dir='ltr'><strong><em>toto</em></strong></span> <span class='ocrx_word' id='word_1_148' title='bbox 3337 640 3493 695; x_wconf 89' lang='lat' dir='ltr'><strong><em>corde</em></strong></span> <span class='ocrx_word' id='word_1_149' title='bbox 3514 650 3627 708; x_wconf 74' lang='lat' dir='ltr'><strong><em>tuo,</em></strong></span> 
     </span>
    </p>
   </div>
   <div class='ocr_carea' id='block_1_20' title="bbox 2065 726 3628 795">
    <p class='ocr_par' dir='ltr' id='par_1_20' title="bbox 2065 726 3628 795">
     <span class='ocr_line' id='line_1_20' title="bbox 2065 726 3628 795; baseline 0.008 -19"><span class='ocrx_word' id='word_1_150' title='bbox 2065 745 2083 776; x_wconf 82' lang='grc' dir='ltr'><strong><em>ι</em></strong></span> <span class='ocrx_word' id='word_1_151' title='bbox 2122 734 2173 778; x_wconf 86' lang='lat' dir='ltr'><strong><em>et</em></strong></span> <span class='ocrx_word' id='word_1_152' title='bbox 2212 742 2277 779; x_wconf 69' lang='lat' dir='ltr'><strong><em>ex.</em></strong></span> <span class='ocrx_word' id='word_1_153' title='bbox 2310 735 2421 779; x_wconf 88' lang='lat' dir='ltr'><strong><em>tota</em></strong></span> <span class='ocrx_word' id='word_1_154' title='bbox 2466 726 2646 780; x_wconf 87' lang='lat' dir='ltr'><strong><em>anima</em></strong></span> <span class='ocrx_word' id='word_1_155' title='bbox 2688 736 2800 791; x_wconf 87' lang='lat' dir='ltr'><strong><em>tua,</em></strong></span> <span class='ocrx_word' id='word_1_156' title='bbox 2831 735 2879 780; x_wconf 89' lang='lat' dir='ltr'><strong><em>et</em></strong></span> <span class='ocrx_word' id='word_1_157' title='bbox 2925 743 2990 782; x_wconf 77' lang='lat' dir='ltr'><strong><em>ea:</em></strong></span> <span class='ocrx_word' id='word_1_158' title='bbox 3018 738 3125 781; x_wconf 89' lang='lat' dir='ltr'><strong><em>tota</em></strong></span> <span class='ocrx_word' id='word_1_159' title='bbox 3152 738 3319 783; x_wconf 89' lang='lat' dir='ltr'><strong><em>mente</em></strong></span> <span class='ocrx_word' id='word_1_160' title='bbox 3343 740 3455 795; x_wconf 92' lang='lat' dir='ltr'><strong><em>tua,</em></strong></span> <span class='ocrx_word' id='word_1_161' title='bbox 3482 742 3531 787; x_wconf 90' lang='lat' dir='ltr'><strong><em>et</em></strong></span> <span class='ocrx_word' id='word_1_162' title='bbox 3563 750 3628 789; x_wconf 75' lang='lat' dir='ltr'><strong><em>ea:</em></strong></span> 
     </span>
    </p>
   </div>
   <div class='ocr_carea' id='block_1_21' title="bbox 2066 816 3627 891">
    <p class='ocr_par' dir='ltr' id='par_1_21' title="bbox 2066 816 3627 891">
     <span class='ocr_line' id='line_1_21' title="bbox 2066 816 3627 891; baseline 0.007 -25"><span class='ocrx_word' id='word_1_163' title='bbox 2066 835 2085 866; x_wconf 82' lang='lat' dir='ltr'><strong><em>s</em></strong></span> <span class='ocrx_word' id='word_1_164' title='bbox 2126 824 2237 869; x_wconf 86' lang='lat' dir='ltr'><strong><em>tota</em></strong></span> <span class='ocrx_word' id='word_1_165' title='bbox 2293 816 2484 871; x_wconf 75' lang='lat' dir='ltr'><strong><em>uirtute</em></strong></span> <span class='ocrx_word' id='word_1_166' title='bbox 2534 826 2650 871; x_wconf 87' lang='lat' dir='ltr'><strong><em>tua.</em></strong></span> <span class='ocrx_word' id='word_1_167' title='bbox 2712 816 2826 870; x_wconf 78' lang='lat' dir='ltr'><strong><em>Hoc</em></strong></span> <span class='ocrx_word' id='word_1_168' title='bbox 2872 827 2946 871; x_wconf 91' lang='lat' dir='ltr'><strong><em>est</em></strong></span> <span class='ocrx_word' id='word_1_169' title='bbox 2998 818 3227 883; x_wconf 89' lang='lat' dir='ltr'><strong><em>primum</em></strong></span> <span class='ocrx_word' id='word_1_170' title='bbox 3285 828 3334 874; x_wconf 88' lang='lat' dir='ltr'><strong><em>et</em></strong></span> <span class='ocrx_word' id='word_1_171' title='bbox 3380 816 3627 891; x_wconf 82' lang='lat' dir='ltr'><strong><em>magnum</em></strong></span> 
     </span>
    </p>
   </div>
   <div class='ocr_carea' id='block_1_22' title="bbox 2067 907 3626 979">
    <p class='ocr_par' dir='ltr' id='par_1_22' title="bbox 2067 907 3626 979">
     <span class='ocr_line' id='line_1_22' title="bbox 2067 907 3626 979; baseline 0.007 -22"><span class='ocrx_word' id='word_1_172' title='bbox 2067 924 2084 957; x_wconf 83' lang='grc' dir='ltr'><strong><em>ι</em></strong></span> <span class='ocrx_word' id='word_1_173' title='bbox 2128 907 2456 961; x_wconf 85' lang='lat' dir='ltr'><strong><em>mandatum.</em></strong></span> <span class='ocrx_word' id='word_1_174' title='bbox 2512 908 2815 963; x_wconf 84' lang='lat' dir='ltr'><strong><em>Secundum</em></strong></span> <span class='ocrx_word' id='word_1_175' title='bbox 2856 918 3030 962; x_wconf 90' lang='lat' dir='ltr'><strong><em>autem</em></strong></span> <span class='ocrx_word' id='word_1_176' title='bbox 3058 909 3228 965; x_wconf 87' lang='lat' dir='ltr'><strong><em>simile</em></strong></span> <span class='ocrx_word' id='word_1_177' title='bbox 3255 922 3331 965; x_wconf 86' lang='lat' dir='ltr'><strong><em>est</em></strong></span> <span class='ocrx_word' id='word_1_178' title='bbox 3353 913 3450 979; x_wconf 88' lang='lat' dir='ltr'><strong><em>illi,</em></strong></span> <span class='ocrx_word' id='word_1_179' title='bbox 3484 914 3626 968; x_wconf 81' lang='lat' dir='ltr'><strong><em>Dili-</em></strong></span> 
     </span>
    </p>
   </div>
   <div class='ocr_carea' id='block_1_23' title="bbox 2068 994 3625 1073">
    <p class='ocr_par' dir='ltr' id='par_1_23' title="bbox 2068 994 3625 1073">
     <span class='ocr_line' id='line_1_23' title="bbox 2068 994 3625 1073; baseline 0.006 -25"><span class='ocrx_word' id='word_1_180' title='bbox 2068 1014 2097 1048; x_wconf 78' lang='grc' dir='ltr'><strong><em>ιι</em></strong></span> <span class='ocrx_word' id='word_1_181' title='bbox 2121 1014 2208 1068; x_wconf 90' lang='lat' dir='ltr'><strong><em>ges</em></strong></span> <span class='ocrx_word' id='word_1_182' title='bbox 2232 994 2524 1067; x_wconf 62' lang='lat' dir='ltr'><strong><em>proximum</em></strong></span> <span class='ocrx_word' id='word_1_183' title='bbox 2554 1010 2701 1052; x_wconf 89' lang='lat' dir='ltr'><strong><em>tuum</em></strong></span> <span class='ocrx_word' id='word_1_184' title='bbox 2752 1008 3000 1069; x_wconf 78' lang='lat' dir='ltr'><strong><em>tanquam</em></strong></span> <span class='ocrx_word' id='word_1_185' title='bbox 3039 1002 3279 1069; x_wconf 88' lang='lat' dir='ltr'><strong><em>teipsum.</em></strong></span> <span class='ocrx_word' id='word_1_186' title='bbox 3311 1002 3490 1073; x_wconf 74' lang='lat' dir='ltr'><strong><em>Majas</em></strong></span> <span class='ocrx_word' id='word_1_187' title='bbox 3529 1006 3625 1058; x_wconf 84' lang='lat' dir='ltr'><strong><em>lto-</em></strong></span> 
     </span>
    </p>
   </div>
   <div class='ocr_carea' id='block_1_24' title="bbox 2068 1089 3623 1150">
    <p class='ocr_par' dir='ltr' id='par_1_24' title="bbox 2068 1089 3623 1150">
     <span class='ocr_line' id='line_1_24' title="bbox 2068 1089 3623 1150; baseline 0.006 -9"><span class='ocrx_word' id='word_1_188' title='bbox 2068 1107 2087 1141; x_wconf 83' lang='grc' dir='ltr'><strong><em>ι</em></strong></span> <span class='ocrx_word' id='word_1_189' title='bbox 2125 1106 2239 1143; x_wconf 88' lang='lat' dir='ltr'><strong><em>rum</em></strong></span> <span class='ocrx_word' id='word_1_190' title='bbox 2264 1089 2412 1144; x_wconf 80' lang='lat' dir='ltr'><strong><em>aliud</em></strong></span> <span class='ocrx_word' id='word_1_191' title='bbox 2444 1090 2755 1144; x_wconf 87' lang='lat' dir='ltr'><strong><em>mandatum</em></strong></span> <span class='ocrx_word' id='word_1_192' title='bbox 2807 1107 2911 1144; x_wconf 79' lang='lat' dir='ltr'><strong><em>non</em></strong></span> <span class='ocrx_word' id='word_1_193' title='bbox 2958 1102 3052 1146; x_wconf 87' lang='lat' dir='ltr'><strong><em>est.</em></strong></span> <span class='ocrx_word' id='word_1_194' title='bbox 3109 1090 3175 1146; x_wconf 85' lang='lat' dir='ltr'><strong><em>Et</em></strong></span> <span class='ocrx_word' id='word_1_195' title='bbox 3201 1093 3280 1147; x_wconf 91' lang='lat' dir='ltr'><strong><em>ait</em></strong></span> <span class='ocrx_word' id='word_1_196' title='bbox 3310 1094 3382 1149; x_wconf 83' lang='lat' dir='ltr'><strong><em>illi</em></strong></span> <span class='ocrx_word' id='word_1_197' title='bbox 3409 1096 3623 1150; x_wconf 89' lang='lat' dir='ltr'><strong><em>scriba:</em></strong></span> 
     </span>
    </p>
   </div>
   <div class='ocr_carea' id='block_1_25' title="bbox 2067 1179 3628 1252">
    <p class='ocr_par' dir='ltr' id='par_1_25' title="bbox 2067 1179 3628 1252">
     <span class='ocr_line' id='line_1_25' title="bbox 2067 1179 3628 1252; baseline 0.005 -19"><span class='ocrx_word' id='word_1_198' title='bbox 2067 1200 2083 1232; x_wconf 84' lang='grc' dir='ltr'><strong><em>ι</em></strong></span> <span class='ocrx_word' id='word_1_199' title='bbox 2120 1179 2258 1234; x_wconf 86' lang='lat' dir='ltr'><strong><em>Bene</em></strong></span> <span class='ocrx_word' id='word_1_200' title='bbox 2301 1183 2570 1252; x_wconf 74' lang='lat' dir='ltr'><strong><em>magister,</em></strong></span> <span class='ocrx_word' id='word_1_201' title='bbox 2617 1182 2672 1234; x_wconf 89' lang='lat' dir='ltr'><strong><em>in</em></strong></span> <span class='ocrx_word' id='word_1_202' title='bbox 2716 1183 2933 1236; x_wconf 84' lang='lat' dir='ltr'><strong><em>veritate</em></strong></span> <span class='ocrx_word' id='word_1_203' title='bbox 2964 1183 3170 1248; x_wconf 75' lang='lat' dir='ltr'><strong><em>dixisti,</em></strong></span> <span class='ocrx_word' id='word_1_204' title='bbox 3217 1183 3356 1249; x_wconf 85' lang='lat' dir='ltr'><strong><em>Quia</em></strong></span> <span class='ocrx_word' id='word_1_205' title='bbox 3389 1202 3522 1241; x_wconf 87' lang='lat' dir='ltr'><strong><em>unus</em></strong></span> <span class='ocrx_word' id='word_1_206' title='bbox 3552 1199 3628 1241; x_wconf 88' lang='lat' dir='ltr'><strong><em>est</em></strong></span> 
     </span>
    </p>
   </div>
   <div class='ocr_carea' id='block_1_26' title="bbox 2067 1272 3625 1343">
    <p class='ocr_par' dir='ltr' id='par_1_26' title="bbox 2067 1272 3625 1343">
     <span class='ocr_line' id='line_1_26' title="bbox 2067 1272 3625 1343; baseline 0.006 -20"><span class='ocrx_word' id='word_1_207' title='bbox 2067 1290 2085 1323; x_wconf 84' lang='lat' dir='ltr'><strong><em>s</em></strong></span> <span class='ocrx_word' id='word_1_208' title='bbox 2124 1272 2283 1337; x_wconf 88' lang='lat' dir='ltr'><strong><em>Deus,</em></strong></span> <span class='ocrx_word' id='word_1_209' title='bbox 2312 1282 2363 1328; x_wconf 88' lang='lat' dir='ltr'><strong><em>et</em></strong></span> <span class='ocrx_word' id='word_1_210' title='bbox 2393 1290 2507 1327; x_wconf 82' lang='lat' dir='ltr'><strong><em>non</em></strong></span> <span class='ocrx_word' id='word_1_211' title='bbox 2525 1282 2603 1327; x_wconf 91' lang='lat' dir='ltr'><strong><em>est</em></strong></span> <span class='ocrx_word' id='word_1_212' title='bbox 2628 1273 2764 1328; x_wconf 90' lang='lat' dir='ltr'><strong><em>alius</em></strong></span> <span class='ocrx_word' id='word_1_213' title='bbox 2784 1284 2974 1343; x_wconf 68' lang='lat' dir='ltr'><strong><em>praeter</em></strong></span> <span class='ocrx_word' id='word_1_214' title='bbox 2993 1291 3111 1330; x_wconf 88' lang='lat' dir='ltr'><strong><em>eum</em></strong></span> <span class='ocrx_word' id='word_1_215' title='bbox 3134 1276 3196 1329; x_wconf 77' lang='grc'><strong><em>⁸³.</em></strong></span> <span class='ocrx_word' id='word_1_216' title='bbox 3227 1276 3416 1332; x_wconf 86' lang='lat' dir='ltr'><strong><em>Scriba</em></strong></span> <span class='ocrx_word' id='word_1_217' title='bbox 3447 1288 3625 1333; x_wconf 83' lang='lat' dir='ltr'><strong><em>autem</em></strong></span> 
     </span>
    </p>
   </div>
   <div class='ocr_carea' id='block_1_27' title="bbox 2067 1364 3628 1435">
    <p class='ocr_par' dir='ltr' id='par_1_27' title="bbox 2067 1364 3628 1435">
     <span class='ocr_line' id='line_1_27' title="bbox 2067 1364 3628 1435; baseline 0.005 -20"><span class='ocrx_word' id='word_1_218' title='bbox 2067 1383 2085 1415; x_wconf 77' lang='grc' dir='ltr'><strong><em>ι</em></strong></span> <span class='ocrx_word' id='word_1_219' title='bbox 2126 1364 2251 1430; x_wconf 88' lang='lat' dir='ltr'><strong><em>iste,</em></strong></span> <span class='ocrx_word' id='word_1_220' title='bbox 2285 1374 2340 1419; x_wconf 89' lang='lat' dir='ltr'><strong><em>et</em></strong></span> <span class='ocrx_word' id='word_1_221' title='bbox 2382 1364 2497 1435; x_wconf 78' lang='lat' dir='ltr'><strong><em>lege</em></strong></span> <span class='ocrx_word' id='word_1_222' title='bbox 2534 1364 2757 1419; x_wconf 89' lang='lat' dir='ltr'><strong><em>edoctus</em></strong></span> <span class='ocrx_word' id='word_1_223' title='bbox 2802 1365 3057 1434; x_wconf 75' lang='lat' dir='ltr'><strong><em>pietatem</em></strong></span> <span class='ocrx_word' id='word_1_224' title='bbox 3088 1374 3143 1422; x_wconf 90' lang='lat' dir='ltr'><strong><em>et</em></strong></span> <span class='ocrx_word' id='word_1_225' title='bbox 3169 1382 3355 1423; x_wconf 84' lang='lat' dir='ltr'><strong><em>verum</em></strong></span> <span class='ocrx_word' id='word_1_226' title='bbox 3388 1369 3479 1424; x_wconf 85' lang='lat' dir='ltr'><strong><em>Dei</em></strong></span> <span class='ocrx_word' id='word_1_227' title='bbox 3512 1370 3628 1423; x_wconf 90' lang='lat' dir='ltr'><strong><em>cul-</em></strong></span> 
     </span>
    </p>
   </div>
   <div class='ocr_carea' id='block_1_28' title="bbox 2067 1452 3627 1517">
    <p class='ocr_par' dir='ltr' id='par_1_28' title="bbox 2067 1452 3627 1517">
     <span class='ocr_line' id='line_1_28' title="bbox 2067 1452 3627 1517; baseline 0.005 -12"><span class='ocrx_word' id='word_1_228' title='bbox 2067 1462 2256 1517; x_wconf 68' lang='lat' dir='ltr'><strong><em>itum,</em></strong></span> <span class='ocrx_word' id='word_1_229' title='bbox 2308 1454 2523 1509; x_wconf 80' lang='lat' dir='ltr'><strong><em>videtur</em></strong></span> <span class='ocrx_word' id='word_1_230' title='bbox 2572 1452 2908 1509; x_wconf 81' lang='lat' dir='ltr'><strong><em>collaudasse</em></strong></span> <span class='ocrx_word' id='word_1_231' title='bbox 2970 1453 3100 1509; x_wconf 91' lang='lat' dir='ltr'><strong><em>illud</em></strong></span> <span class='ocrx_word' id='word_1_232' title='bbox 3152 1456 3351 1511; x_wconf 85' lang='lat' dir='ltr'><strong><em>dictum</em></strong></span> <span class='ocrx_word' id='word_1_233' title='bbox 3432 1458 3627 1513; x_wconf 81' lang='lat' dir='ltr'><strong><em>Salva-</em></strong></span> 
     </span>
    </p>
   </div>
   <div class='ocr_carea' id='block_1_29' title="bbox 2068 1542 3629 1611">
    <p class='ocr_par' dir='ltr' id='par_1_29' title="bbox 2068 1542 3629 1611">
     <span class='ocr_line' id='line_1_29' title="bbox 2068 1542 3629 1611; baseline 0.004 -15"><span class='ocrx_word' id='word_1_234' title='bbox 2068 1562 2085 1595; x_wconf 81' lang='grc' dir='ltr'><strong><em>ι</em></strong></span> <span class='ocrx_word' id='word_1_235' title='bbox 2131 1542 2290 1609; x_wconf 88' lang='lat' dir='ltr'><strong><em>toris,</em></strong></span> <span class='ocrx_word' id='word_1_236' title='bbox 2325 1544 2489 1608; x_wconf 84' lang='lat' dir='ltr'><strong><em>Audi,</em></strong></span> <span class='ocrx_word' id='word_1_237' title='bbox 2521 1543 2719 1607; x_wconf 83' lang='lat' dir='ltr'><strong><em>Israel,</em></strong></span> <span class='ocrx_word' id='word_1_238' title='bbox 2737 1543 2992 1598; x_wconf 86' lang='lat' dir='ltr'><strong><em>Dominus</em></strong></span> <span class='ocrx_word' id='word_1_239' title='bbox 3008 1544 3148 1600; x_wconf 89' lang='lat' dir='ltr'><strong><em>Deus</em></strong></span> <span class='ocrx_word' id='word_1_240' title='bbox 3174 1555 3318 1611; x_wconf 89' lang='lat' dir='ltr'><strong><em>tuus,</em></strong></span> <span class='ocrx_word' id='word_1_241' title='bbox 3340 1547 3479 1602; x_wconf 83' lang='lat' dir='ltr'><strong><em>Deus</em></strong></span> <span class='ocrx_word' id='word_1_242' title='bbox 3496 1565 3629 1604; x_wconf 88' lang='lat' dir='ltr'><strong><em>unus</em></strong></span> 
     </span>
    </p>
   </div>
   <div class='ocr_carea' id='block_1_30' title="bbox 2069 1636 3631 1706">
    <p class='ocr_par' dir='ltr' id='par_1_30' title="bbox 2069 1636 3631 1706">
     <span class='ocr_line' id='line_1_30' title="bbox 2069 1636 3631 1706; baseline 0.006 -19"><span class='ocrx_word' id='word_1_243' title='bbox 2069 1654 2087 1687; x_wconf 86' lang='grc' dir='ltr'><strong><em>ι</em></strong></span> <span class='ocrx_word' id='word_1_244' title='bbox 2126 1644 2203 1688; x_wconf 86' lang='lat' dir='ltr'><strong><em>est</em></strong></span> <span class='ocrx_word' id='word_1_245' title='bbox 2233 1675 2249 1700; x_wconf 94' lang='lat'><strong><em>,</em></strong></span> <span class='ocrx_word' id='word_1_246' title='bbox 2299 1643 2362 1690; x_wconf 82' lang='lat' dir='ltr'><strong><em>et</em></strong></span> <span class='ocrx_word' id='word_1_247' title='bbox 2392 1638 2702 1706; x_wconf 70' lang='lat' dir='ltr'><strong><em>iuramento</em></strong></span> <span class='ocrx_word' id='word_1_248' title='bbox 2747 1636 3065 1704; x_wconf 85' lang='lat' dir='ltr'><strong><em>interposito</em></strong></span> <span class='ocrx_word' id='word_1_249' title='bbox 3101 1636 3239 1693; x_wconf 84' lang='lat' dir='ltr'><strong><em>bene</em></strong></span> <span class='ocrx_word' id='word_1_250' title='bbox 3272 1639 3473 1694; x_wconf 92' lang='lat' dir='ltr'><strong><em>dictum</em></strong></span> <span class='ocrx_word' id='word_1_251' title='bbox 3502 1656 3631 1696; x_wconf 90' lang='lat' dir='ltr'><strong><em>cou-</em></strong></span> 
     </span>
    </p>
   </div>
   <div class='ocr_carea' id='block_1_31' title="bbox 2071 1725 3641 1801">
    <p class='ocr_par' dir='ltr' id='par_1_31' title="bbox 2071 1725 3641 1801">
     <span class='ocr_line' id='line_1_31' title="bbox 2071 1725 3641 1801; baseline 0.005 -24"><span class='ocrx_word' id='word_1_252' title='bbox 2071 1744 2093 1777; x_wconf 80' lang='grc' dir='ltr'><strong><em>ι</em></strong></span> <span class='ocrx_word' id='word_1_253' title='bbox 2130 1727 2392 1794; x_wconf 78' lang='lat' dir='ltr'><strong><em>ﬁrmasse,</em></strong></span> <span class='ocrx_word' id='word_1_254' title='bbox 2444 1727 2694 1797; x_wconf 85' lang='lat' dir='ltr'><strong><em>inquiens</em></strong></span> <span class='ocrx_word' id='word_1_255' title='bbox 2725 1742 2740 1782; x_wconf 88' lang='lat'><strong>:</strong></span> <span class='ocrx_word' id='word_1_256' title='bbox 2768 1725 2836 1780; x_wconf 89' lang='lat' dir='ltr'><strong><em>In</em></strong></span> <span class='ocrx_word' id='word_1_257' title='bbox 2870 1727 3081 1781; x_wconf 81' lang='lat' dir='ltr'><strong><em>veritate</em></strong></span> <span class='ocrx_word' id='word_1_258' title='bbox 3108 1728 3232 1782; x_wconf 85' lang='lat' dir='ltr'><strong><em>bene</em></strong></span> <span class='ocrx_word' id='word_1_259' title='bbox 3252 1730 3457 1795; x_wconf 75' lang='lat' dir='ltr'><strong><em>dixisti,</em></strong></span> <span class='ocrx_word' id='word_1_260' title='bbox 3490 1730 3641 1801; x_wconf 58' lang='lat' dir='ltr'><strong><em>quod</em></strong></span> 
     </span>
    </p>
   </div>
   <div class='ocr_carea' id='block_1_32' title="bbox 403 1816 1965 1895">
    <p class='ocr_par' dir='ltr' id='par_1_32' title="bbox 403 1823 1962 1895">
     <span class='ocr_line' id='line_1_32' title="bbox 403 1823 1962 1895; baseline -0.002 -14"><span class='ocrx_word' id='word_1_261' title='bbox 403 1846 422 1880; x_wconf 83' lang='lat' dir='ltr'><strong><em>s</em></strong></span> <span class='ocrx_word' id='word_1_262' title='bbox 463 1826 557 1881; x_wconf 75' lang='grc' dir='ltr'>καὶ</span> <span class='ocrx_word' id='word_1_263' title='bbox 580 1825 827 1895; x_wconf 78' lang='grc' dir='ltr'>δεύτερον</span> <span class='ocrx_word' id='word_1_264' title='bbox 848 1824 1201 1878; x_wconf 82' lang='grc' dir='ltr'><strong><em>ἀναπλάττειν</em></strong></span> <span class='ocrx_word' id='word_1_265' title='bbox 1217 1824 1347 1879; x_wconf 89' lang='grc' dir='ltr'>Θεὸν</span> <span class='ocrx_word' id='word_1_266' title='bbox 1368 1823 1647 1894; x_wconf 80' lang='grc' dir='ltr'>βούλονται</span> <span class='ocrx_word' id='word_1_267' title='bbox 1669 1824 1962 1878; x_wconf 81' lang='grc' dir='ltr'>ὑποστάσει</span> 
     </span>
    </p>
   </div>
   <div class='ocr_carea' id='block_1_33' title="bbox 2067 1816 3647 1895">
    <p class='ocr_par' dir='ltr' id='par_1_33' title="bbox 2074 1816 3647 1891">
     <span class='ocr_line' id='line_1_33' title="bbox 2074 1816 3647 1891; baseline 0.004 -22"><span class='ocrx_word' id='word_1_268' title='bbox 2074 1835 2091 1868; x_wconf 87' lang='grc' dir='ltr'><strong><em>ι</em></strong></span> <span class='ocrx_word' id='word_1_269' title='bbox 2130 1834 2262 1871; x_wconf 89' lang='lat' dir='ltr'><strong><em>unus</em></strong></span> <span class='ocrx_word' id='word_1_270' title='bbox 2294 1816 2441 1872; x_wconf 83' lang='lat' dir='ltr'><strong><em>Deus</em></strong></span> <span class='ocrx_word' id='word_1_271' title='bbox 2466 1827 2564 1882; x_wconf 90' lang='lat' dir='ltr'><strong><em>est,</em></strong></span> <span class='ocrx_word' id='word_1_272' title='bbox 2611 1833 2714 1871; x_wconf 86' lang='lat' dir='ltr'><strong><em>non</em></strong></span> <span class='ocrx_word' id='word_1_273' title='bbox 2761 1827 2836 1871; x_wconf 88' lang='lat' dir='ltr'><strong><em>est</em></strong></span> <span class='ocrx_word' id='word_1_274' title='bbox 2874 1816 3010 1871; x_wconf 89' lang='lat' dir='ltr'><strong><em>alius</em></strong></span> <span class='ocrx_word' id='word_1_275' title='bbox 3042 1817 3107 1871; x_wconf 86' lang='lat' dir='ltr'><strong><em>ab</em></strong></span> <span class='ocrx_word' id='word_1_276' title='bbox 3151 1818 3263 1874; x_wconf 92' lang='lat' dir='ltr'><strong><em>illo.</em></strong></span> <span class='ocrx_word' id='word_1_277' title='bbox 3310 1822 3384 1874; x_wconf 83' lang='lat' dir='ltr'><strong><em>At</em></strong></span> <span class='ocrx_word' id='word_1_278' title='bbox 3433 1821 3523 1891; x_wconf 82' lang='lat' dir='ltr'><strong><em>qui</em></strong></span> <span class='ocrx_word' id='word_1_279' title='bbox 3570 1835 3647 1877; x_wconf 83' lang='lat' dir='ltr'><strong><em>so-</em></strong></span> 
     </span>
    </p>
   </div>
   <div class='ocr_carea' id='block_1_34' title="bbox 404 1886 1965 1988">
    <p class='ocr_par' dir='ltr' id='par_1_34' title="bbox 404 1886 1963 1988">
     <span class='ocr_line' id='line_1_34' title="bbox 404 1886 1963 1988; baseline 0 -19"><span class='ocrx_word' id='word_1_280' title='bbox 404 1936 424 1969; x_wconf 86' lang='lat' dir='ltr'><strong><em>s</em></strong></span> <span class='ocrx_word' id='word_1_281' title='bbox 459 1919 553 1971; x_wconf 58' lang='grc' dir='ltr'><strong><em>καὶ⁵</em></strong></span> <span class='ocrx_word' id='word_1_282' title='bbox 594 1886 816 1987; x_wconf 75' lang='grc' dir='ltr'>δυνάμει</span> <span class='ocrx_word' id='word_1_283' title='bbox 870 1913 1231 1987; x_wconf 79' lang='grc' dir='ltr'>χωριζόμενον</span> <span class='ocrx_word' id='word_1_284' title='bbox 1290 1886 1385 1969; x_wconf 65' lang='grc' dir='ltr'><strong><em>τού</em></strong></span> <span class='ocrx_word' id='word_1_285' title='bbox 1424 1916 1657 1988; x_wconf 81' lang='grc' dir='ltr'><strong><em>Πατρός.</em></strong></span> <span class='ocrx_word' id='word_1_286' title='bbox 1695 1935 1713 1968; x_wconf 79' lang='grc' dir='ltr'><strong><em>ι</em></strong></span> <span class='ocrx_word' id='word_1_287' title='bbox 1744 1915 1963 1981; x_wconf 83' lang='grc' dir='ltr'>Τούτοις</span> 
     </span>
    </p>
   </div>
   <div class='ocr_carea' id='block_1_35' title="bbox 2067 1886 3632 1988">
    <p class='ocr_par' dir='ltr' id='par_1_35' title="bbox 2070 1886 3632 1983">
     <span class='ocr_line' id='line_1_35' title="bbox 2070 1886 3632 1983; baseline 0.006 -24"><span class='ocrx_word' id='word_1_288' title='bbox 2070 1926 2095 1959; x_wconf 77' lang='grc' dir='ltr'><strong><em>ι</em></strong></span> <span class='ocrx_word' id='word_1_289' title='bbox 2130 1907 2435 1977; x_wconf 75' lang='lat' dir='ltr'><strong><em>gloriantur</em></strong></span> <span class='ocrx_word' id='word_1_290' title='bbox 2483 1906 2615 1963; x_wconf 83' lang='lat' dir='ltr'><strong><em>Novi</em></strong></span> <span class='ocrx_word' id='word_1_291' title='bbox 2646 1909 2979 1964; x_wconf 87' lang='lat' dir='ltr'><strong><em>Testamenti</em></strong></span> <span class='ocrx_word' id='word_1_292' title='bbox 3016 1911 3275 1977; x_wconf 87' lang='lat' dir='ltr'><strong><em>mysteria</em></strong></span> <span class='ocrx_word' id='word_1_293' title='bbox 3307 1886 3632 1983; x_wconf 78' lang='lat' dir='ltr'><strong><em>intelligere,</em></strong></span> 
     </span>
    </p>
   </div>
   <div class='ocr_carea' id='block_1_36' title="bbox 399 2001 1960 2077">
    <p class='ocr_par' dir='ltr' id='par_1_36' title="bbox 399 2001 1960 2077">
     <span class='ocr_line' id='line_1_36' title="bbox 399 2001 1960 2077; baseline 0.001 -18"><span class='ocrx_word' id='word_1_294' title='bbox 399 2004 713 2077; x_wconf 80' lang='grc' dir='ltr'>προστίθησι</span> <span class='ocrx_word' id='word_1_295' title='bbox 780 2005 1198 2070; x_wconf 77' lang='grc' dir='ltr'>κατασκευάζων</span> <span class='ocrx_word' id='word_1_296' title='bbox 1237 2005 1320 2059; x_wconf 87' lang='grc' dir='ltr'><strong><em>ὅτι</em></strong></span> <span class='ocrx_word' id='word_1_297' title='bbox 1368 2001 1447 2069; x_wconf 74' lang='grc' dir='ltr'>εἷς</span> <span class='ocrx_word' id='word_1_298' title='bbox 1495 2007 1644 2060; x_wconf 76' lang='grc' dir='ltr'>ἐστιν</span> <span class='ocrx_word' id='word_1_299' title='bbox 1708 2009 1736 2061; x_wconf 87' lang='grc' dir='ltr'>ὁ</span> <span class='ocrx_word' id='word_1_300' title='bbox 1809 2008 1960 2072; x_wconf 88' lang='grc' dir='ltr'>Θεὸς,</span> 
     </span>
    </p>
   </div>
   <div class='ocr_carea' id='block_1_37' title="bbox 400 2093 1965 2168">
    <p class='ocr_par' dir='ltr' id='par_1_37' title="bbox 400 2093 1965 2168">
     <span class='ocr_line' id='line_1_37' title="bbox 400 2093 1965 2168; baseline 0.003 -21"><span class='ocrx_word' id='word_1_301' title='bbox 400 2094 494 2147; x_wconf 73' lang='grc' dir='ltr'>καὶ</span> <span class='ocrx_word' id='word_1_302' title='bbox 514 2095 594 2147; x_wconf 85' lang='grc' dir='ltr'><strong><em>ὅτι</em></strong></span> <span class='ocrx_word' id='word_1_303' title='bbox 621 2094 694 2165; x_wconf 84' lang='grc' dir='ltr'>μή</span> <span class='ocrx_word' id='word_1_304' title='bbox 724 2093 869 2146; x_wconf 80' lang='grc' dir='ltr'>ἐστιν</span> <span class='ocrx_word' id='word_1_305' title='bbox 901 2093 1029 2157; x_wconf 87' lang='grc' dir='ltr'>Υἱὸς</span> <span class='ocrx_word' id='word_1_306' title='bbox 1060 2093 1147 2147; x_wconf 87' lang='grc' dir='ltr'><strong><em>διά</em></strong></span> <span class='ocrx_word' id='word_1_307' title='bbox 1170 2095 1395 2149; x_wconf 90' lang='grc' dir='ltr'>τούτων.</span> <span class='ocrx_word' id='word_1_308' title='bbox 1439 2115 1457 2147; x_wconf 83' lang='grc' dir='ltr'><strong><em>ι</em></strong></span> <span class='ocrx_word' id='word_1_309' title='bbox 1499 2097 1623 2151; x_wconf 86' lang='grc' dir='ltr'>Ὅτι</span> <span class='ocrx_word' id='word_1_310' title='bbox 1657 2097 1713 2150; x_wconf 84' lang='grc' dir='ltr'>δὲ</span> <span class='ocrx_word' id='word_1_311' title='bbox 1745 2097 1842 2166; x_wconf 77' lang='grc' dir='ltr'>τὴν</span> <span class='ocrx_word' id='word_1_312' title='bbox 1869 2115 1965 2168; x_wconf 59' lang='grc' dir='ltr'>μορ</span> 
     </span>
    </p>
   </div>
   <div class='ocr_carea' id='block_1_38' title="bbox 402 2178 1961 2257">
    <p class='ocr_par' dir='ltr' id='par_1_38' title="bbox 402 2178 1961 2257">
     <span class='ocr_line' id='line_1_38' title="bbox 402 2178 1961 2257; baseline 0.001 -20"><span class='ocrx_word' id='word_1_313' title='bbox 402 2204 421 2237; x_wconf 84' lang='grc' dir='ltr'><strong><em>ι</em></strong></span> <span class='ocrx_word' id='word_1_314' title='bbox 456 2184 582 2238; x_wconf 88' lang='grc' dir='ltr'>νάδα</span> <span class='ocrx_word' id='word_1_315' title='bbox 612 2183 812 2255; x_wconf 82' lang='grc' dir='ltr'>Κύριον</span> <span class='ocrx_word' id='word_1_316' title='bbox 845 2184 939 2237; x_wconf 74' lang='grc' dir='ltr'><strong><em>καὶ</em></strong></span> <span class='ocrx_word' id='word_1_317' title='bbox 986 2182 1117 2236; x_wconf 86' lang='grc' dir='ltr'>Θεὸν</span> <span class='ocrx_word' id='word_1_318' title='bbox 1161 2178 1268 2236; x_wconf 75' lang='grc' dir='ltr'>οἵδε</span> <span class='ocrx_word' id='word_1_319' title='bbox 1297 2184 1479 2239; x_wconf 80' lang='grc' dir='ltr'>καλεῖν</span> <span class='ocrx_word' id='word_1_320' title='bbox 1518 2184 1551 2255; x_wconf 81' lang='grc' dir='ltr'><strong>ἡ</strong></span> <span class='ocrx_word' id='word_1_321' title='bbox 1594 2183 1711 2238; x_wconf 72' lang='grc' dir='ltr'>θεία</span> <span class='ocrx_word' id='word_1_322' title='bbox 1752 2185 1961 2257; x_wconf 82' lang='grc' dir='ltr'>Γραφὴ,</span> 
     </span>
    </p>
   </div>
   <div class='ocr_carea' id='block_1_39' title="bbox 400 2272 1963 2349">
    <p class='ocr_par' dir='ltr' id='par_1_39' title="bbox 400 2272 1963 2349">
     <span class='ocr_line' id='line_1_39' title="bbox 400 2272 1963 2349; baseline 0.001 -19"><span class='ocrx_word' id='word_1_323' title='bbox 400 2297 419 2330; x_wconf 83' lang='grc' dir='ltr'><strong><em>ι</em></strong></span> <span class='ocrx_word' id='word_1_324' title='bbox 457 2277 555 2349; x_wconf 71' lang='grc' dir='ltr'>ἤδη</span> <span class='ocrx_word' id='word_1_325' title='bbox 584 2277 678 2331; x_wconf 74' lang='grc' dir='ltr'><strong><em>καὶ</em></strong></span> <span class='ocrx_word' id='word_1_326' title='bbox 728 2278 791 2330; x_wconf 84' lang='grc' dir='ltr'>ὲκ</span> <span class='ocrx_word' id='word_1_327' title='bbox 821 2275 928 2329; x_wconf 82' lang='grc' dir='ltr'><strong><em>τῶν</em></strong></span> <span class='ocrx_word' id='word_1_328' title='bbox 960 2276 1371 2348; x_wconf 80' lang='grc' dir='ltr'>προειρημένων</span> <span class='ocrx_word' id='word_1_329' title='bbox 1395 2276 1552 2347; x_wconf 84' lang='grc' dir='ltr'>δῆλον</span> <span class='ocrx_word' id='word_1_330' title='bbox 1580 2277 1769 2347; x_wconf 88' lang='grc' dir='ltr'>γέγονε</span> <span class='ocrx_word' id='word_1_331' title='bbox 1797 2278 1862 2331; x_wconf 80' lang='grc' dir='ltr'>δι’</span> <span class='ocrx_word' id='word_1_332' title='bbox 1890 2272 1963 2332; x_wconf 83' lang='grc' dir='ltr'>ὧν</span> 
     </span>
    </p>
   </div>
   <div class='ocr_carea' id='block_1_40' title="bbox 399 2368 1961 2442">
    <p class='ocr_par' dir='ltr' id='par_1_40' title="bbox 399 2368 1961 2442">
     <span class='ocr_line' id='line_1_40' title="bbox 399 2368 1961 2442; baseline 0 -19"><span class='ocrx_word' id='word_1_333' title='bbox 399 2389 418 2423; x_wconf 79' lang='grc' dir='ltr'><strong><em>ι</em></strong></span> <span class='ocrx_word' id='word_1_334' title='bbox 458 2371 591 2440; x_wconf 84' lang='grc' dir='ltr'>πρὸς</span> <span class='ocrx_word' id='word_1_335' title='bbox 640 2370 731 2426; x_wconf 90' lang='grc' dir='ltr'><strong><em>τὸν</em></strong></span> <span class='ocrx_word' id='word_1_336' title='bbox 780 2369 972 2423; x_wconf 74' lang='grc' dir='ltr'>ἑαυτοῦ</span> <span class='ocrx_word' id='word_1_337' title='bbox 1018 2368 1323 2441; x_wconf 84' lang='grc' dir='ltr'>θεράποντα</span> <span class='ocrx_word' id='word_1_338' title='bbox 1364 2370 1567 2424; x_wconf 86' lang='grc' dir='ltr'>Μωσέα</span> <span class='ocrx_word' id='word_1_339' title='bbox 1605 2372 1634 2424; x_wconf 84' lang='grc' dir='ltr'><strong>ὁ</strong></span> <span class='ocrx_word' id='word_1_340' title='bbox 1682 2370 1811 2435; x_wconf 82' lang='grc' dir='ltr'>Θεὸς</span> <span class='ocrx_word' id='word_1_341' title='bbox 1837 2370 1961 2442; x_wconf 73' lang='grc' dir='ltr'><strong><em>ἔφη’</em></strong></span> 
     </span>
    </p>
   </div>
   <div class='ocr_carea' id='block_1_41' title="bbox 398 2456 1966 2527">
    <p class='ocr_par' dir='ltr' id='par_1_41' title="bbox 398 2456 1966 2527">
     <span class='ocr_line' id='line_1_41' title="bbox 398 2456 1966 2527; baseline -0.002 -14"><span class='ocrx_word' id='word_1_342' title='bbox 398 2479 416 2513; x_wconf 83' lang='grc' dir='ltr'><strong><em>ι</em></strong></span> <span class='ocrx_word' id='word_1_343' title='bbox 455 2456 599 2515; x_wconf 73' lang='grc' dir='ltr'><strong><em>Εἷπε</em></strong></span> <span class='ocrx_word' id='word_1_344' title='bbox 625 2458 694 2512; x_wconf 83' lang='grc' dir='ltr'>δὲ</span> <span class='ocrx_word' id='word_1_345' title='bbox 716 2462 748 2513; x_wconf 86' lang='grc' dir='ltr'>ό</span> <span class='ocrx_word' id='word_1_346' title='bbox 774 2458 920 2525; x_wconf 89' lang='grc' dir='ltr'>Θεὸς</span> <span class='ocrx_word' id='word_1_347' title='bbox 951 2458 1137 2513; x_wconf 75' lang='grc' dir='ltr'>πάλιν</span> <span class='ocrx_word' id='word_1_348' title='bbox 1165 2458 1314 2527; x_wconf 80' lang='grc' dir='ltr'>πρὸς</span> <span class='ocrx_word' id='word_1_349' title='bbox 1345 2458 1578 2513; x_wconf 69' lang='grc' dir='ltr'>Μωσέασ</span> <span class='ocrx_word' id='word_1_350' title='bbox 1604 2458 1799 2524; x_wconf 84' lang='grc' dir='ltr'>Οὕτως</span> <span class='ocrx_word' id='word_1_351' title='bbox 1814 2458 1966 2526; x_wconf 87' lang='grc' dir='ltr'>ἐρεῖς</span> 
     </span>
    </p>
   </div>
   <div class='ocr_carea' id='block_1_42' title="bbox 397 2547 1964 2621">
    <p class='ocr_par' dir='ltr' id='par_1_42' title="bbox 397 2547 1964 2621">
     <span class='ocr_line' id='line_1_42' title="bbox 397 2547 1964 2621; baseline -0.003 -15"><span class='ocrx_word' id='word_1_352' title='bbox 397 2572 415 2606; x_wconf 81' lang='grc' dir='ltr'><strong><em>ι</em></strong></span> <span class='ocrx_word' id='word_1_353' title='bbox 453 2551 575 2618; x_wconf 87' lang='grc' dir='ltr'>τοῖς</span> <span class='ocrx_word' id='word_1_354' title='bbox 602 2550 755 2617; x_wconf 82' lang='grc' dir='ltr'>υιοῖς</span> <span class='ocrx_word' id='word_1_355' title='bbox 786 2548 1024 2619; x_wconf 74' lang='grc' dir='ltr'>Ἰσραήλ</span> <span class='ocrx_word' id='word_1_356' title='bbox 1050 2549 1179 2621; x_wconf 74' lang='grc'><strong><em>(84)·</em></strong></span> <span class='ocrx_word' id='word_1_357' title='bbox 1218 2550 1431 2617; x_wconf 79' lang='grc' dir='ltr'>Κύριος</span> <span class='ocrx_word' id='word_1_358' title='bbox 1464 2552 1496 2603; x_wconf 85' lang='grc' dir='ltr'><em>ὀ</em></span> <span class='ocrx_word' id='word_1_359' title='bbox 1525 2550 1668 2612; x_wconf 89' lang='grc' dir='ltr'>Θεὸς</span> <span class='ocrx_word' id='word_1_360' title='bbox 1703 2547 1819 2602; x_wconf 84' lang='grc' dir='ltr'>τῶν</span> <span class='ocrx_word' id='word_1_361' title='bbox 1852 2564 1964 2602; x_wconf 78' lang='grc' dir='ltr'>πα-</span> 
     </span>
    </p>
   </div>
   <div class='ocr_carea' id='block_1_43' title="bbox 395 2638 1963 2712">
    <p class='ocr_par' dir='ltr' id='par_1_43' title="bbox 395 2638 1963 2712">
     <span class='ocr_line' id='line_1_43' title="bbox 395 2638 1963 2712; baseline -0.003 -14"><span class='ocrx_word' id='word_1_362' title='bbox 395 2664 415 2697; x_wconf 77' lang='grc' dir='ltr'><strong><em>ι</em></strong></span> <span class='ocrx_word' id='word_1_363' title='bbox 463 2642 644 2712; x_wconf 83' lang='grc' dir='ltr'>τέρων</span> <span class='ocrx_word' id='word_1_364' title='bbox 674 2640 860 2712; x_wconf 82' lang='grc' dir='ltr'>ὑμῶν,</span> <span class='ocrx_word' id='word_1_365' title='bbox 896 2644 930 2696; x_wconf 84' lang='grc' dir='ltr'><em>ὁ</em></span> <span class='ocrx_word' id='word_1_366' title='bbox 951 2638 1095 2707; x_wconf 87' lang='grc' dir='ltr'>Θεὸς</span> <span class='ocrx_word' id='word_1_367' title='bbox 1132 2640 1378 2709; x_wconf 80' lang='grc' dir='ltr'>Ἀϐραὰμ</span> <span class='ocrx_word' id='word_1_368' title='bbox 1404 2638 1502 2692; x_wconf 75' lang='grc' dir='ltr'>καὶ</span> <span class='ocrx_word' id='word_1_369' title='bbox 1528 2642 1560 2694; x_wconf 88' lang='grc' dir='ltr'><strong><em>ό</em></strong></span> <span class='ocrx_word' id='word_1_370' title='bbox 1590 2638 1733 2705; x_wconf 77' lang='grc' dir='ltr'>Θεὸς</span> <span class='ocrx_word' id='word_1_371' title='bbox 1770 2639 1963 2694; x_wconf 82' lang='grc' dir='ltr'>Ἰσαὰκ</span> 
     </span>
    </p>
   </div>
   <div class='ocr_carea' id='block_1_44' title="bbox 398 2729 1958 2800">
    <p class='ocr_par' dir='ltr' id='par_1_44' title="bbox 398 2729 1958 2800">
     <span class='ocr_line' id='line_1_44' title="bbox 398 2729 1958 2800; baseline -0.003 -15"><span class='ocrx_word' id='word_1_372' title='bbox 398 2753 417 2785; x_wconf 81' lang='grc' dir='ltr'><strong><em>ι</em></strong></span> <span class='ocrx_word' id='word_1_373' title='bbox 458 2734 556 2788; x_wconf 79' lang='grc' dir='ltr'>καὶ</span> <span class='ocrx_word' id='word_1_374' title='bbox 594 2737 627 2788; x_wconf 88' lang='grc' dir='ltr'><strong><em>ό</em></strong></span> <span class='ocrx_word' id='word_1_375' title='bbox 666 2732 809 2800; x_wconf 85' lang='grc' dir='ltr'>Θεὸς</span> <span class='ocrx_word' id='word_1_376' title='bbox 848 2730 1063 2796; x_wconf 79' lang='grc' dir='ltr'>Ἰακὼϐ,</span> <span class='ocrx_word' id='word_1_377' title='bbox 1099 2729 1447 2785; x_wconf 74' lang='grc' dir='ltr'>ἀπέσταλκέ</span> <span class='ocrx_word' id='word_1_378' title='bbox 1465 2747 1541 2800; x_wconf 82' lang='grc' dir='ltr'><strong><em>με</em></strong></span> <span class='ocrx_word' id='word_1_379' title='bbox 1563 2730 1710 2797; x_wconf 77' lang='grc' dir='ltr'>πρὸς</span> <span class='ocrx_word' id='word_1_380' title='bbox 1734 2729 1907 2799; x_wconf 83' lang='grc' dir='ltr'>ὑμᾶς.</span> <span class='ocrx_word' id='word_1_381' title='bbox 1940 2748 1958 2781; x_wconf 79' lang='grc' dir='ltr'><strong><em>ι</em></strong></span> 
     </span>
    </p>
   </div>
   <div class='ocr_carea' id='block_1_45' title="bbox 408 2821 1961 2899">
    <p class='ocr_par' dir='ltr' id='par_1_45' title="bbox 408 2821 1961 2899">
     <span class='ocr_line' id='line_1_45' title="bbox 408 2821 1961 2899; baseline -0.003 -19"><span class='ocrx_word' id='word_1_382' title='bbox 408 2828 570 2899; x_wconf 72' lang='grc' dir='ltr'>Ὁρᾷς</span> <span class='ocrx_word' id='word_1_383' title='bbox 602 2827 765 2889; x_wconf 81' lang='grc' dir='ltr'>ὅπως,</span> <span class='ocrx_word' id='word_1_384' title='bbox 799 2825 857 2879; x_wconf 80' lang='grc' dir='ltr'><strong><em>ἒν</em></strong></span> <span class='ocrx_word' id='word_1_385' title='bbox 894 2824 1199 2887; x_wconf 74' lang='grc' dir='ltr'>ἐπιδεικνὺς</span> <span class='ocrx_word' id='word_1_386' title='bbox 1235 2824 1365 2894; x_wconf 86' lang='grc' dir='ltr'>ἡμῖν</span> <span class='ocrx_word' id='word_1_387' title='bbox 1396 2822 1626 2876; x_wconf 78' lang='grc' dir='ltr'>ἐνταῦθα</span> <span class='ocrx_word' id='word_1_388' title='bbox 1652 2821 1961 2893; x_wconf 86' lang='grc' dir='ltr'>πρόσωπον,</span> 
     </span>
    </p>
   </div>
   <div class='ocr_carea' id='block_1_46' title="bbox 393 2910 1964 2990">
    <p class='ocr_par' dir='ltr' id='par_1_46' title="bbox 393 2910 1964 2990">
     <span class='ocr_line' id='line_1_46' title="bbox 393 2910 1964 2990; baseline -0.001 -21"><span class='ocrx_word' id='word_1_389' title='bbox 393 2919 458 2972; x_wconf 75' lang='grc' dir='ltr'><strong><em>τὸ</em></strong></span> <span class='ocrx_word' id='word_1_390' title='bbox 501 2918 632 2972; x_wconf 79' lang='grc' dir='ltr'>αὐτὸ</span> <span class='ocrx_word' id='word_1_391' title='bbox 685 2919 885 2990; x_wconf 83' lang='grc' dir='ltr'>Κύριον</span> <span class='ocrx_word' id='word_1_392' title='bbox 926 2918 1022 2971; x_wconf 75' lang='grc' dir='ltr'><strong><em>καὶ</em></strong></span> <span class='ocrx_word' id='word_1_393' title='bbox 1065 2916 1195 2970; x_wconf 86' lang='grc' dir='ltr'>Θεὸν</span> <span class='ocrx_word' id='word_1_394' title='bbox 1242 2913 1650 2987; x_wconf 82' lang='grc' dir='ltr'>προσαγορεύει.</span> <span class='ocrx_word' id='word_1_395' title='bbox 1698 2910 1863 2978; x_wconf 78' lang='grc' dir='ltr'>Αὖθίς</span> <span class='ocrx_word' id='word_1_396' title='bbox 1904 2932 1964 2967; x_wconf 89' lang='grc' dir='ltr'><strong><em>τε</em></strong></span> 
     </span>
    </p>
   </div>
   <div class='ocr_carea' id='block_1_47' title="bbox 395 3007 1965 3084">
    <p class='ocr_par' dir='ltr' id='par_1_47' title="bbox 395 3007 1965 3084">
     <span class='ocr_line' id='line_1_47' title="bbox 395 3007 1965 3084; baseline -0.003 -18"><span class='ocrx_word' id='word_1_397' title='bbox 395 3012 596 3083; x_wconf 80' lang='grc' dir='ltr'>ὁμοίως</span> <span class='ocrx_word' id='word_1_398' title='bbox 609 3014 643 3084; x_wconf 77' lang='grc' dir='ltr'>ἠ</span> <span class='ocrx_word' id='word_1_399' title='bbox 660 3011 848 3083; x_wconf 81' lang='grc' dir='ltr'>Γραφὴ</span> <span class='ocrx_word' id='word_1_400' title='bbox 857 3011 1022 3080; x_wconf 81' lang='grc' dir='ltr'>λέγει’</span> <span class='ocrx_word' id='word_1_401' title='bbox 1038 3010 1147 3065; x_wconf 76' lang='grc' dir='ltr'>Καὶ</span> <span class='ocrx_word' id='word_1_402' title='bbox 1163 3010 1389 3079; x_wconf 77' lang='grc' dir='ltr'>ὲλάλησε</span> <span class='ocrx_word' id='word_1_403' title='bbox 1406 3009 1607 3081; x_wconf 82' lang='grc' dir='ltr'>Κύριος</span> <span class='ocrx_word' id='word_1_404' title='bbox 1619 3007 1825 3072; x_wconf 79' lang='grc' dir='ltr'>πάντας</span> <span class='ocrx_word' id='word_1_405' title='bbox 1840 3009 1965 3073; x_wconf 79' lang='grc' dir='ltr'>τοὺς</span> 
     </span>
    </p>
   </div>
   <div class='ocr_carea' id='block_1_48' title="bbox 396 3098 1964 3170">
    <p class='ocr_par' dir='ltr' id='par_1_48' title="bbox 396 3098 1964 3170">
     <span class='ocr_line' id='line_1_48' title="bbox 396 3098 1964 3170; baseline -0.003 -16"><span class='ocrx_word' id='word_1_406' title='bbox 396 3102 588 3170; x_wconf 78' lang='grc' dir='ltr'>λόγους</span> <span class='ocrx_word' id='word_1_407' title='bbox 622 3100 841 3164; x_wconf 84' lang='grc' dir='ltr'>τούτους</span> <span class='ocrx_word' id='word_1_408' title='bbox 863 3100 1051 3168; x_wconf 80' lang='grc' dir='ltr'>λέγων·</span> <span class='ocrx_word' id='word_1_409' title='bbox 1264 3100 1479 3167; x_wconf 84' lang='grc' dir='ltr'>Κύριος</span> <span class='ocrx_word' id='word_1_410' title='bbox 1507 3100 1540 3152; x_wconf 87' lang='grc' dir='ltr'><em>ὀ</em></span> <span class='ocrx_word' id='word_1_411' title='bbox 1581 3099 1725 3161; x_wconf 85' lang='grc' dir='ltr'>Θεός</span> <span class='ocrx_word' id='word_1_412' title='bbox 1757 3110 1894 3161; x_wconf 90' lang='grc' dir='ltr'>σου,</span> <span class='ocrx_word' id='word_1_413' title='bbox 1930 3099 1964 3150; x_wconf 84' lang='grc' dir='ltr'><em>ὀ</em></span> 
     </span>
    </p>
   </div>
   <div class='ocr_carea' id='block_1_49' title="bbox 2070 1998 3632 2073">
    <p class='ocr_par' dir='ltr' id='par_1_49' title="bbox 2070 1998 3632 2073">
     <span class='ocr_line' id='line_1_49' title="bbox 2070 1998 3632 2073; baseline 0.005 -23"><span class='ocrx_word' id='word_1_414' title='bbox 2070 2017 2097 2050; x_wconf 80' lang='grc' dir='ltr'>ι·</span> <span class='ocrx_word' id='word_1_415' title='bbox 2129 1998 2423 2054; x_wconf 89' lang='lat' dir='ltr'><strong><em>secundum</em></strong></span> <span class='ocrx_word' id='word_1_416' title='bbox 2466 1999 2566 2055; x_wconf 88' lang='lat' dir='ltr'><strong><em>sibi</em></strong></span> <span class='ocrx_word' id='word_1_417' title='bbox 2612 2001 2922 2073; x_wconf 78' lang='lat' dir='ltr'><strong><em>conﬁngere</em></strong></span> <span class='ocrx_word' id='word_1_418' title='bbox 2960 2002 3125 2058; x_wconf 90' lang='lat' dir='ltr'><strong><em>Deum</em></strong></span> <span class='ocrx_word' id='word_1_419' title='bbox 3160 2004 3247 2058; x_wconf 88' lang='lat' dir='ltr'><strong><em>isti</em></strong></span> <span class='ocrx_word' id='word_1_420' title='bbox 3289 2002 3496 2070; x_wconf 67' lang='lat' dir='ltr'><strong><em>volunt,</em></strong></span> <span class='ocrx_word' id='word_1_421' title='bbox 3532 2003 3632 2073; x_wconf 78' lang='lat' dir='ltr'><strong><em>by—</em></strong></span> 
     </span>
    </p>
   </div>
   <div class='ocr_carea' id='block_1_50' title="bbox 2070 2091 3644 2164">
    <p class='ocr_par' dir='ltr' id='par_1_50' title="bbox 2070 2091 3644 2164">
     <span class='ocr_line' id='line_1_50' title="bbox 2070 2091 3644 2164; baseline 0.004 -22"><span class='ocrx_word' id='word_1_422' title='bbox 2070 2109 2088 2142; x_wconf 78' lang='grc' dir='ltr'><strong><em>ι</em></strong></span> <span class='ocrx_word' id='word_1_423' title='bbox 2126 2091 2326 2161; x_wconf 87' lang='lat' dir='ltr'><strong><em>postasi</em></strong></span> <span class='ocrx_word' id='word_1_424' title='bbox 2357 2091 2576 2160; x_wconf 85' lang='lat' dir='ltr'><strong><em>quidem</em></strong></span> <span class='ocrx_word' id='word_1_425' title='bbox 2611 2093 2760 2148; x_wconf 90' lang='lat' dir='ltr'><strong><em>illum</em></strong></span> <span class='ocrx_word' id='word_1_426' title='bbox 2799 2105 2855 2150; x_wconf 88' lang='lat' dir='ltr'><strong><em>et</em></strong></span> <span class='ocrx_word' id='word_1_427' title='bbox 2887 2095 3127 2164; x_wconf 80' lang='lat' dir='ltr'><strong><em>potentia</em></strong></span> <span class='ocrx_word' id='word_1_428' title='bbox 3155 2109 3186 2149; x_wconf 89' lang='lat' dir='ltr'><strong><em>a</em></strong></span> <span class='ocrx_word' id='word_1_429' title='bbox 3220 2094 3381 2149; x_wconf 77' lang='lat' dir='ltr'><strong><em>Patre</em></strong></span> <span class='ocrx_word' id='word_1_430' title='bbox 3411 2109 3644 2164; x_wconf 74' lang='lat' dir='ltr'><strong><em>Separa-</em></strong></span> 
     </span>
    </p>
   </div>
   <div class='ocr_carea' id='block_1_51' title="bbox 2071 2184 3647 2257">
    <p class='ocr_par' dir='ltr' id='par_1_51' title="bbox 2071 2184 3647 2257">
     <span class='ocr_line' id='line_1_51' title="bbox 2071 2184 3647 2257; baseline 0.004 -22"><span class='ocrx_word' id='word_1_431' title='bbox 2071 2203 2095 2235; x_wconf 80' lang='grc' dir='ltr'><strong><em>ι</em></strong></span> <span class='ocrx_word' id='word_1_432' title='bbox 2127 2192 2260 2239; x_wconf 90' lang='lat' dir='ltr'><strong><em>tum.</em></strong></span> <span class='ocrx_word' id='word_1_433' title='bbox 2301 2201 2325 2237; x_wconf 75' lang='grc' dir='ltr'><strong><em>ι</em></strong></span> <span class='ocrx_word' id='word_1_434' title='bbox 2363 2190 2421 2249; x_wconf 53' lang='grc' dir='ltr'>ὦ</span> <span class='ocrx_word' id='word_1_435' title='bbox 2462 2184 2877 2255; x_wconf 85' lang='lat' dir='ltr'><strong><em>Subsequuntur</em></strong></span> <span class='ocrx_word' id='word_1_436' title='bbox 2911 2187 3108 2257; x_wconf 87' lang='lat' dir='ltr'><strong><em>quibus</em></strong></span> <span class='ocrx_word' id='word_1_437' title='bbox 3143 2186 3489 2242; x_wconf 88' lang='lat' dir='ltr'><strong><em>constabilire</em></strong></span> <span class='ocrx_word' id='word_1_438' title='bbox 3517 2186 3647 2241; x_wconf 75' lang='lat' dir='ltr'><strong><em>vult</em></strong></span> 
     </span>
    </p>
   </div>
   <div class='ocr_carea' id='block_1_52' title="bbox 2066 2276 3633 2349">
    <p class='ocr_par' dir='ltr' id='par_1_52' title="bbox 2066 2276 3633 2349">
     <span class='ocr_line' id='line_1_52' title="bbox 2066 2276 3633 2349; baseline 0.004 -21"><span class='ocrx_word' id='word_1_439' title='bbox 2066 2291 2229 2330; x_wconf 85' lang='lat' dir='ltr'><strong><em>unum</em></strong></span> <span class='ocrx_word' id='word_1_440' title='bbox 2276 2290 2397 2331; x_wconf 89' lang='lat' dir='ltr'><strong><em>esse</em></strong></span> <span class='ocrx_word' id='word_1_441' title='bbox 2420 2276 2585 2331; x_wconf 91' lang='lat' dir='ltr'><strong><em>Deum</em></strong></span> <span class='ocrx_word' id='word_1_442' title='bbox 2613 2291 2627 2331; x_wconf 89' lang='lat'><strong>:</strong></span> <span class='ocrx_word' id='word_1_443' title='bbox 2652 2287 2705 2333; x_wconf 87' lang='lat' dir='ltr'><strong><em>et</em></strong></span> <span class='ocrx_word' id='word_1_444' title='bbox 2736 2278 2877 2349; x_wconf 89' lang='lat' dir='ltr'><strong><em>quod</em></strong></span> <span class='ocrx_word' id='word_1_445' title='bbox 2917 2294 3022 2334; x_wconf 92' lang='lat' dir='ltr'><strong><em>non</em></strong></span> <span class='ocrx_word' id='word_1_446' title='bbox 3052 2280 3331 2348; x_wconf 83' lang='lat' dir='ltr'><strong><em>sitFilius,</em></strong></span> <span class='ocrx_word' id='word_1_447' title='bbox 3351 2281 3449 2337; x_wconf 84' lang='lat' dir='ltr'><strong><em>ista</em></strong></span> <span class='ocrx_word' id='word_1_448' title='bbox 3477 2297 3633 2337; x_wconf 86' lang='lat' dir='ltr'><strong><em>nem-</em></strong></span> 
     </span>
    </p>
   </div>
   <div class='ocr_carea' id='block_1_53' title="bbox 2066 2366 3655 2441">
    <p class='ocr_par' dir='ltr' id='par_1_53' title="bbox 2066 2366 3655 2441">
     <span class='ocr_line' id='line_1_53' title="bbox 2066 2366 3655 2441; baseline 0.006 -20"><span class='ocrx_word' id='word_1_449' title='bbox 2066 2384 2151 2438; x_wconf 87' lang='lat' dir='ltr'><strong><em>pe.</em></strong></span> <span class='ocrx_word' id='word_1_450' title='bbox 2182 2387 2201 2420; x_wconf 77' lang='grc' dir='ltr'><strong><em>ι</em></strong></span> <span class='ocrx_word' id='word_1_451' title='bbox 2237 2366 2356 2423; x_wconf 62' lang='lat' dir='ltr'><strong><em>iam</em></strong></span> <span class='ocrx_word' id='word_1_452' title='bbox 2373 2372 3110 2428; x_wconf 80' lang='lat' dir='ltr'><strong><em>certeconstatetmaniresto</em></strong></span> <span class='ocrx_word' id='word_1_453' title='bbox 3132 2372 3185 2427; x_wconf 91' lang='lat' dir='ltr'><strong><em>in</em></strong></span> <span class='ocrx_word' id='word_1_454' title='bbox 3210 2373 3655 2441; x_wconf 47' lang='lat' dir='ltr'><strong><em>praecedentibus»</em></strong></span> 
     </span>
    </p>
   </div>
   <div class='ocr_carea' id='block_1_54' title="bbox 2070 2462 3653 2536">
    <p class='ocr_par' dir='ltr' id='par_1_54' title="bbox 2070 2462 3653 2536">
     <span class='ocr_line' id='line_1_54' title="bbox 2070 2462 3653 2536; baseline 0.002 -22"><span class='ocrx_word' id='word_1_455' title='bbox 2070 2481 2087 2514; x_wconf 80' lang='grc' dir='ltr'><strong><em>ι</em></strong></span> <span class='ocrx_word' id='word_1_456' title='bbox 2129 2462 2458 2517; x_wconf 75' lang='lat' dir='ltr'><strong><em>declaratum</em></strong></span> <span class='ocrx_word' id='word_1_457' title='bbox 2489 2473 2593 2528; x_wconf 87' lang='lat' dir='ltr'><strong><em>est,</em></strong></span> <span class='ocrx_word' id='word_1_458' title='bbox 2628 2464 2773 2533; x_wconf 85' lang='lat' dir='ltr'><strong><em>quod</em></strong></span> <span class='ocrx_word' id='word_1_459' title='bbox 2805 2465 2955 2519; x_wconf 87' lang='lat' dir='ltr'><strong><em>novit</em></strong></span> <span class='ocrx_word' id='word_1_460' title='bbox 2978 2476 3322 2521; x_wconf 79' lang='lat' dir='ltr'><strong><em>sacrosancta</em></strong></span> <span class='ocrx_word' id='word_1_461' title='bbox 3354 2466 3653 2536; x_wconf 84' lang='lat' dir='ltr'><strong><em>Scriptura.</em></strong></span> 
     </span>
    </p>
   </div>
   <div class='ocr_carea' id='block_1_55' title="bbox 2071 2554 3651 2627">
    <p class='ocr_par' dir='ltr' id='par_1_55' title="bbox 2071 2554 3651 2627">
     <span class='ocr_line' id='line_1_55' title="bbox 2071 2554 3651 2627; baseline 0.004 -22"><span class='ocrx_word' id='word_1_462' title='bbox 2071 2574 2087 2604; x_wconf 78' lang='grc' dir='ltr'><strong><em>ι</em></strong></span> <span class='ocrx_word' id='word_1_463' title='bbox 2125 2554 2388 2609; x_wconf 88' lang='lat' dir='ltr'><strong><em>unitatem</em></strong></span> <span class='ocrx_word' id='word_1_464' title='bbox 2424 2554 2593 2610; x_wconf 88' lang='lat' dir='ltr'><strong><em>Deum</em></strong></span> <span class='ocrx_word' id='word_1_465' title='bbox 2648 2567 2814 2627; x_wconf 90' lang='lat' dir='ltr'><strong><em>atque</em></strong></span> <span class='ocrx_word' id='word_1_466' title='bbox 2849 2556 3133 2611; x_wconf 90' lang='lat' dir='ltr'><strong><em>Dominum</em></strong></span> <span class='ocrx_word' id='word_1_467' title='bbox 3172 2557 3498 2612; x_wconf 85' lang='lat' dir='ltr'><strong><em>nominare:</em></strong></span> <span class='ocrx_word' id='word_1_468' title='bbox 3541 2558 3651 2615; x_wconf 84' lang='lat' dir='ltr'><strong><em>ubi.</em></strong></span> 
     </span>
    </p>
   </div>
   <div class='ocr_carea' id='block_1_56' title="bbox 2071 2646 3646 2704">
    <p class='ocr_par' dir='ltr' id='par_1_56' title="bbox 2071 2646 3646 2704">
     <span class='ocr_line' id='line_1_56' title="bbox 2071 2646 3646 2704; baseline 0.003 -6"><span class='ocrx_word' id='word_1_469' title='bbox 2071 2666 2089 2698; x_wconf 81' lang='grc' dir='ltr'><strong><em>ι</em></strong></span> <span class='ocrx_word' id='word_1_470' title='bbox 2126 2648 2208 2703; x_wconf 89' lang='lat' dir='ltr'><strong><em>sic</em></strong></span> <span class='ocrx_word' id='word_1_471' title='bbox 2254 2646 2455 2702; x_wconf 81' lang='lat' dir='ltr'><strong><em>aﬂatur</em></strong></span> <span class='ocrx_word' id='word_1_472' title='bbox 2486 2647 2745 2703; x_wconf 76' lang='lat' dir='ltr'><strong><em>famulum</em></strong></span> <span class='ocrx_word' id='word_1_473' title='bbox 2778 2663 2934 2704; x_wconf 87' lang='lat' dir='ltr'><strong><em>suum</em></strong></span> <span class='ocrx_word' id='word_1_474' title='bbox 2979 2647 3180 2704; x_wconf 82' lang='lat' dir='ltr'><strong><em>Mosem</em></strong></span> <span class='ocrx_word' id='word_1_475' title='bbox 3213 2662 3228 2702; x_wconf 91' lang='lat'><strong>:</strong></span> <span class='ocrx_word' id='word_1_476' title='bbox 3267 2649 3411 2702; x_wconf 72' lang='lat' dir='ltr'><strong><em>Dixit</em></strong></span> <span class='ocrx_word' id='word_1_477' title='bbox 3458 2659 3646 2703; x_wconf 74' lang='lat' dir='ltr'><strong><em>autem</em></strong></span> 
     </span>
    </p>
   </div>
   <div class='ocr_carea' id='block_1_57' title="bbox 2070 2739 3635 2806">
    <p class='ocr_par' dir='ltr' id='par_1_57' title="bbox 2070 2739 3635 2806">
     <span class='ocr_line' id='line_1_57' title="bbox 2070 2739 3635 2806; baseline 0.004 -14"><span class='ocrx_word' id='word_1_478' title='bbox 2070 2759 2089 2792; x_wconf 79' lang='grc' dir='ltr'><strong><em>ι</em></strong></span> <span class='ocrx_word' id='word_1_479' title='bbox 2129 2739 2269 2795; x_wconf 89' lang='lat' dir='ltr'><strong><em>Deus</em></strong></span> <span class='ocrx_word' id='word_1_480' title='bbox 2316 2742 2509 2795; x_wconf 85' lang='lat' dir='ltr'><strong><em>iterum</em></strong></span> <span class='ocrx_word' id='word_1_481' title='bbox 2556 2742 2624 2797; x_wconf 84' lang='lat' dir='ltr'><strong><em>ad</em></strong></span> <span class='ocrx_word' id='word_1_482' title='bbox 2666 2741 2887 2806; x_wconf 84' lang='lat' dir='ltr'><strong><em>Mosem,</em></strong></span> <span class='ocrx_word' id='word_1_483' title='bbox 2930 2743 3006 2796; x_wconf 88' lang='lat' dir='ltr'><strong><em>sic</em></strong></span> <span class='ocrx_word' id='word_1_484' title='bbox 3053 2742 3191 2796; x_wconf 86' lang='lat' dir='ltr'><strong><em>dices</em></strong></span> <span class='ocrx_word' id='word_1_485' title='bbox 3221 2740 3269 2795; x_wconf 84' lang='lat' dir='ltr'><em>F</em></span> <span class='ocrx_word' id='word_1_486' title='bbox 3273 2741 3378 2797; x_wconf 88' lang='lat' dir='ltr'><strong><em>iliis</em></strong></span> <span class='ocrx_word' id='word_1_487' title='bbox 3412 2740 3585 2797; x_wconf 86' lang='lat' dir='ltr'><strong><em>Israel</em></strong></span> <span class='ocrx_word' id='word_1_488' title='bbox 3612 2757 3635 2798; x_wconf 90' lang='lat'><strong><em>:</em></strong></span> 
     </span>
    </p>
   </div>
   <div class='ocr_carea' id='block_1_58' title="bbox 2071 2829 3631 2902">
    <p class='ocr_par' dir='ltr' id='par_1_58' title="bbox 2071 2829 3631 2902">
     <span class='ocr_line' id='line_1_58' title="bbox 2071 2829 3631 2902; baseline 0.003 -20"><span class='ocrx_word' id='word_1_489' title='bbox 2071 2848 2089 2882; x_wconf 80' lang='grc' dir='ltr'><strong><em>ι</em></strong></span> <span class='ocrx_word' id='word_1_490' title='bbox 2127 2829 2382 2885; x_wconf 84' lang='lat' dir='ltr'><strong><em>Dominus</em></strong></span> <span class='ocrx_word' id='word_1_491' title='bbox 2410 2830 2549 2886; x_wconf 86' lang='lat' dir='ltr'><strong><em>Deus</em></strong></span> <span class='ocrx_word' id='word_1_492' title='bbox 2592 2843 2801 2902; x_wconf 81' lang='lat' dir='ltr'><strong><em>patrum</em></strong></span> <span class='ocrx_word' id='word_1_493' title='bbox 2818 2841 3137 2897; x_wconf 79' lang='lat' dir='ltr'><strong><em>uestrorum,</em></strong></span> <span class='ocrx_word' id='word_1_494' title='bbox 3173 2831 3313 2886; x_wconf 89' lang='lat' dir='ltr'><strong><em>Deus</em></strong></span> <span class='ocrx_word' id='word_1_495' title='bbox 3340 2830 3631 2899; x_wconf 83' lang='lat' dir='ltr'><strong><em>Abraham,</em></strong></span> 
     </span>
    </p>
   </div>
   <div class='ocr_carea' id='block_1_59' title="bbox 2047 2918 3629 2990">
    <p class='ocr_par' dir='ltr' id='par_1_59' title="bbox 2047 2918 3629 2990">
     <span class='ocr_line' id='line_1_59' title="bbox 2047 2918 3629 2990; baseline 0.001 -18"><span class='ocrx_word' id='word_1_496' title='bbox 2047 2942 2087 2986; x_wconf 62' lang='grc' dir='ltr'>ηι</span> <span class='ocrx_word' id='word_1_497' title='bbox 2125 2918 2262 2976; x_wconf 82' lang='lat' dir='ltr'><strong><em>Deus</em></strong></span> <span class='ocrx_word' id='word_1_498' title='bbox 2291 2919 2470 2990; x_wconf 91' lang='lat' dir='ltr'><strong><em>Isaac,</em></strong></span> <span class='ocrx_word' id='word_1_499' title='bbox 2509 2932 2556 2977; x_wconf 89' lang='lat' dir='ltr'><strong><em>et</em></strong></span> <span class='ocrx_word' id='word_1_500' title='bbox 2605 2921 2745 2976; x_wconf 87' lang='lat' dir='ltr'><strong><em>Deus</em></strong></span> <span class='ocrx_word' id='word_1_501' title='bbox 2771 2922 2937 2976; x_wconf 76' lang='lat' dir='ltr'><strong><em>Iacob</em></strong></span> <span class='ocrx_word' id='word_1_502' title='bbox 2968 2922 3112 2974; x_wconf 85' lang='lat' dir='ltr'><strong><em>misit</em></strong></span> <span class='ocrx_word' id='word_1_503' title='bbox 3155 2938 3236 2975; x_wconf 91' lang='lat' dir='ltr'><strong><em>me</em></strong></span> <span class='ocrx_word' id='word_1_504' title='bbox 3274 2922 3343 2975; x_wconf 90' lang='lat' dir='ltr'><strong><em>ad</em></strong></span> <span class='ocrx_word' id='word_1_505' title='bbox 3393 2939 3480 2977; x_wconf 85' lang='lat' dir='ltr'><strong><em>vos</em></strong></span> <span class='ocrx_word' id='word_1_506' title='bbox 3513 2923 3576 2977; x_wconf 86' lang='grc'>¹⁹.</span> <span class='ocrx_word' id='word_1_507' title='bbox 3608 2940 3629 2974; x_wconf 80' lang='lat' dir='ltr'><strong><em>s</em></strong></span> 
     </span>
    </p>
   </div>
   <div class='ocr_carea' id='block_1_60' title="bbox 2067 3011 3635 3082">
    <p class='ocr_par' dir='ltr' id='par_1_60' title="bbox 2067 3011 3635 3082">
     <span class='ocr_line' id='line_1_60' title="bbox 2067 3011 3635 3082; baseline -0.001 -17"><span class='ocrx_word' id='word_1_508' title='bbox 2067 3011 2229 3067; x_wconf 81' lang='lat' dir='ltr'><strong><em>Vides</em></strong></span> <span class='ocrx_word' id='word_1_509' title='bbox 2258 3012 2335 3067; x_wconf 88' lang='lat' dir='ltr'><strong><em>uti</em></strong></span> <span class='ocrx_word' id='word_1_510' title='bbox 2379 3026 2500 3067; x_wconf 90' lang='lat' dir='ltr'><strong><em>cum</em></strong></span> <span class='ocrx_word' id='word_1_511' title='bbox 2531 3012 2620 3069; x_wconf 85' lang='lat' dir='ltr'><strong><em>hic</em></strong></span> <span class='ocrx_word' id='word_1_512' title='bbox 2658 3013 2874 3067; x_wconf 89' lang='lat' dir='ltr'><strong><em>unicam</em></strong></span> <span class='ocrx_word' id='word_1_513' title='bbox 2911 3027 3198 3082; x_wconf 83' lang='lat' dir='ltr'><strong><em>personam</em></strong></span> <span class='ocrx_word' id='word_1_514' title='bbox 3239 3012 3451 3077; x_wconf 84' lang='lat' dir='ltr'><strong><em>doceat,</em></strong></span> <span class='ocrx_word' id='word_1_515' title='bbox 3482 3027 3635 3066; x_wconf 86' lang='lat' dir='ltr'><strong><em>cam-</em></strong></span> 
     </span>
    </p>
   </div>
   <div class='ocr_carea' id='block_1_61' title="bbox 2065 3102 3648 3175">
    <p class='ocr_par' dir='ltr' id='par_1_61' title="bbox 2065 3102 3648 3175">
     <span class='ocr_line' id='line_1_61' title="bbox 2065 3102 3648 3175; baseline -0.001 -16"><span class='ocrx_word' id='word_1_516' title='bbox 2065 3104 2186 3159; x_wconf 85' lang='lat' dir='ltr'><strong><em>dem</em></strong></span> <span class='ocrx_word' id='word_1_517' title='bbox 2218 3112 2272 3158; x_wconf 91' lang='lat' dir='ltr'><strong><em>et</em></strong></span> <span class='ocrx_word' id='word_1_518' title='bbox 2300 3102 2582 3159; x_wconf 87' lang='lat' dir='ltr'><strong><em>Dominum</em></strong></span> <span class='ocrx_word' id='word_1_519' title='bbox 2612 3104 2844 3175; x_wconf 86' lang='lat' dir='ltr'><strong><em>appellet</em></strong></span> <span class='ocrx_word' id='word_1_520' title='bbox 2864 3112 2918 3159; x_wconf 90' lang='lat' dir='ltr'><strong><em>et</em></strong></span> <span class='ocrx_word' id='word_1_521' title='bbox 2942 3103 3130 3158; x_wconf 90' lang='lat' dir='ltr'><strong><em>Deum.</em></strong></span> <span class='ocrx_word' id='word_1_522' title='bbox 3176 3102 3281 3158; x_wconf 86' lang='lat' dir='ltr'><strong><em>Sed</em></strong></span> <span class='ocrx_word' id='word_1_523' title='bbox 3332 3112 3387 3158; x_wconf 93' lang='lat' dir='ltr'><strong><em>et</em></strong></span> <span class='ocrx_word' id='word_1_524' title='bbox 3435 3102 3648 3158; x_wconf 77' lang='lat' dir='ltr'><strong><em>iterum.</em></strong></span> 
     </span>
    </p>
   </div>
   <div class='ocr_carea' id='block_1_62' title="bbox 394 3188 1965 3278">
    <p class='ocr_par' dir='ltr' id='par_1_62' title="bbox 394 3188 1959 3263">
     <span class='ocr_line' id='line_1_62' title="bbox 394 3188 1959 3263; baseline -0.005 -13"><span class='ocrx_word' id='word_1_525' title='bbox 394 3193 701 3263; x_wconf 70' lang='grc' dir='ltr'>ἐξαγαγών</span> <span class='ocrx_word' id='word_1_526' title='bbox 728 3207 802 3247; x_wconf 91' lang='grc' dir='ltr'><strong><em>σε</em></strong></span> <span class='ocrx_word' id='word_1_527' title='bbox 820 3192 886 3246; x_wconf 85' lang='grc' dir='ltr'>ἐκ</span> <span class='ocrx_word' id='word_1_528' title='bbox 909 3191 1020 3262; x_wconf 80' lang='grc' dir='ltr'><strong><em>τῆς</em></strong></span> <span class='ocrx_word' id='word_1_529' title='bbox 1034 3191 1352 3260; x_wconf 75' lang='grc' dir='ltr'>Αἰγύπτου,</span> <span class='ocrx_word' id='word_1_530' title='bbox 1374 3189 1442 3255; x_wconf 80' lang='grc' dir='ltr'><strong><em>ἐξ</em></strong></span> <span class='ocrx_word' id='word_1_531' title='bbox 1472 3189 1640 3244; x_wconf 77' lang='grc' dir='ltr'>οἴκου</span> <span class='ocrx_word' id='word_1_532' title='bbox 1662 3188 1959 3254; x_wconf 74' lang='grc' dir='ltr'>δουλείας·</span> 
     </span>
    </p>
   </div>
   <div class='ocr_carea' id='block_1_63' title="bbox 2067 3188 3653 3278">
    <p class='ocr_par' dir='ltr' id='par_1_63' title="bbox 2069 3194 3653 3267">
     <span class='ocr_line' id='line_1_63' title="bbox 2069 3194 3653 3267; baseline -0.001 -15"><span class='ocrx_word' id='word_1_533' title='bbox 2069 3196 2347 3266; x_wconf 85' lang='lat' dir='ltr'><strong><em>Scriptura</em></strong></span> <span class='ocrx_word' id='word_1_534' title='bbox 2401 3196 2478 3253; x_wconf 89' lang='lat' dir='ltr'><strong><em>ita</em></strong></span> <span class='ocrx_word' id='word_1_535' title='bbox 2539 3196 2822 3267; x_wconf 82' lang='lat' dir='ltr'><strong><em>loquitur:</em></strong></span> <span class='ocrx_word' id='word_1_536' title='bbox 2879 3194 2948 3250; x_wconf 86' lang='lat' dir='ltr'><strong><em>Et</em></strong></span> <span class='ocrx_word' id='word_1_537' title='bbox 2992 3196 3205 3250; x_wconf 80' lang='lat' dir='ltr'><strong><em>locutus</em></strong></span> <span class='ocrx_word' id='word_1_538' title='bbox 3245 3203 3328 3250; x_wconf 86' lang='lat' dir='ltr'><strong><em>est</em></strong></span> <span class='ocrx_word' id='word_1_539' title='bbox 3376 3195 3653 3252; x_wconf 62' lang='lat' dir='ltr'><strong><em>Dominus</em></strong></span> 
     </span>
    </p>
   </div>
   <div class='ocr_carea' id='block_1_64' title="bbox 395 3280 1965 3351">
    <p class='ocr_par' dir='ltr' id='par_1_64' title="bbox 395 3280 1965 3351">
     <span class='ocr_line' id='line_1_64' title="bbox 395 3280 1965 3351; baseline -0.005 -10"><span class='ocrx_word' id='word_1_540' title='bbox 395 3288 507 3341; x_wconf 80' lang='grc' dir='ltr'>οὐκ</span> <span class='ocrx_word' id='word_1_541' title='bbox 552 3284 799 3339; x_wconf 81' lang='grc' dir='ltr'>ἔσονταί</span> <span class='ocrx_word' id='word_1_542' title='bbox 830 3298 927 3338; x_wconf 89' lang='grc' dir='ltr'><strong><em>σοι</em></strong></span> <span class='ocrx_word' id='word_1_543' title='bbox 966 3282 1088 3339; x_wconf 76' lang='grc' dir='ltr'>θεοὶ</span> <span class='ocrx_word' id='word_1_544' title='bbox 1110 3283 1297 3351; x_wconf 77' lang='grc' dir='ltr'>ἕτεροι</span> <span class='ocrx_word' id='word_1_545' title='bbox 1331 3280 1497 3349; x_wconf 75' lang='grc' dir='ltr'>πλὴν</span> <span class='ocrx_word' id='word_1_546' title='bbox 1518 3280 1684 3350; x_wconf 77' lang='grc' dir='ltr'>ἐμοῦ.</span> <span class='ocrx_word' id='word_1_547' title='bbox 1726 3280 1965 3345; x_wconf 82' lang='grc' dir='ltr'>’Δκούεις</span> 
     </span>
    </p>
   </div>
   <div class='ocr_carea' id='block_1_65' title="bbox 392 3367 1968 3446">
    <p class='ocr_par' dir='ltr' id='par_1_65' title="bbox 392 3367 1968 3446">
     <span class='ocr_line' id='line_1_65' title="bbox 392 3367 1968 3446; baseline -0.004 -15"><span class='ocrx_word' id='word_1_548' title='bbox 392 3377 542 3440; x_wconf 81' lang='grc' dir='ltr'>ὅπως</span> <span class='ocrx_word' id='word_1_549' title='bbox 572 3374 660 3429; x_wconf 85' lang='grc' dir='ltr'>διὰ</span> <span class='ocrx_word' id='word_1_550' title='bbox 689 3377 788 3446; x_wconf 79' lang='grc' dir='ltr'><strong><em>τῆς</em></strong></span> <span class='ocrx_word' id='word_1_551' title='bbox 822 3374 1166 3445; x_wconf 83' lang='grc' dir='ltr'>άντωνυμίας</span> <span class='ocrx_word' id='word_1_552' title='bbox 1191 3373 1288 3427; x_wconf 66' lang='grc' dir='ltr'>ἕνα</span> <span class='ocrx_word' id='word_1_553' title='bbox 1319 3367 1459 3425; x_wconf 81' lang='grc' dir='ltr'>εἶναι</span> <span class='ocrx_word' id='word_1_554' title='bbox 1481 3371 1612 3426; x_wconf 90' lang='grc' dir='ltr'>Θεὸν</span> <span class='ocrx_word' id='word_1_555' title='bbox 1647 3371 1804 3442; x_wconf 83' lang='grc' dir='ltr'>μόνον</span> <span class='ocrx_word' id='word_1_556' title='bbox 1833 3372 1968 3425; x_wconf 86' lang='grc' dir='ltr'>ἁπο-</span> 
     </span>
    </p>
   </div>
   <div class='ocr_carea' id='block_1_66' title="bbox 391 3458 1966 3537">
    <p class='ocr_par' dir='ltr' id='par_1_66' title="bbox 391 3458 1966 3537">
     <span class='ocr_line' id='line_1_66' title="bbox 391 3458 1966 3537; baseline -0.004 -19"><span class='ocrx_word' id='word_1_557' title='bbox 391 3465 659 3537; x_wconf 77' lang='grc' dir='ltr'>φαίνεται.</span> <span class='ocrx_word' id='word_1_558' title='bbox 725 3464 835 3518; x_wconf 79' lang='grc' dir='ltr'><strong><em>Καὶ</em></strong></span> <span class='ocrx_word' id='word_1_559' title='bbox 890 3460 1045 3527; x_wconf 72' lang='grc' dir='ltr'>αὖθις</span> <span class='ocrx_word' id='word_1_560' title='bbox 1094 3462 1286 3535; x_wconf 82' lang='grc' dir='ltr'>μικρὸν</span> <span class='ocrx_word' id='word_1_561' title='bbox 1337 3461 1579 3533; x_wconf 75' lang='grc' dir='ltr'>ὓστερον,</span> <span class='ocrx_word' id='word_1_562' title='bbox 1649 3458 1795 3530; x_wconf 77' lang='grc' dir='ltr'><strong><em>Ἐγώ</em></strong></span> <span class='ocrx_word' id='word_1_563' title='bbox 1850 3462 1966 3529; x_wconf 76' lang='grc' dir='ltr'>εἰμι</span> 
     </span>
    </p>
   </div>
   <div class='ocr_carea' id='block_1_67' title="bbox 389 3551 1965 3627">
    <p class='ocr_par' dir='ltr' id='par_1_67' title="bbox 389 3551 1965 3627">
     <span class='ocr_line' id='line_1_67' title="bbox 389 3551 1965 3627; baseline -0.006 -14"><span class='ocrx_word' id='word_1_564' title='bbox 389 3559 605 3627; x_wconf 79' lang='grc' dir='ltr'>Κύριος</span> <span class='ocrx_word' id='word_1_565' title='bbox 629 3559 662 3611; x_wconf 88' lang='grc' dir='ltr'><em>ὁ</em></span> <span class='ocrx_word' id='word_1_566' title='bbox 693 3557 838 3621; x_wconf 87' lang='grc' dir='ltr'>Θεός</span> <span class='ocrx_word' id='word_1_567' title='bbox 874 3570 1013 3618; x_wconf 89' lang='grc' dir='ltr'>σου,</span> <span class='ocrx_word' id='word_1_568' title='bbox 1055 3555 1236 3624; x_wconf 76' lang='grc' dir='ltr'>φησίψ</span> <span class='ocrx_word' id='word_1_569' title='bbox 1270 3553 1458 3609; x_wconf 77' lang='grc' dir='ltr'>ἑαυτὸν</span> <span class='ocrx_word' id='word_1_570' title='bbox 1490 3551 1692 3625; x_wconf 76' lang='grc' dir='ltr'>Κύριον</span> <span class='ocrx_word' id='word_1_571' title='bbox 1723 3552 1816 3607; x_wconf 74' lang='grc' dir='ltr'><strong><em>καὶ</em></strong></span> <span class='ocrx_word' id='word_1_572' title='bbox 1834 3551 1965 3605; x_wconf 87' lang='grc' dir='ltr'>Θεὸν</span> 
     </span>
    </p>
   </div>
   <div class='ocr_carea' id='block_1_68' title="bbox 393 3643 1965 3719">
    <p class='ocr_par' dir='ltr' id='par_1_68' title="bbox 393 3643 1965 3719">
     <span class='ocr_line' id='line_1_68' title="bbox 393 3643 1965 3719; baseline -0.004 -15"><span class='ocrx_word' id='word_1_573' title='bbox 393 3647 535 3705; x_wconf 72' lang='grc' dir='ltr'>εἶναι</span> <span class='ocrx_word' id='word_1_574' title='bbox 560 3648 751 3718; x_wconf 84' lang='grc' dir='ltr'>λέγων.</span> <span class='ocrx_word' id='word_1_575' title='bbox 802 3648 867 3701; x_wconf 83' lang='grc' dir='ltr'><strong><em>Τί</em></strong></span> <span class='ocrx_word' id='word_1_576' title='bbox 904 3647 962 3701; x_wconf 79' lang='grc' dir='ltr'><strong><em>δὲ</em></strong></span> <span class='ocrx_word' id='word_1_577' title='bbox 1004 3646 1098 3700; x_wconf 75' lang='grc' dir='ltr'>καὶ</span> <span class='ocrx_word' id='word_1_578' title='bbox 1134 3646 1202 3700; x_wconf 88' lang='grc' dir='ltr'>δι’</span> <span class='ocrx_word' id='word_1_579' title='bbox 1252 3647 1441 3719; x_wconf 76' lang='grc' dir='ltr'>ἑτέρας</span> <span class='ocrx_word' id='word_1_580' title='bbox 1486 3644 1703 3718; x_wconf 82' lang='grc' dir='ltr'>γραφῆς</span> <span class='ocrx_word' id='word_1_581' title='bbox 1759 3643 1965 3716; x_wconf 83' lang='grc' dir='ltr'>μανθά-</span> 
     </span>
    </p>
   </div>
   <div class='ocr_carea' id='block_1_69' title="bbox 394 3738 1964 3814">
    <p class='ocr_par' dir='ltr' id='par_1_69' title="bbox 394 3738 1964 3814">
     <span class='ocr_line' id='line_1_69' title="bbox 394 3738 1964 3814; baseline -0.006 -15"><span class='ocrx_word' id='word_1_582' title='bbox 394 3741 717 3814; x_wconf 83' lang='grc' dir='ltr'>νομεν;Καὶ</span> <span class='ocrx_word' id='word_1_583' title='bbox 732 3742 937 3811; x_wconf 75' lang='grc' dir='ltr'>γνώσῃ</span> <span class='ocrx_word' id='word_1_584' title='bbox 966 3739 1249 3809; x_wconf 76' lang='grc' dir='ltr'>σήμερον,</span> <span class='ocrx_word' id='word_1_585' title='bbox 1274 3739 1427 3811; x_wconf 78' lang='grc' dir='ltr'>φησὶ,</span> <span class='ocrx_word' id='word_1_586' title='bbox 1456 3738 1554 3793; x_wconf 84' lang='grc' dir='ltr'>καὶ</span> <span class='ocrx_word' id='word_1_587' title='bbox 1578 3740 1651 3793; x_wconf 90' lang='grc' dir='ltr'>οὑ</span> <span class='ocrx_word' id='word_1_588' title='bbox 1684 3738 1964 3807; x_wconf 87' lang='grc' dir='ltr'>διαστρα-</span> 
     </span>
    </p>
   </div>
   <div class='ocr_carea' id='block_1_70' title="bbox 394 3825 1966 3905">
    <p class='ocr_par' dir='ltr' id='par_1_70' title="bbox 394 3825 1966 3905">
     <span class='ocr_line' id='line_1_70' title="bbox 394 3825 1966 3905; baseline -0.003 -18"><span class='ocrx_word' id='word_1_589' title='bbox 394 3834 563 3905; x_wconf 71' lang='grc' dir='ltr'><strong><em>φήσῃ</em></strong></span> <span class='ocrx_word' id='word_1_590' title='bbox 594 3832 666 3902; x_wconf 77' lang='grc' dir='ltr'>τῇ</span> <span class='ocrx_word' id='word_1_591' title='bbox 710 3832 961 3900; x_wconf 76' lang='grc' dir='ltr'>διανοίᾳ,</span> <span class='ocrx_word' id='word_1_592' title='bbox 1013 3831 1103 3885; x_wconf 86' lang='grc' dir='ltr'><strong><em>ὅτι</em></strong></span> <span class='ocrx_word' id='word_1_593' title='bbox 1148 3832 1362 3899; x_wconf 86' lang='grc' dir='ltr'>Κύριος</span> <span class='ocrx_word' id='word_1_594' title='bbox 1395 3833 1427 3885; x_wconf 89' lang='grc' dir='ltr'><strong><em>ό</em></strong></span> <span class='ocrx_word' id='word_1_595' title='bbox 1454 3831 1597 3897; x_wconf 87' lang='grc' dir='ltr'>Θεός</span> <span class='ocrx_word' id='word_1_596' title='bbox 1621 3845 1759 3893; x_wconf 90' lang='grc' dir='ltr'>σου,</span> <span class='ocrx_word' id='word_1_597' title='bbox 1788 3825 1966 3896; x_wconf 85' lang='grc' dir='ltr'>οὗτος</span> 
     </span>
    </p>
   </div>
   <div class='ocr_carea' id='block_1_71' title="bbox 396 3922 1965 3993">
    <p class='ocr_par' dir='ltr' id='par_1_71' title="bbox 396 3922 1965 3993">
     <span class='ocr_line' id='line_1_71' title="bbox 396 3922 1965 3993; baseline -0.003 -12"><span class='ocrx_word' id='word_1_598' title='bbox 396 3926 539 3993; x_wconf 87' lang='grc' dir='ltr'>Θεὸς</span> <span class='ocrx_word' id='word_1_599' title='bbox 562 3924 723 3990; x_wconf 85' lang='grc' dir='ltr'><strong><em>ἐντῷ</em></strong></span> <span class='ocrx_word' id='word_1_600' title='bbox 749 3924 980 3993; x_wconf 80' lang='grc' dir='ltr'>οὐρανῷ</span> <span class='ocrx_word' id='word_1_601' title='bbox 1001 3924 1101 3977; x_wconf 78' lang='grc' dir='ltr'>καὶ</span> <span class='ocrx_word' id='word_1_602' title='bbox 1121 3924 1219 3978; x_wconf 76' lang='grc' dir='ltr'><strong><em>ἐπὶ</em></strong></span> <span class='ocrx_word' id='word_1_603' title='bbox 1252 3922 1362 3992; x_wconf 83' lang='grc' dir='ltr'>τῆς</span> <span class='ocrx_word' id='word_1_604' title='bbox 1388 3922 1499 3993; x_wconf 76' lang='grc' dir='ltr'><strong><em>τῆς</em></strong></span> <span class='ocrx_word' id='word_1_605' title='bbox 1516 3922 1695 3988; x_wconf 77' lang='grc' dir='ltr'>κάτω,</span> <span class='ocrx_word' id='word_1_606' title='bbox 1729 3923 1827 3976; x_wconf 76' lang='grc' dir='ltr'>καὶ</span> <span class='ocrx_word' id='word_1_607' title='bbox 1854 3924 1965 3977; x_wconf 85' lang='grc' dir='ltr'>οὐκ</span> 
     </span>
    </p>
   </div>
   <div class='ocr_carea' id='block_1_72' title="bbox 393 4013 1967 4087">
    <p class='ocr_par' dir='ltr' id='par_1_72' title="bbox 393 4013 1967 4087">
     <span class='ocr_line' id='line_1_72' title="bbox 393 4013 1967 4087; baseline -0.003 -13"><span class='ocrx_word' id='word_1_608' title='bbox 393 4019 525 4074; x_wconf 70' lang='grc' dir='ltr'>ἐστι</span> <span class='ocrx_word' id='word_1_609' title='bbox 546 4017 714 4086; x_wconf 76' lang='grc' dir='ltr'>πλὴν</span> <span class='ocrx_word' id='word_1_610' title='bbox 744 4018 951 4072; x_wconf 85' lang='grc' dir='ltr'>αὑτοῦ.</span> <span class='ocrx_word' id='word_1_611' title='bbox 984 4018 1093 4070; x_wconf 70' lang='grc' dir='ltr'><strong><em>Καὶ</em></strong></span> <span class='ocrx_word' id='word_1_612' title='bbox 1122 4013 1277 4080; x_wconf 83' lang='grc' dir='ltr'>αὖθις</span> <span class='ocrx_word' id='word_1_613' title='bbox 1305 4019 1363 4070; x_wconf 81' lang='grc' dir='ltr'>ὲν</span> <span class='ocrx_word' id='word_1_614' title='bbox 1381 4015 1459 4087; x_wconf 83' lang='grc' dir='ltr'>τῷ</span> <span class='ocrx_word' id='word_1_615' title='bbox 1487 4014 1636 4086; x_wconf 83' lang='grc' dir='ltr'>αὐτῷ</span> <span class='ocrx_word' id='word_1_616' title='bbox 1658 4017 1967 4087; x_wconf 84' lang='grc' dir='ltr'>Δευτερονο-</span> 
     </span>
    </p>
   </div>
   <div class='ocr_carea' id='block_1_73' title="bbox 399 4104 1962 4182">
    <p class='ocr_par' dir='ltr' id='par_1_73' title="bbox 399 4104 1962 4182">
     <span class='ocr_line' id='line_1_73' title="bbox 399 4104 1962 4182; baseline -0.003 -18"><span class='ocrx_word' id='word_1_617' title='bbox 399 4111 527 4182; x_wconf 78' lang='grc' dir='ltr'>μίῳ,</span> <span class='ocrx_word' id='word_1_618' title='bbox 569 4112 806 4175; x_wconf 82' lang='grc' dir='ltr'>Ἀκουε,</span> <span class='ocrx_word' id='word_1_619' title='bbox 841 4109 1099 4179; x_wconf 74' lang='grc' dir='ltr'>Ἰσραὴλ,</span> <span class='ocrx_word' id='word_1_620' title='bbox 1138 4110 1290 4181; x_wconf 65' lang='grc' dir='ltr'>φησι,</span> <span class='ocrx_word' id='word_1_621' title='bbox 1316 4109 1527 4177; x_wconf 83' lang='grc' dir='ltr'>Κύριος</span> <span class='ocrx_word' id='word_1_622' title='bbox 1547 4110 1579 4161; x_wconf 85' lang='grc' dir='ltr'><em>ό</em></span> <span class='ocrx_word' id='word_1_623' title='bbox 1610 4107 1752 4174; x_wconf 89' lang='grc' dir='ltr'>Θεὸς</span> <span class='ocrx_word' id='word_1_624' title='bbox 1777 4104 1962 4177; x_wconf 83' lang='grc' dir='ltr'>ὑμῶν,</span> 
     </span>
    </p>
   </div>
   <div class='ocr_carea' id='block_1_74' title="bbox 394 4198 1965 4273">
    <p class='ocr_par' dir='ltr' id='par_1_74' title="bbox 394 4198 1965 4273">
     <span class='ocr_line' id='line_1_74' title="bbox 394 4198 1965 4273; baseline -0.003 -16"><span class='ocrx_word' id='word_1_625' title='bbox 394 4205 608 4272; x_wconf 80' lang='grc' dir='ltr'>Κύριος</span> <span class='ocrx_word' id='word_1_626' title='bbox 634 4198 721 4269; x_wconf 82' lang='grc' dir='ltr'>εἷς</span> <span class='ocrx_word' id='word_1_627' title='bbox 748 4202 897 4256; x_wconf 78' lang='grc' dir='ltr'>ἐστι’</span> <span class='ocrx_word' id='word_1_628' title='bbox 933 4202 1027 4257; x_wconf 79' lang='grc' dir='ltr'>καὶ</span> <span class='ocrx_word' id='word_1_629' title='bbox 1069 4201 1399 4273; x_wconf 78' lang='grc' dir='ltr'>ἀγαπήσεις</span> <span class='ocrx_word' id='word_1_630' title='bbox 1443 4200 1660 4267; x_wconf 83' lang='grc' dir='ltr'>Κύριον</span> <span class='ocrx_word' id='word_1_631' title='bbox 1682 4199 1789 4253; x_wconf 86' lang='grc' dir='ltr'><strong><em>τὸν</em></strong></span> <span class='ocrx_word' id='word_1_632' title='bbox 1819 4200 1965 4253; x_wconf 85' lang='grc' dir='ltr'>Θεόν</span> 
     </span>
    </p>
   </div>
   <div class='ocr_carea' id='block_1_75' title="bbox 393 4291 1961 4363">
    <p class='ocr_par' dir='ltr' id='par_1_75' title="bbox 393 4291 1961 4363">
     <span class='ocr_line' id='line_1_75' title="bbox 393 4291 1961 4363; baseline -0.003 -14"><span class='ocrx_word' id='word_1_633' title='bbox 393 4310 511 4349; x_wconf 91' lang='grc' dir='ltr'><strong><em>σου</em></strong></span> <span class='ocrx_word' id='word_1_634' title='bbox 562 4294 631 4360; x_wconf 81' lang='grc' dir='ltr'><strong><em>ἐξ</em></strong></span> <span class='ocrx_word' id='word_1_635' title='bbox 685 4294 833 4363; x_wconf 74' lang='grc' dir='ltr'>ὅλης</span> <span class='ocrx_word' id='word_1_636' title='bbox 875 4294 984 4363; x_wconf 82' lang='grc' dir='ltr'>τῆς</span> <span class='ocrx_word' id='word_1_637' title='bbox 1013 4294 1257 4363; x_wconf 80' lang='grc' dir='ltr'>καρδίας</span> <span class='ocrx_word' id='word_1_638' title='bbox 1282 4310 1418 4355; x_wconf 90' lang='grc' dir='ltr'>σου,</span> <span class='ocrx_word' id='word_1_639' title='bbox 1452 4293 1548 4346; x_wconf 84' lang='grc' dir='ltr'>καὶ</span> <span class='ocrx_word' id='word_1_640' title='bbox 1581 4291 1650 4356; x_wconf 78' lang='grc' dir='ltr'><strong><em>ἐξ</em></strong></span> <span class='ocrx_word' id='word_1_641' title='bbox 1675 4291 1825 4360; x_wconf 79' lang='grc' dir='ltr'>ὅλης</span> <span class='ocrx_word' id='word_1_642' title='bbox 1846 4294 1961 4361; x_wconf 71' lang='grc' dir='ltr'><strong><em>ψυ-</em></strong></span> 
     </span>
    </p>
   </div>
   <div class='ocr_carea' id='block_1_76' title="bbox 394 4382 1965 4456">
    <p class='ocr_par' dir='ltr' id='par_1_76' title="bbox 394 4382 1965 4456">
     <span class='ocr_line' id='line_1_76' title="bbox 394 4382 1965 4456; baseline -0.004 -15"><span class='ocrx_word' id='word_1_643' title='bbox 394 4384 510 4456; x_wconf 81' lang='grc' dir='ltr'><strong><em>χῆς</em></strong></span> <span class='ocrx_word' id='word_1_644' title='bbox 548 4400 687 4448; x_wconf 91' lang='grc' dir='ltr'>σου,</span> <span class='ocrx_word' id='word_1_645' title='bbox 739 4386 836 4439; x_wconf 77' lang='grc' dir='ltr'>καὶ</span> <span class='ocrx_word' id='word_1_646' title='bbox 861 4386 929 4451; x_wconf 79' lang='grc' dir='ltr'><strong><em>ἐξ</em></strong></span> <span class='ocrx_word' id='word_1_647' title='bbox 964 4385 1113 4454; x_wconf 76' lang='grc' dir='ltr'>ὅλης</span> <span class='ocrx_word' id='word_1_648' title='bbox 1131 4384 1417 4450; x_wconf 81' lang='grc' dir='ltr'>διανοίας.</span> <span class='ocrx_word' id='word_1_649' title='bbox 1449 4384 1559 4437; x_wconf 72' lang='grc' dir='ltr'>Καὶ</span> <span class='ocrx_word' id='word_1_650' title='bbox 1597 4383 1755 4437; x_wconf 87' lang='grc' dir='ltr'>πάλιν</span> <span class='ocrx_word' id='word_1_651' title='bbox 1781 4384 1838 4436; x_wconf 81' lang='grc' dir='ltr'>ὲν</span> <span class='ocrx_word' id='word_1_652' title='bbox 1884 4382 1965 4453; x_wconf 84' lang='grc' dir='ltr'><strong><em>τῷ</em></strong></span> 
     </span>
    </p>
   </div>
   <div class='ocr_carea' id='block_1_77' title="bbox 394 4473 1964 4549">
    <p class='ocr_par' dir='ltr' id='par_1_77' title="bbox 394 4473 1964 4549">
     <span class='ocr_line' id='line_1_77' title="bbox 394 4473 1964 4549; baseline -0.002 -18"><span class='ocrx_word' id='word_1_653' title='bbox 394 4477 559 4549; x_wconf 79' lang='grc' dir='ltr'>αὐτῷ·</span> <span class='ocrx_word' id='word_1_654' title='bbox 573 4476 777 4541; x_wconf 80' lang='grc' dir='ltr'>Ἴδετε,</span> <span class='ocrx_word' id='word_1_655' title='bbox 809 4478 982 4541; x_wconf 83' lang='grc' dir='ltr'>ιδετε,</span> <span class='ocrx_word' id='word_1_656' title='bbox 1000 4476 1086 4530; x_wconf 81' lang='grc' dir='ltr'><strong><em>ὅτι</em></strong></span> <span class='ocrx_word' id='word_1_657' title='bbox 1115 4475 1227 4546; x_wconf 63' lang='grc' dir='ltr'><strong><em>ἐγώ</em></strong></span> <span class='ocrx_word' id='word_1_658' title='bbox 1246 4477 1379 4545; x_wconf 81' lang='grc' dir='ltr'>ειμι,</span> <span class='ocrx_word' id='word_1_659' title='bbox 1408 4474 1505 4541; x_wconf 75' lang='grc' dir='ltr'>καὶ</span> <span class='ocrx_word' id='word_1_660' title='bbox 1528 4477 1639 4529; x_wconf 83' lang='grc' dir='ltr'>οὐκ</span> <span class='ocrx_word' id='word_1_661' title='bbox 1664 4473 1793 4528; x_wconf 80' lang='grc' dir='ltr'>ἔστι</span> <span class='ocrx_word' id='word_1_662' title='bbox 1822 4473 1964 4540; x_wconf 88' lang='grc' dir='ltr'>Θεὸς</span> 
     </span>
    </p>
   </div>
   <div class='ocr_carea' id='block_1_78' title="bbox 2066 3284 3653 3357">
    <p class='ocr_par' dir='ltr' id='par_1_78' title="bbox 2066 3284 3653 3357">
     <span class='ocr_line' id='line_1_78' title="bbox 2066 3284 3653 3357; baseline -0.001 -15"><span class='ocrx_word' id='word_1_663' title='bbox 2066 3289 2245 3342; x_wconf 84' lang='lat' dir='ltr'><strong><em>omnia</em></strong></span> <span class='ocrx_word' id='word_1_664' title='bbox 2286 3290 2400 3342; x_wconf 74' lang='lat' dir='ltr'><strong><em>tunc</em></strong></span> <span class='ocrx_word' id='word_1_665' title='bbox 2453 3290 2638 3353; x_wconf 81' lang='lat' dir='ltr'><strong><em>verba,</em></strong></span> <span class='ocrx_word' id='word_1_666' title='bbox 2692 3288 2940 3357; x_wconf 87' lang='lat' dir='ltr'><strong><em>inquiens</em></strong></span> <span class='ocrx_word' id='word_1_667' title='bbox 2981 3300 2997 3340; x_wconf 90' lang='lat'><strong>:</strong></span> <span class='ocrx_word' id='word_1_668' title='bbox 3064 3286 3178 3357; x_wconf 83' lang='lat' dir='ltr'><strong><em>Ego</em></strong></span> <span class='ocrx_word' id='word_1_669' title='bbox 3206 3285 3463 3341; x_wconf 83' lang='lat' dir='ltr'><strong><em>Dominus</em></strong></span> <span class='ocrx_word' id='word_1_670' title='bbox 3497 3284 3653 3341; x_wconf 79' lang='lat' dir='ltr'><strong><em>Deus.</em></strong></span> 
     </span>
    </p>
   </div>
   <div class='ocr_carea' id='block_1_79' title="bbox 2070 3377 3639 3450">
    <p class='ocr_par' dir='ltr' id='par_1_79' title="bbox 2070 3377 3639 3450">
     <span class='ocr_line' id='line_1_79' title="bbox 2070 3377 3639 3450; baseline -0.001 -16"><span class='ocrx_word' id='word_1_671' title='bbox 2070 3377 2189 3434; x_wconf 73' lang='lat' dir='ltr'><strong><em>t&#39;uus</em></strong></span> <span class='ocrx_word' id='word_1_672' title='bbox 2214 3420 2231 3447; x_wconf 95' lang='lat'><strong><em>,</em></strong></span> <span class='ocrx_word' id='word_1_673' title='bbox 2296 3380 2388 3450; x_wconf 88' lang='lat' dir='ltr'><strong><em>qui</em></strong></span> <span class='ocrx_word' id='word_1_674' title='bbox 2442 3390 2490 3434; x_wconf 90' lang='lat' dir='ltr'><strong><em>te</em></strong></span> <span class='ocrx_word' id='word_1_675' title='bbox 2520 3380 2677 3433; x_wconf 77' lang='lat' dir='ltr'><strong><em>eduxi</em></strong></span> <span class='ocrx_word' id='word_1_676' title='bbox 2706 3380 2771 3433; x_wconf 92' lang='lat' dir='ltr'><strong><em>de</em></strong></span> <span class='ocrx_word' id='word_1_677' title='bbox 2808 3389 2950 3434; x_wconf 90' lang='lat' dir='ltr'><strong><em>terra</em></strong></span> <span class='ocrx_word' id='word_1_678' title='bbox 2973 3378 3210 3449; x_wconf 67' lang='lat' dir='ltr'><strong><em>Egypti,</em></strong></span> <span class='ocrx_word' id='word_1_679' title='bbox 3234 3378 3298 3432; x_wconf 92' lang='lat' dir='ltr'><strong><em>de</em></strong></span> <span class='ocrx_word' id='word_1_680' title='bbox 3338 3378 3493 3433; x_wconf 83' lang='lat' dir='ltr'><strong><em>domo</em></strong></span> <span class='ocrx_word' id='word_1_681' title='bbox 3524 3386 3639 3433; x_wconf 75' lang='lat' dir='ltr'><strong><em>set&quot;-</em></strong></span> 
     </span>
    </p>
   </div>
   <div class='ocr_carea' id='block_1_80' title="bbox 2069 3466 3637 3537">
    <p class='ocr_par' dir='ltr' id='par_1_80' title="bbox 2069 3466 3637 3537">
     <span class='ocr_line' id='line_1_80' title="bbox 2069 3466 3637 3537; baseline 0 -13"><span class='ocrx_word' id='word_1_682' title='bbox 2069 3472 2267 3525; x_wconf 82' lang='lat' dir='ltr'><strong><em>uitutis.</em></strong></span> <span class='ocrx_word' id='word_1_683' title='bbox 2327 3467 2449 3524; x_wconf 84' lang='lat' dir='ltr'><strong><em>Non</em></strong></span> <span class='ocrx_word' id='word_1_684' title='bbox 2499 3480 2647 3523; x_wconf 87' lang='lat' dir='ltr'><strong><em>erunt</em></strong></span> <span class='ocrx_word' id='word_1_685' title='bbox 2694 3470 2788 3523; x_wconf 88' lang='lat' dir='ltr'><strong><em>tibi</em></strong></span> <span class='ocrx_word' id='word_1_686' title='bbox 2846 3470 2922 3523; x_wconf 90' lang='lat' dir='ltr'><strong><em>dii</em></strong></span> <span class='ocrx_word' id='word_1_687' title='bbox 2990 3468 3084 3523; x_wconf 88' lang='lat' dir='ltr'><strong><em>alii</em></strong></span> <span class='ocrx_word' id='word_1_688' title='bbox 3109 3478 3298 3537; x_wconf 72' lang='lat' dir='ltr'><strong><em>prater</em></strong></span> <span class='ocrx_word' id='word_1_689' title='bbox 3322 3468 3495 3523; x_wconf 72' lang='lat' dir='ltr'><strong><em>me”.</em></strong></span> <span class='ocrx_word' id='word_1_690' title='bbox 3544 3466 3637 3525; x_wconf 84' lang='lat' dir='ltr'><strong><em>Vi-</em></strong></span> 
     </span>
    </p>
   </div>
   <div class='ocr_carea' id='block_1_81' title="bbox 2066 3558 3634 3631">
    <p class='ocr_par' dir='ltr' id='par_1_81' title="bbox 2066 3558 3634 3631">
     <span class='ocr_line' id='line_1_81' title="bbox 2066 3558 3634 3631; baseline -0.003 -14"><span class='ocrx_word' id='word_1_691' title='bbox 2066 3562 2163 3617; x_wconf 83' lang='lat' dir='ltr'><strong><em>des</em></strong></span> <span class='ocrx_word' id='word_1_692' title='bbox 2211 3571 2270 3615; x_wconf 88' lang='lat' dir='ltr'><strong><em>ut</em></strong></span> <span class='ocrx_word' id='word_1_693' title='bbox 2312 3576 2406 3631; x_wconf 90' lang='lat' dir='ltr'><strong><em>per</em></strong></span> <span class='ocrx_word' id='word_1_694' title='bbox 2444 3574 2739 3631; x_wconf 87' lang='lat' dir='ltr'><strong><em>pronomen</em></strong></span> <span class='ocrx_word' id='word_1_695' title='bbox 2782 3559 2870 3615; x_wconf 88' lang='lat' dir='ltr'><strong><em>hic</em></strong></span> <span class='ocrx_word' id='word_1_696' title='bbox 2898 3575 3061 3613; x_wconf 89' lang='lat' dir='ltr'><strong><em>unum</em></strong></span> <span class='ocrx_word' id='word_1_697' title='bbox 3087 3558 3255 3613; x_wconf 91' lang='lat' dir='ltr'><strong><em>Deum</em></strong></span> <span class='ocrx_word' id='word_1_698' title='bbox 3286 3558 3459 3612; x_wconf 90' lang='lat' dir='ltr'><strong><em>solum</em></strong></span> <span class='ocrx_word' id='word_1_699' title='bbox 3492 3559 3634 3613; x_wconf 89' lang='lat' dir='ltr'><strong><em>indi-</em></strong></span> 
     </span>
    </p>
   </div>
   <div class='ocr_carea' id='block_1_82' title="bbox 2066 3649 3635 3724">
    <p class='ocr_par' dir='ltr' id='par_1_82' title="bbox 2066 3649 3635 3724">
     <span class='ocr_line' id='line_1_82' title="bbox 2066 3649 3635 3724; baseline -0.003 -14"><span class='ocrx_word' id='word_1_700' title='bbox 2066 3665 2170 3710; x_wconf 88' lang='lat' dir='ltr'><strong><em>cet.</em></strong></span> <span class='ocrx_word' id='word_1_701' title='bbox 2223 3654 2289 3709; x_wconf 84' lang='lat' dir='ltr'><strong><em>Et</em></strong></span> <span class='ocrx_word' id='word_1_702' title='bbox 2334 3663 2455 3724; x_wconf 89' lang='lat' dir='ltr'><strong><em>post</em></strong></span> <span class='ocrx_word' id='word_1_703' title='bbox 2503 3667 2672 3723; x_wconf 88' lang='lat' dir='ltr'><strong><em>pauca</em></strong></span> <span class='ocrx_word' id='word_1_704' title='bbox 2700 3670 2715 3707; x_wconf 90' lang='lat'><strong>:</strong></span> <span class='ocrx_word' id='word_1_705' title='bbox 2745 3651 2856 3723; x_wconf 83' lang='lat' dir='ltr'><strong><em>Ego</em></strong></span> <span class='ocrx_word' id='word_1_706' title='bbox 2885 3668 3001 3707; x_wconf 88' lang='lat' dir='ltr'><strong><em>sum</em></strong></span> <span class='ocrx_word' id='word_1_707' title='bbox 3033 3650 3284 3705; x_wconf 87' lang='lat' dir='ltr'><strong><em>Dominus</em></strong></span> <span class='ocrx_word' id='word_1_708' title='bbox 3316 3649 3458 3705; x_wconf 89' lang='lat' dir='ltr'><strong><em>Deus</em></strong></span> <span class='ocrx_word' id='word_1_709' title='bbox 3489 3658 3635 3718; x_wconf 87' lang='lat' dir='ltr'><strong><em>tuus,</em></strong></span> 
     </span>
    </p>
   </div>
   <div class='ocr_carea' id='block_1_83' title="bbox 2068 3740 3635 3817">
    <p class='ocr_par' dir='ltr' id='par_1_83' title="bbox 2068 3740 3635 3817">
     <span class='ocr_line' id='line_1_83' title="bbox 2068 3740 3635 3817; baseline -0.004 -15"><span class='ocrx_word' id='word_1_710' title='bbox 2068 3746 2242 3817; x_wconf 90' lang='lat' dir='ltr'><strong><em>inquit</em></strong></span> <span class='ocrx_word' id='word_1_711' title='bbox 2268 3746 2312 3777; x_wconf 82' lang='grc'>²¹</span> <span class='ocrx_word' id='word_1_712' title='bbox 2342 3764 2355 3800; x_wconf 89' lang='lat'>:</span> <span class='ocrx_word' id='word_1_713' title='bbox 2393 3759 2452 3801; x_wconf 85' lang='lat' dir='ltr'><strong><em>se</em></strong></span> <span class='ocrx_word' id='word_1_714' title='bbox 2484 3755 2540 3800; x_wconf 88' lang='lat' dir='ltr'><strong><em>et</em></strong></span> <span class='ocrx_word' id='word_1_715' title='bbox 2570 3743 2739 3799; x_wconf 89' lang='lat' dir='ltr'><strong><em>Deum</em></strong></span> <span class='ocrx_word' id='word_1_716' title='bbox 2782 3757 2902 3799; x_wconf 87' lang='lat' dir='ltr'><strong><em>esse</em></strong></span> <span class='ocrx_word' id='word_1_717' title='bbox 2937 3740 3220 3813; x_wconf 82' lang='lat' dir='ltr'><strong><em>proﬁtetur</em></strong></span> <span class='ocrx_word' id='word_1_718' title='bbox 3260 3748 3422 3810; x_wconf 88' lang='lat' dir='ltr'><strong><em>atque</em></strong></span> <span class='ocrx_word' id='word_1_719' title='bbox 3449 3740 3635 3796; x_wconf 83' lang='lat' dir='ltr'><strong><em>Domi-</em></strong></span> 
     </span>
    </p>
   </div>
   <div class='ocr_carea' id='block_1_84' title="bbox 2067 3832 3633 3905">
    <p class='ocr_par' dir='ltr' id='par_1_84' title="bbox 2067 3832 3633 3905">
     <span class='ocr_line' id='line_1_84' title="bbox 2067 3832 3633 3905; baseline -0.002 -12"><span class='ocrx_word' id='word_1_720' title='bbox 2067 3853 2219 3893; x_wconf 91' lang='lat' dir='ltr'><strong><em>num.</em></strong></span> <span class='ocrx_word' id='word_1_721' title='bbox 2251 3836 2404 3905; x_wconf 82' lang='lat' dir='ltr'><strong><em>Quod</em></strong></span> <span class='ocrx_word' id='word_1_722' title='bbox 2435 3846 2490 3892; x_wconf 88' lang='lat' dir='ltr'><strong><em>et</em></strong></span> <span class='ocrx_word' id='word_1_723' title='bbox 2514 3836 2583 3892; x_wconf 89' lang='lat' dir='ltr'><strong><em>ab</em></strong></span> <span class='ocrx_word' id='word_1_724' title='bbox 2619 3835 2721 3889; x_wconf 87' lang='lat' dir='ltr'><strong><em>alia</em></strong></span> <span class='ocrx_word' id='word_1_725' title='bbox 2752 3836 3027 3903; x_wconf 87' lang='lat' dir='ltr'><strong><em>Scriptura</em></strong></span> <span class='ocrx_word' id='word_1_726' title='bbox 3062 3834 3375 3899; x_wconf 88' lang='lat' dir='ltr'><strong><em>edocemur,</em></strong></span> <span class='ocrx_word' id='word_1_727' title='bbox 3406 3848 3523 3904; x_wconf 73' lang='lat' dir='ltr'><strong><em>qua:</em></strong></span> <span class='ocrx_word' id='word_1_728' title='bbox 3552 3832 3633 3890; x_wconf 90' lang='lat' dir='ltr'><strong><em>sic</em></strong></span> 
     </span>
    </p>
   </div>
   <div class='ocr_carea' id='block_1_85' title="bbox 2067 3922 3628 3997">
    <p class='ocr_par' dir='ltr' id='par_1_85' title="bbox 2067 3922 3628 3997">
     <span class='ocr_line' id='line_1_85' title="bbox 2067 3922 3628 3997; baseline -0.006 -15"><span class='ocrx_word' id='word_1_729' title='bbox 2067 3927 2323 3997; x_wconf 89' lang='lat' dir='ltr'><strong><em>loquitur,</em></strong></span> <span class='ocrx_word' id='word_1_730' title='bbox 2360 3926 2648 3997; x_wconf 85' lang='lat' dir='ltr'><strong><em>Cognosces</em></strong></span> <span class='ocrx_word' id='word_1_731' title='bbox 2690 3924 2843 3977; x_wconf 83' lang='lat' dir='ltr'><strong><em>hodie</em></strong></span> <span class='ocrx_word' id='word_1_732' title='bbox 2879 3939 3040 3992; x_wconf 87' lang='lat' dir='ltr'><strong><em>neque</em></strong></span> <span class='ocrx_word' id='word_1_733' title='bbox 3071 3922 3388 3991; x_wconf 85' lang='lat' dir='ltr'><strong><em>cogitatione</em></strong></span> <span class='ocrx_word' id='word_1_734' title='bbox 3413 3936 3628 3991; x_wconf 80' lang='lat' dir='ltr'><strong><em>peruer-</em></strong></span> 
     </span>
    </p>
   </div>
   <div class='ocr_carea' id='block_1_86' title="bbox 2066 4011 3647 4089">
    <p class='ocr_par' dir='ltr' id='par_1_86' title="bbox 2066 4011 3647 4089">
     <span class='ocr_line' id='line_1_86' title="bbox 2066 4011 3647 4089; baseline -0.006 -17"><span class='ocrx_word' id='word_1_735' title='bbox 2066 4020 2213 4083; x_wconf 91' lang='lat' dir='ltr'><strong><em>teris,</em></strong></span> <span class='ocrx_word' id='word_1_736' title='bbox 2253 4018 2393 4089; x_wconf 86' lang='lat' dir='ltr'><strong><em>quod</em></strong></span> <span class='ocrx_word' id='word_1_737' title='bbox 2419 4017 2673 4072; x_wconf 83' lang='lat' dir='ltr'><strong><em>Dominus</em></strong></span> <span class='ocrx_word' id='word_1_738' title='bbox 2700 4016 2841 4069; x_wconf 87' lang='lat' dir='ltr'><strong><em>Deus</em></strong></span> <span class='ocrx_word' id='word_1_739' title='bbox 2869 4024 3008 4079; x_wconf 88' lang='lat' dir='ltr'><strong><em>tuus,</em></strong></span> <span class='ocrx_word' id='word_1_740' title='bbox 3035 4013 3176 4069; x_wconf 83' lang='lat' dir='ltr'><strong><em>Deus</em></strong></span> <span class='ocrx_word' id='word_1_741' title='bbox 3207 4013 3295 4068; x_wconf 89' lang='lat' dir='ltr'><strong><em>ille</em></strong></span> <span class='ocrx_word' id='word_1_742' title='bbox 3334 4014 3400 4067; x_wconf 90' lang='lat' dir='ltr'><strong><em>sit</em></strong></span> <span class='ocrx_word' id='word_1_743' title='bbox 3424 4015 3479 4066; x_wconf 89' lang='lat' dir='ltr'><strong><em>in</em></strong></span> <span class='ocrx_word' id='word_1_744' title='bbox 3506 4011 3647 4066; x_wconf 75' lang='lat' dir='ltr'><strong><em>caelo.</em></strong></span> 
     </span>
    </p>
   </div>
   <div class='ocr_carea' id='block_1_87' title="bbox 2066 4103 3639 4177">
    <p class='ocr_par' dir='ltr' id='par_1_87' title="bbox 2066 4103 3639 4177">
     <span class='ocr_line' id='line_1_87' title="bbox 2066 4103 3639 4177; baseline -0.006 -14"><span class='ocrx_word' id='word_1_745' title='bbox 2066 4118 2113 4163; x_wconf 91' lang='lat' dir='ltr'><strong><em>et</em></strong></span> <span class='ocrx_word' id='word_1_746' title='bbox 2143 4124 2298 4177; x_wconf 86' lang='lat' dir='ltr'><strong><em>super</em></strong></span> <span class='ocrx_word' id='word_1_747' title='bbox 2328 4121 2522 4162; x_wconf 87' lang='lat' dir='ltr'><strong><em>terram</em></strong></span> <span class='ocrx_word' id='word_1_748' title='bbox 2550 4123 2570 4162; x_wconf 89' lang='lat'><strong><em>:</em></strong></span> <span class='ocrx_word' id='word_1_749' title='bbox 2593 4117 2640 4161; x_wconf 88' lang='lat' dir='ltr'><strong><em>et</em></strong></span> <span class='ocrx_word' id='word_1_750' title='bbox 2670 4122 2775 4161; x_wconf 87' lang='lat' dir='ltr'><strong><em>non</em></strong></span> <span class='ocrx_word' id='word_1_751' title='bbox 2803 4115 2877 4159; x_wconf 85' lang='lat' dir='ltr'><strong><em>est</em></strong></span> <span class='ocrx_word' id='word_1_752' title='bbox 2929 4115 3118 4174; x_wconf 68' lang='lat' dir='ltr'><strong><em>praeter</em></strong></span> <span class='ocrx_word' id='word_1_753' title='bbox 3165 4121 3282 4159; x_wconf 90' lang='lat' dir='ltr'><strong><em>eum</em></strong></span> <span class='ocrx_word' id='word_1_754' title='bbox 3311 4106 3377 4158; x_wconf 78' lang='lat'><strong><em>“.</em></strong></span> <span class='ocrx_word' id='word_1_755' title='bbox 3428 4103 3639 4157; x_wconf 84' lang='lat' dir='ltr'><strong><em>lterum.</em></strong></span> 
     </span>
    </p>
   </div>
   <div class='ocr_carea' id='block_1_88' title="bbox 2066 4195 3643 4264">
    <p class='ocr_par' dir='ltr' id='par_1_88' title="bbox 2066 4195 3643 4264">
     <span class='ocr_line' id='line_1_88' title="bbox 2066 4195 3643 4264; baseline -0.007 -9"><span class='ocrx_word' id='word_1_756' title='bbox 2066 4201 2246 4256; x_wconf 90' lang='lat' dir='ltr'><strong><em>denuo</em></strong></span> <span class='ocrx_word' id='word_1_757' title='bbox 2277 4200 2331 4254; x_wconf 90' lang='lat' dir='ltr'><strong><em>in</em></strong></span> <span class='ocrx_word' id='word_1_758' title='bbox 2363 4197 2781 4255; x_wconf 87' lang='lat' dir='ltr'><strong><em>Deuteronomio</em></strong></span> <span class='ocrx_word' id='word_1_759' title='bbox 2824 4197 2921 4261; x_wconf 90' lang='lat' dir='ltr'><strong><em>ait,</em></strong></span> <span class='ocrx_word' id='word_1_760' title='bbox 2956 4196 3119 4264; x_wconf 84' lang='lat' dir='ltr'><strong><em>Audi,</em></strong></span> <span class='ocrx_word' id='word_1_761' title='bbox 3150 4196 3345 4261; x_wconf 85' lang='lat' dir='ltr'><strong><em>Israel,</em></strong></span> <span class='ocrx_word' id='word_1_762' title='bbox 3374 4195 3643 4249; x_wconf 87' lang='lat' dir='ltr'><strong><em>Dominus.</em></strong></span> 
     </span>
    </p>
   </div>
   <div class='ocr_carea' id='block_1_89' title="bbox 2069 4286 3643 4357">
    <p class='ocr_par' dir='ltr' id='par_1_89' title="bbox 2069 4286 3643 4357">
     <span class='ocr_line' id='line_1_89' title="bbox 2069 4286 3643 4357; baseline -0.004 -11"><span class='ocrx_word' id='word_1_763' title='bbox 2069 4291 2206 4346; x_wconf 90' lang='lat' dir='ltr'><strong><em>Deus</em></strong></span> <span class='ocrx_word' id='word_1_764' title='bbox 2259 4303 2460 4357; x_wconf 79' lang='lat' dir='ltr'><strong><em>vester,</em></strong></span> <span class='ocrx_word' id='word_1_765' title='bbox 2512 4290 2650 4344; x_wconf 90' lang='lat' dir='ltr'><strong><em>Deus</em></strong></span> <span class='ocrx_word' id='word_1_766' title='bbox 2674 4305 2810 4342; x_wconf 88' lang='lat' dir='ltr'><strong><em>unus</em></strong></span> <span class='ocrx_word' id='word_1_767' title='bbox 2860 4297 2978 4342; x_wconf 90' lang='lat' dir='ltr'><strong><em>est:</em></strong></span> <span class='ocrx_word' id='word_1_768' title='bbox 3023 4296 3073 4342; x_wconf 88' lang='lat' dir='ltr'><strong><em>et</em></strong></span> <span class='ocrx_word' id='word_1_769' title='bbox 3119 4288 3302 4357; x_wconf 85' lang='lat' dir='ltr'><strong><em>diliges</em></strong></span> <span class='ocrx_word' id='word_1_770' title='bbox 3354 4286 3643 4341; x_wconf 78' lang='lat' dir='ltr'><strong><em>Dominum</em></strong></span> 
     </span>
    </p>
   </div>
   <div class='ocr_carea' id='block_1_90' title="bbox 2068 4379 3647 4439">
    <p class='ocr_par' dir='ltr' id='par_1_90' title="bbox 2068 4379 3647 4439">
     <span class='ocr_line' id='line_1_90' title="bbox 2068 4379 3647 4439; baseline 0 -2"><span class='ocrx_word' id='word_1_771' title='bbox 2068 4383 2237 4439; x_wconf 90' lang='lat' dir='ltr'><strong><em>Deum</em></strong></span> <span class='ocrx_word' id='word_1_772' title='bbox 2278 4393 2425 4436; x_wconf 84' lang='lat' dir='ltr'><strong><em>tuum</em></strong></span> <span class='ocrx_word' id='word_1_773' title='bbox 2454 4398 2482 4437; x_wconf 92' lang='lat' dir='ltr'><strong><em>e</em></strong></span> <span class='ocrx_word' id='word_1_774' title='bbox 2519 4390 2627 4436; x_wconf 88' lang='lat' dir='ltr'><strong><em>toto</em></strong></span> <span class='ocrx_word' id='word_1_775' title='bbox 2661 4380 2814 4434; x_wconf 89' lang='lat' dir='ltr'><strong><em>corde</em></strong></span> <span class='ocrx_word' id='word_1_776' title='bbox 2852 4390 2942 4434; x_wconf 91' lang='lat' dir='ltr'><strong><em>tuo</em></strong></span> <span class='ocrx_word' id='word_1_777' title='bbox 2984 4389 3035 4434; x_wconf 85' lang='lat' dir='ltr'><strong><em>et</em></strong></span> <span class='ocrx_word' id='word_1_778' title='bbox 3083 4389 3192 4433; x_wconf 88' lang='lat' dir='ltr'><strong><em>tota</em></strong></span> <span class='ocrx_word' id='word_1_779' title='bbox 3234 4380 3409 4433; x_wconf 91' lang='lat' dir='ltr'><strong><em>anima</em></strong></span> <span class='ocrx_word' id='word_1_780' title='bbox 3447 4389 3539 4432; x_wconf 88' lang='lat' dir='ltr'><strong><em>tua</em></strong></span> <span class='ocrx_word' id='word_1_781' title='bbox 3564 4379 3647 4437; x_wconf 17' lang='grc'>³³..</span> 
     </span>
    </p>
   </div>
   <div class='ocr_carea' id='block_1_91' title="bbox 2068 4470 3645 4540">
    <p class='ocr_par' dir='ltr' id='par_1_91' title="bbox 2068 4470 3645 4540">
     <span class='ocr_line' id='line_1_91' title="bbox 2068 4470 3645 4540; baseline -0.006 -9"><span class='ocrx_word' id='word_1_782' title='bbox 2068 4476 2134 4531; x_wconf 84' lang='grc' dir='ltr'>Ει</span> <span class='ocrx_word' id='word_1_783' title='bbox 2178 4475 2232 4531; x_wconf 90' lang='lat' dir='ltr'><strong><em>in</em></strong></span> <span class='ocrx_word' id='word_1_784' title='bbox 2283 4472 2473 4531; x_wconf 82' lang='lat' dir='ltr'><strong><em>eodem</em></strong></span> <span class='ocrx_word' id='word_1_785' title='bbox 2522 4472 2715 4529; x_wconf 86' lang='lat' dir='ltr'><strong><em>iterum</em></strong></span> <span class='ocrx_word' id='word_1_786' title='bbox 2744 4490 2758 4526; x_wconf 89' lang='lat'><strong>:</strong></span> <span class='ocrx_word' id='word_1_787' title='bbox 2799 4470 2998 4535; x_wconf 79' lang='lat' dir='ltr'><strong><em>Videte,</em></strong></span> <span class='ocrx_word' id='word_1_788' title='bbox 3022 4472 3200 4533; x_wconf 80' lang='lat' dir='ltr'><strong><em>uidete,</em></strong></span> <span class='ocrx_word' id='word_1_789' title='bbox 3232 4470 3370 4540; x_wconf 86' lang='lat' dir='ltr'><strong><em>quod</em></strong></span> <span class='ocrx_word' id='word_1_790' title='bbox 3397 4486 3490 4539; x_wconf 87' lang='lat' dir='ltr'><strong><em>ego</em></strong></span> <span class='ocrx_word' id='word_1_791' title='bbox 3518 4484 3645 4523; x_wconf 37' lang='lat' dir='ltr'><strong><em>sum,</em></strong></span> 
     </span>
    </p>
   </div>
   <div class='ocr_carea' id='block_1_92' title="bbox 392 4555 1965 4637">
    <p class='ocr_par' dir='ltr' id='par_1_92' title="bbox 392 4564 1964 4637">
     <span class='ocr_line' id='line_1_92' title="bbox 392 4564 1964 4637; baseline -0.003 -16"><span class='ocrx_word' id='word_1_792' title='bbox 392 4567 562 4635; x_wconf 75' lang='grc' dir='ltr'>πλὴν</span> <span class='ocrx_word' id='word_1_793' title='bbox 589 4567 755 4637; x_wconf 81' lang='grc' dir='ltr'>ἐμοῦ,</span> <span class='ocrx_word' id='word_1_794' title='bbox 790 4567 904 4637; x_wconf 82' lang='grc' dir='ltr'><strong><em>ἐγὼ</em></strong></span> <span class='ocrx_word' id='word_1_795' title='bbox 935 4565 1241 4621; x_wconf 75' lang='grc' dir='ltr'>ἀποκτενῶ</span> <span class='ocrx_word' id='word_1_796' title='bbox 1278 4566 1375 4620; x_wconf 76' lang='grc' dir='ltr'>καὶ</span> <span class='ocrx_word' id='word_1_797' title='bbox 1423 4564 1531 4634; x_wconf 75' lang='grc' dir='ltr'><strong><em>ζῇν</em></strong></span> <span class='ocrx_word' id='word_1_798' title='bbox 1571 4565 1823 4631; x_wconf 81' lang='grc' dir='ltr'>ποιήσω,</span> <span class='ocrx_word' id='word_1_799' title='bbox 1855 4581 1964 4618; x_wconf 79' lang='grc' dir='ltr'><strong><em>πα-</em></strong></span> 
     </span>
    </p>
   </div>
   <div class='ocr_carea' id='block_1_93' title="bbox 2067 4555 3648 4637">
    <p class='ocr_par' dir='ltr' id='par_1_93' title="bbox 2067 4559 3648 4632">
     <span class='ocr_line' id='line_1_93' title="bbox 2067 4559 3648 4632; baseline -0.007 -10"><span class='ocrx_word' id='word_1_800' title='bbox 2067 4579 2112 4622; x_wconf 84' lang='lat' dir='ltr'><strong><em>et</em></strong></span> <span class='ocrx_word' id='word_1_801' title='bbox 2152 4583 2255 4621; x_wconf 88' lang='lat' dir='ltr'><strong><em>non</em></strong></span> <span class='ocrx_word' id='word_1_802' title='bbox 2282 4576 2355 4620; x_wconf 92' lang='lat' dir='ltr'><strong><em>est</em></strong></span> <span class='ocrx_word' id='word_1_803' title='bbox 2385 4564 2513 4618; x_wconf 89' lang='lat' dir='ltr'><strong><em>deus</em></strong></span> <span class='ocrx_word' id='word_1_804' title='bbox 2562 4572 2753 4632; x_wconf 79' lang='lat' dir='ltr'><strong><em>prwter</em></strong></span> <span class='ocrx_word' id='word_1_805' title='bbox 2789 4578 2891 4619; x_wconf 90' lang='lat' dir='ltr'><strong><em>me.</em></strong></span> <span class='ocrx_word' id='word_1_806' title='bbox 2940 4561 3050 4631; x_wconf 84' lang='lat' dir='ltr'><strong><em>Ego</em></strong></span> <span class='ocrx_word' id='word_1_807' title='bbox 3090 4561 3345 4627; x_wconf 82' lang='lat' dir='ltr'><strong><em>occidam,</em></strong></span> <span class='ocrx_word' id='word_1_808' title='bbox 3382 4568 3431 4614; x_wconf 92' lang='lat' dir='ltr'><strong><em>et</em></strong></span> <span class='ocrx_word' id='word_1_809' title='bbox 3473 4559 3648 4612; x_wconf 31' lang='lat' dir='ltr'><strong><em>vivere.</em></strong></span> 
     </span>
    </p>
   </div>
   <div class='ocr_carea' id='block_1_94' title="bbox 390 4653 1965 4729">
    <p class='ocr_par' dir='ltr' id='par_1_94' title="bbox 390 4653 1965 4729">
     <span class='ocr_line' id='line_1_94' title="bbox 390 4653 1965 4729; baseline -0.002 -16"><span class='ocrx_word' id='word_1_810' title='bbox 390 4659 551 4724; x_wconf 77' lang='grc' dir='ltr'>τάξω</span> <span class='ocrx_word' id='word_1_811' title='bbox 590 4660 689 4713; x_wconf 77' lang='grc' dir='ltr'>καὶ</span> <span class='ocrx_word' id='word_1_812' title='bbox 731 4659 989 4729; x_wconf 70' lang='grc' dir='ltr'>ἰάσομαι.</span> <span class='ocrx_word' id='word_1_813' title='bbox 1026 4657 1150 4723; x_wconf 83' lang='grc' dir='ltr'><strong><em>Πῶς</em></strong></span> <span class='ocrx_word' id='word_1_814' title='bbox 1177 4653 1269 4711; x_wconf 79' lang='grc' dir='ltr'><strong><em>οὖν</em></strong></span> <span class='ocrx_word' id='word_1_815' title='bbox 1303 4658 1593 4729; x_wconf 82' lang='grc' dir='ltr'>Ἀστέριος,</span> <span class='ocrx_word' id='word_1_816' title='bbox 1630 4659 1750 4722; x_wconf 87' lang='grc' dir='ltr'>ταῖς</span> <span class='ocrx_word' id='word_1_817' title='bbox 1780 4656 1965 4727; x_wconf 84' lang='grc' dir='ltr'>άγίαις</span> 
     </span>
    </p>
   </div>
   <div class='ocr_carea' id='block_1_95' title="bbox 390 4748 1966 4824">
    <p class='ocr_par' dir='ltr' id='par_1_95' title="bbox 390 4748 1966 4824">
     <span class='ocr_line' id='line_1_95' title="bbox 390 4748 1966 4824; baseline -0.001 -20"><span class='ocrx_word' id='word_1_818' title='bbox 390 4750 636 4824; x_wconf 85' lang='grc' dir='ltr'>Γραφαῖς</span> <span class='ocrx_word' id='word_1_819' title='bbox 683 4751 869 4815; x_wconf 80' lang='grc' dir='ltr'>ἁπλῶς</span> <span class='ocrx_word' id='word_1_820' title='bbox 897 4752 991 4805; x_wconf 76' lang='grc' dir='ltr'>καὶ</span> <span class='ocrx_word' id='word_1_821' title='bbox 1012 4750 1263 4822; x_wconf 79' lang='grc' dir='ltr'>ὲμφόϐως</span> <span class='ocrx_word' id='word_1_822' title='bbox 1297 4750 1610 4803; x_wconf 86' lang='grc' dir='ltr'>ἀκολουθεῖν</span> <span class='ocrx_word' id='word_1_823' title='bbox 1638 4748 1966 4820; x_wconf 86' lang='grc' dir='ltr'>προσποιού-</span> 
     </span>
    </p>
   </div>
   <div class='ocr_carea' id='block_1_96' title="bbox 396 4840 1965 4914">
    <p class='ocr_par' dir='ltr' id='par_1_96' title="bbox 396 4840 1965 4914">
     <span class='ocr_line' id='line_1_96' title="bbox 396 4840 1965 4914; baseline -0.002 -18"><span class='ocrx_word' id='word_1_824' title='bbox 396 4860 575 4914; x_wconf 82' lang='grc' dir='ltr'>μενος,</span> <span class='ocrx_word' id='word_1_825' title='bbox 603 4844 702 4896; x_wconf 77' lang='grc' dir='ltr'><strong><em>οὐκ</em></strong></span> <span class='ocrx_word' id='word_1_826' title='bbox 748 4842 887 4911; x_wconf 67' lang='grc' dir='ltr'>ἔγνω</span> <span class='ocrx_word' id='word_1_827' title='bbox 920 4842 982 4895; x_wconf 91' lang='grc' dir='ltr'><strong><em>τὸ</em></strong></span> <span class='ocrx_word' id='word_1_828' title='bbox 1019 4842 1183 4914; x_wconf 88' lang='grc' dir='ltr'>μέρος</span> <span class='ocrx_word' id='word_1_829' title='bbox 1209 4840 1367 4894; x_wconf 86' lang='grc' dir='ltr'>τοῦτο</span> <span class='ocrx_word' id='word_1_830' title='bbox 1385 4841 1559 4909; x_wconf 82' lang='grc' dir='ltr'>λέγον·</span> <span class='ocrx_word' id='word_1_831' title='bbox 1600 4840 1713 4912; x_wconf 82' lang='grc'><strong><em>(85)</em></strong></span> <span class='ocrx_word' id='word_1_832' title='bbox 1751 4841 1965 4909; x_wconf 85' lang='grc' dir='ltr'>Κύριος</span> 
     </span>
    </p>
   </div>
   <div class='ocr_carea' id='block_1_97' title="bbox 390 4929 1964 5004">
    <p class='ocr_par' dir='ltr' id='par_1_97' title="bbox 390 4929 1964 5004">
     <span class='ocr_line' id='line_1_97' title="bbox 390 4929 1964 5004; baseline -0.003 -14"><span class='ocrx_word' id='word_1_833' title='bbox 390 4938 426 4990; x_wconf 85' lang='grc' dir='ltr'><strong><em>ὅ</em></strong></span> <span class='ocrx_word' id='word_1_834' title='bbox 460 4938 601 5002; x_wconf 86' lang='grc' dir='ltr'>Θεός</span> <span class='ocrx_word' id='word_1_835' title='bbox 639 4946 776 4998; x_wconf 83' lang='grc' dir='ltr'>σου,</span> <span class='ocrx_word' id='word_1_836' title='bbox 812 4929 988 5000; x_wconf 81' lang='grc' dir='ltr'>οὗτος</span> <span class='ocrx_word' id='word_1_837' title='bbox 1040 4934 1184 4999; x_wconf 84' lang='grc' dir='ltr'>Θεὸς</span> <span class='ocrx_word' id='word_1_838' title='bbox 1221 4932 1331 5004; x_wconf 83' lang='lat'><strong><em>(86)</em></strong></span> <span class='ocrx_word' id='word_1_839' title='bbox 1357 4932 1428 4987; x_wconf 79' lang='grc' dir='ltr'>ἐν</span> <span class='ocrx_word' id='word_1_840' title='bbox 1463 4931 1543 4998; x_wconf 82' lang='grc' dir='ltr'>τῷ</span> <span class='ocrx_word' id='word_1_841' title='bbox 1565 4930 1817 4999; x_wconf 82' lang='grc' dir='ltr'>οὐρανῷ,</span> <span class='ocrx_word' id='word_1_842' title='bbox 1863 4932 1964 4986; x_wconf 76' lang='grc' dir='ltr'>καὶ</span> 
     </span>
    </p>
   </div>
   <div class='ocr_carea' id='block_1_98' title="bbox 387 5019 1964 5094">
    <p class='ocr_par' dir='ltr' id='par_1_98' title="bbox 387 5019 1964 5094">
     <span class='ocr_line' id='line_1_98' title="bbox 387 5019 1964 5094; baseline -0.003 -16"><span class='ocrx_word' id='word_1_843' title='bbox 387 5024 487 5078; x_wconf 72' lang='grc' dir='ltr'><strong><em>ἐπὶ</em></strong></span> <span class='ocrx_word' id='word_1_844' title='bbox 518 5024 626 5092; x_wconf 86' lang='grc' dir='ltr'>τῆς</span> <span class='ocrx_word' id='word_1_845' title='bbox 652 5023 765 5094; x_wconf 74' lang='grc' dir='ltr'><strong><em>τῆς</em></strong></span> <span class='ocrx_word' id='word_1_846' title='bbox 786 5023 960 5087; x_wconf 83' lang='grc' dir='ltr'>κάτω,</span> <span class='ocrx_word' id='word_1_847' title='bbox 994 5022 1093 5077; x_wconf 79' lang='grc' dir='ltr'>καὶ</span> <span class='ocrx_word' id='word_1_848' title='bbox 1119 5023 1230 5076; x_wconf 85' lang='grc' dir='ltr'>οὐκ</span> <span class='ocrx_word' id='word_1_849' title='bbox 1263 5021 1395 5075; x_wconf 78' lang='grc' dir='ltr'>ἐστι</span> <span class='ocrx_word' id='word_1_850' title='bbox 1422 5019 1590 5087; x_wconf 75' lang='grc' dir='ltr'>πλὴν</span> <span class='ocrx_word' id='word_1_851' title='bbox 1614 5019 1822 5073; x_wconf 86' lang='grc' dir='ltr'>αὐτοῦ.</span> <span class='ocrx_word' id='word_1_852' title='bbox 1853 5020 1964 5074; x_wconf 76' lang='grc' dir='ltr'><strong><em>Καὶ</em></strong></span> 
     </span>
    </p>
   </div>
   <div class='ocr_carea' id='block_1_99' title="bbox 385 5112 1954 5187">
    <p class='ocr_par' dir='ltr' id='par_1_99' title="bbox 385 5112 1954 5187">
     <span class='ocr_line' id='line_1_99' title="bbox 385 5112 1954 5187; baseline -0.001 -15"><span class='ocrx_word' id='word_1_853' title='bbox 385 5118 473 5172; x_wconf 76' lang='grc' dir='ltr'><strong><em>ὅτι</em></strong></span> <span class='ocrx_word' id='word_1_854' title='bbox 512 5114 591 5181; x_wconf 77' lang='grc' dir='ltr'>εἷς</span> <span class='ocrx_word' id='word_1_855' title='bbox 636 5116 781 5170; x_wconf 75' lang='grc' dir='ltr'>ἐστιν</span> <span class='ocrx_word' id='word_1_856' title='bbox 828 5116 906 5169; x_wconf 79' lang='grc' dir='ltr'>ἔτι</span> <span class='ocrx_word' id='word_1_857' title='bbox 938 5116 1033 5169; x_wconf 75' lang='grc' dir='ltr'>καὶ</span> <span class='ocrx_word' id='word_1_858' title='bbox 1058 5114 1197 5187; x_wconf 83' lang='grc' dir='ltr'>πλὴν</span> <span class='ocrx_word' id='word_1_859' title='bbox 1237 5113 1402 5169; x_wconf 77' lang='grc' dir='ltr'>αὑτοῦ</span> <span class='ocrx_word' id='word_1_860' title='bbox 1448 5114 1547 5167; x_wconf 79' lang='grc' dir='ltr'><strong><em>οὐκ</em></strong></span> <span class='ocrx_word' id='word_1_861' title='bbox 1580 5112 1725 5167; x_wconf 80' lang='grc' dir='ltr'>ἐστιν</span> <span class='ocrx_word' id='word_1_862' title='bbox 1750 5112 1954 5185; x_wconf 75' lang='grc' dir='ltr'>ἕτερος.</span> 
     </span>
    </p>
   </div>
   <div class='ocr_carea' id='block_1_100' title="bbox 390 5199 1958 5278">
    <p class='ocr_par' dir='ltr' id='par_1_100' title="bbox 390 5199 1958 5278">
     <span class='ocr_line' id='line_1_100' title="bbox 390 5199 1958 5278; baseline -0.004 -17"><span class='ocrx_word' id='word_1_863' title='bbox 390 5206 502 5263; x_wconf 70' lang='grc' dir='ltr'>Καὶ</span> <span class='ocrx_word' id='word_1_864' title='bbox 520 5206 635 5276; x_wconf 84' lang='grc' dir='ltr'>μεθ’</span> <span class='ocrx_word' id='word_1_865' title='bbox 651 5207 812 5278; x_wconf 72' lang='grc' dir='ltr'>ἕτερα</span> <span class='ocrx_word' id='word_1_866' title='bbox 825 5204 1034 5270; x_wconf 86' lang='grc' dir='ltr'>τούτοις</span> <span class='ocrx_word' id='word_1_867' title='bbox 1048 5199 1202 5268; x_wconf 81' lang='grc' dir='ltr'>αὖθις</span> <span class='ocrx_word' id='word_1_868' title='bbox 1217 5202 1536 5275; x_wconf 82' lang='grc' dir='ltr'>προστίθησι</span> <span class='ocrx_word' id='word_1_869' title='bbox 1558 5200 1751 5270; x_wconf 80' lang='grc' dir='ltr'>λέγων’</span> <span class='ocrx_word' id='word_1_870' title='bbox 1775 5219 1795 5254; x_wconf 80' lang='grc' dir='ltr'><strong><em>ι</em></strong></span> <span class='ocrx_word' id='word_1_871' title='bbox 1835 5200 1958 5267; x_wconf 86' lang='grc' dir='ltr'><strong><em>Πῶς</em></strong></span> 
     </span>
    </p>
   </div>
   <div class='ocr_carea' id='block_1_101' title="bbox 469 5384 1953 5457">
    <p class='ocr_par' dir='ltr' id='par_1_101' title="bbox 469 5384 1953 5457">
     <span class='ocr_line' id='line_1_101' title="bbox 469 5384 1953 5457; baseline 0.001 -15"><span class='ocrx_word' id='word_1_872' title='bbox 469 5394 527 5451; x_wconf 63' lang='lat'><strong><em>&gt;14</em></strong></span> <span class='ocrx_word' id='word_1_873' title='bbox 564 5387 661 5442; x_wconf 84' lang='lat' dir='ltr'><strong><em>Ed.</em></strong></span> <span class='ocrx_word' id='word_1_874' title='bbox 690 5387 888 5454; x_wconf 82' lang='lat' dir='ltr'><strong><em>Paris.,</em></strong></span> <span class='ocrx_word' id='word_1_875' title='bbox 923 5405 1046 5457; x_wconf 70' lang='lat' dir='ltr'><strong><em>pag.</em></strong></span> <span class='ocrx_word' id='word_1_876' title='bbox 1078 5387 1201 5444; x_wconf 74' lang='lat' dir='ltr'><strong><em>l32.</em></strong></span> <span class='ocrx_word' id='word_1_877' title='bbox 1353 5386 1396 5457; x_wconf 57' lang='grc' dir='ltr'><strong><em>Ῥ</em></strong></span> <span class='ocrx_word' id='word_1_878' title='bbox 1421 5384 1595 5457; x_wconf 74' lang='lat' dir='ltr'><strong><em>Marc.</em></strong></span> <span class='ocrx_word' id='word_1_879' title='bbox 1629 5401 1727 5453; x_wconf 82' lang='lat' dir='ltr'><strong><em>xu,</em></strong></span> <span class='ocrx_word' id='word_1_880' title='bbox 1765 5386 1953 5443; x_wconf 71' lang='lat'><strong><em>28-52.</em></strong></span> 
     </span>
    </p>
   </div>
   <div class='ocr_carea' id='block_1_102' title="bbox 390 5456 2058 5526">
    <p class='ocr_par' dir='ltr' id='par_1_102' title="bbox 390 5456 2058 5526">
     <span class='ocr_line' id='line_1_102' title="bbox 390 5456 2058 5526; baseline 0.002 -15"><span class='ocrx_word' id='word_1_881' title='bbox 390 5460 438 5492; x_wconf 82' lang='grc'>¹¹</span> <span class='ocrx_word' id='word_1_882' title='bbox 468 5458 710 5526; x_wconf 67' lang='lat' dir='ltr'><strong><em>Dcutav,</em></strong></span> <span class='ocrx_word' id='word_1_883' title='bbox 743 5459 832 5514; x_wconf 77' lang='lat'><strong><em>39.</em></strong></span> <span class='ocrx_word' id='word_1_884' title='bbox 906 5460 953 5493; x_wconf 80' lang='lat'>”</span> <span class='ocrx_word' id='word_1_885' title='bbox 979 5456 1133 5516; x_wconf 85' lang='lat' dir='ltr'><strong><em>Deut.</em></strong></span> <span class='ocrx_word' id='word_1_886' title='bbox 1164 5474 1216 5514; x_wconf 75' lang='lat' dir='ltr'><strong><em>Vl</em></strong></span> <span class='ocrx_word' id='word_1_887' title='bbox 1272 5462 1328 5525; x_wconf 74' lang='grc' dir='ltr'><strong><em>ι,</em></strong></span> <span class='ocrx_word' id='word_1_888' title='bbox 1365 5456 1417 5511; x_wconf 85' lang='grc'>5.</span> <span class='ocrx_word' id='word_1_889' title='bbox 1494 5456 1540 5489; x_wconf 70' lang='grc' dir='ltr'><strong><em>’δ</em></strong></span> <span class='ocrx_word' id='word_1_890' title='bbox 1576 5456 1729 5511; x_wconf 81' lang='lat' dir='ltr'><strong><em>Deut.</em></strong></span> <span class='ocrx_word' id='word_1_891' title='bbox 1768 5474 1937 5525; x_wconf 73' lang='lat' dir='ltr'><strong><em>nun,</em></strong></span> <span class='ocrx_word' id='word_1_892' title='bbox 1968 5457 2058 5514; x_wconf 75' lang='lat'><strong><em>39.</em></strong></span> 
     </span>
    </p>
   </div>
   <div class='ocr_carea' id='block_1_103' title="bbox 465 5677 1964 5755">
    <p class='ocr_par' dir='ltr' id='par_1_103' title="bbox 465 5677 1964 5755">
     <span class='ocr_line' id='line_1_103' title="bbox 465 5677 1964 5755; baseline -0.01 -11"><span class='ocrx_word' id='word_1_893' title='bbox 465 5685 579 5755; x_wconf 70' lang='lat'><strong><em>(8‘2)</em></strong></span> <span class='ocrx_word' id='word_1_894' title='bbox 607 5683 780 5754; x_wconf 74' lang='lat' dir='ltr'><strong><em>Vulgo</em></strong></span> <span class='ocrx_word' id='word_1_895' title='bbox 803 5684 904 5755; x_wconf 79' lang='grc' dir='ltr'>τῆς</span> <span class='ocrx_word' id='word_1_896' title='bbox 938 5682 1186 5755; x_wconf 78' lang='grc' dir='ltr'>καρδίας.</span> <span class='ocrx_word' id='word_1_897' title='bbox 1218 5680 1335 5737; x_wconf 76' lang='lat' dir='ltr'><strong><em>Mox</em></strong></span> <span class='ocrx_word' id='word_1_898' title='bbox 1390 5679 1549 5754; x_wconf 72' lang='lat' dir='ltr'><strong><em>vulgo</em></strong></span> <span class='ocrx_word' id='word_1_899' title='bbox 1597 5688 1713 5752; x_wconf 78' lang='lat' dir='ltr'><strong><em>post</em></strong></span> <span class='ocrx_word' id='word_1_900' title='bbox 1774 5677 1964 5751; x_wconf 75' lang='grc' dir='ltr'>πρώτη</span> 
     </span>
    </p>
   </div>
   <div class='ocr_carea' id='block_1_104' title="bbox 393 5752 1189 5826">
    <p class='ocr_par' dir='ltr' id='par_1_104' title="bbox 393 5752 1189 5826">
     <span class='ocr_line' id='line_1_104' title="bbox 393 5752 1189 5826; baseline -0.005 -16"><span class='ocrx_word' id='word_1_901' title='bbox 393 5752 516 5811; x_wconf 72' lang='lat' dir='ltr'><strong><em>add.</em></strong></span> <span class='ocrx_word' id='word_1_902' title='bbox 553 5752 646 5826; x_wconf 69' lang='grc' dir='ltr'>καὶ</span> <span class='ocrx_word' id='word_1_903' title='bbox 673 5752 880 5826; x_wconf 76' lang='grc' dir='ltr'>μεγάλη</span> <span class='ocrx_word' id='word_1_904' title='bbox 906 5755 938 5822; x_wconf 79' lang='grc' dir='ltr'><strong>ἡ</strong></span> <span class='ocrx_word' id='word_1_905' title='bbox 980 5752 1189 5822; x_wconf 74' lang='grc' dir='ltr'>ἐντολή.</span> 
     </span>
    </p>
   </div>
   <div class='ocr_carea' id='block_1_105' title="bbox 461 5826 1088 5896">
    <p class='ocr_par' dir='ltr' id='par_1_105' title="bbox 461 5826 1088 5896">
     <span class='ocr_line' id='line_1_105' title="bbox 461 5826 1088 5896; baseline -0.006 -15"><span class='ocrx_word' id='word_1_906' title='bbox 461 5826 577 5896; x_wconf 75' lang='lat'><strong><em>(83)</em></strong></span> <span class='ocrx_word' id='word_1_907' title='bbox 603 5827 717 5896; x_wconf 89' lang='grc' dir='ltr'>Τήν</span> <span class='ocrx_word' id='word_1_908' title='bbox 742 5826 901 5896; x_wconf 78' lang='lat' dir='ltr'><strong><em>vuan</em></strong></span> <span class='ocrx_word' id='word_1_909' title='bbox 925 5826 1088 5896; x_wconf 71' lang='lat' dir='ltr'><strong><em>cleest.</em></strong></span> 
     </span>
    </p>
   </div>
   <div class='ocr_carea' id='block_1_106' title="bbox 489 5825 1064 5969">
    <p class='ocr_par' dir='ltr' id='par_1_106' title="bbox 489 5825 1064 5969">
     <span class='ocr_line' id='line_1_106' title="bbox 489 5825 1064 5896; baseline -0.01 -15"><span class='ocrx_word' id='word_1_910' title='bbox 489 5826 555 5881; x_wconf 74' lang='lat'><strong>83</strong></span> <span class='ocrx_word' id='word_1_911' title='bbox 603 5825 717 5896; x_wconf 78' lang='grc' dir='ltr'>Τήν</span> <span class='ocrx_word' id='word_1_912' title='bbox 742 5826 899 5879; x_wconf 83' lang='lat' dir='ltr'><strong><em>vulao</em></strong></span> <span class='ocrx_word' id='word_1_913' title='bbox 925 5826 1064 5877; x_wconf 76' lang='lat' dir='ltr'><strong><em>deest</em></strong></span> 
     </span>
     <span class='ocr_line' id='line_1_107' title="bbox 489 5825 1064 5969; baseline -0.005 -18"><span class='ocrx_word' id='word_1_914' title='bbox 489 5825 579 5968; x_wconf 54' lang='lat' dir='ltr'><strong><em>Si;</em></strong></span> <span class='ocrx_word' id='word_1_915' title='bbox 608 5895 781 5969; x_wconf 71' lang='lat' dir='ltr'><strong><em>Vulgo</em></strong></span> <span class='ocrx_word' id='word_1_916' title='bbox 812 5892 903 5949; x_wconf 77' lang='grc' dir='ltr'>τοῦ</span> <span class='ocrx_word' id='word_1_917' title='bbox 939 5895 1064 5967; x_wconf 72' lang='grc' dir='ltr'>Ἰσρ.</span> 
     </span>
    </p>
   </div>
   <div class='ocr_carea' id='block_1_107' title="bbox 2069 4651 3635 4728">
    <p class='ocr_par' dir='ltr' id='par_1_107' title="bbox 2069 4651 3635 4728">
     <span class='ocr_line' id='line_1_108' title="bbox 2069 4651 3635 4728; baseline -0.006 -15"><span class='ocrx_word' id='word_1_918' title='bbox 2069 4660 2287 4728; x_wconf 72' lang='lat' dir='ltr'><strong><em>(nciam,</em></strong></span> <span class='ocrx_word' id='word_1_919' title='bbox 2324 4655 2613 4727; x_wconf 83' lang='lat' dir='ltr'><strong><em>percutiam</em></strong></span> <span class='ocrx_word' id='word_1_920' title='bbox 2632 4663 2679 4708; x_wconf 90' lang='lat' dir='ltr'><strong><em>et</em></strong></span> <span class='ocrx_word' id='word_1_921' title='bbox 2706 4657 2905 4707; x_wconf 83' lang='lat' dir='ltr'><strong><em>sauabo</em></strong></span> <span class='ocrx_word' id='word_1_922' title='bbox 2927 4653 2992 4705; x_wconf 69' lang='lat'><strong><em>“.</em></strong></span> <span class='ocrx_word' id='word_1_923' title='bbox 3037 4651 3315 4718; x_wconf 80' lang='lat' dir='ltr'><strong><em>Quomodo</em></strong></span> <span class='ocrx_word' id='word_1_924' title='bbox 3348 4652 3451 4706; x_wconf 85' lang='lat' dir='ltr'><strong><em>hoc</em></strong></span> <span class='ocrx_word' id='word_1_925' title='bbox 3477 4652 3635 4706; x_wconf 81' lang='lat' dir='ltr'><strong><em>Aste-</em></strong></span> 
     </span>
    </p>
   </div>
   <div class='ocr_carea' id='block_1_108' title="bbox 2069 4741 3634 4821">
    <p class='ocr_par' dir='ltr' id='par_1_108' title="bbox 2069 4741 3634 4821">
     <span class='ocr_line' id='line_1_109' title="bbox 2069 4741 3634 4821; baseline -0.007 -15"><span class='ocrx_word' id='word_1_926' title='bbox 2069 4752 2183 4807; x_wconf 86' lang='lat' dir='ltr'><strong><em>rius</em></strong></span> <span class='ocrx_word' id='word_1_927' title='bbox 2208 4749 2493 4821; x_wconf 77' lang='lat' dir='ltr'><strong><em>ignorabat</em></strong></span> <span class='ocrx_word' id='word_1_928' title='bbox 2521 4747 2611 4817; x_wconf 92' lang='lat' dir='ltr'><strong><em>qui</em></strong></span> <span class='ocrx_word' id='word_1_929' title='bbox 2644 4761 2703 4801; x_wconf 83' lang='lat' dir='ltr'><strong><em>se</em></strong></span> <span class='ocrx_word' id='word_1_930' title='bbox 2732 4744 2904 4801; x_wconf 82' lang='lat' dir='ltr'><strong><em>videri</em></strong></span> <span class='ocrx_word' id='word_1_931' title='bbox 2929 4744 3067 4807; x_wconf 75' lang='lat' dir='ltr'><strong><em>vult,</em></strong></span> <span class='ocrx_word' id='word_1_932' title='bbox 3098 4757 3218 4797; x_wconf 91' lang='lat' dir='ltr'><strong><em>cum</em></strong></span> <span class='ocrx_word' id='word_1_933' title='bbox 3250 4742 3467 4806; x_wconf 87' lang='lat' dir='ltr'><strong><em>timore,</em></strong></span> <span class='ocrx_word' id='word_1_934' title='bbox 3500 4741 3634 4796; x_wconf 88' lang='lat' dir='ltr'><strong><em>sim-</em></strong></span> 
     </span>
    </p>
   </div>
   <div class='ocr_carea' id='block_1_109' title="bbox 2068 4833 3639 4913">
    <p class='ocr_par' dir='ltr' id='par_1_109' title="bbox 2068 4833 3639 4913">
     <span class='ocr_line' id='line_1_110' title="bbox 2068 4833 3639 4913; baseline -0.01 -14"><span class='ocrx_word' id='word_1_935' title='bbox 2068 4842 2280 4913; x_wconf 90' lang='lat' dir='ltr'><strong><em>pliciter</em></strong></span> <span class='ocrx_word' id='word_1_936' title='bbox 2297 4848 2596 4898; x_wconf 83' lang='lat' dir='ltr'><strong><em>scrutatum</em></strong></span> <span class='ocrx_word' id='word_1_937' title='bbox 2628 4853 2812 4893; x_wconf 73' lang='lat' dir='ltr'><strong><em>sacras</em></strong></span> <span class='ocrx_word' id='word_1_938' title='bbox 2842 4836 3072 4891; x_wconf 87' lang='lat' dir='ltr'><strong><em>Litteras</em></strong></span> <span class='ocrx_word' id='word_1_939' title='bbox 3103 4852 3116 4887; x_wconf 89' lang='lat'><strong>:</strong></span> <span class='ocrx_word' id='word_1_940' title='bbox 3144 4833 3396 4888; x_wconf 87' lang='lat' dir='ltr'><strong><em>nimirum</em></strong></span> <span class='ocrx_word' id='word_1_941' title='bbox 3425 4841 3639 4902; x_wconf 90' lang='lat' dir='ltr'><strong><em>partem.</em></strong></span> 
     </span>
    </p>
   </div>
   <div class='ocr_carea' id='block_1_110' title="bbox 2068 4923 3631 5004">
    <p class='ocr_par' dir='ltr' id='par_1_110' title="bbox 2068 4923 3631 5004">
     <span class='ocr_line' id='line_1_111' title="bbox 2068 4923 3631 5004; baseline -0.01 -13"><span class='ocrx_word' id='word_1_942' title='bbox 2068 4935 2473 5004; x_wconf 83' lang='lat' dir='ltr'><strong><em>Scripturarum</em></strong></span> <span class='ocrx_word' id='word_1_943' title='bbox 2502 4932 2651 4988; x_wconf 88' lang='lat' dir='ltr'><strong><em>illam</em></strong></span> <span class='ocrx_word' id='word_1_944' title='bbox 2682 4932 2773 4987; x_wconf 92' lang='lat' dir='ltr'><strong><em>ubi</em></strong></span> <span class='ocrx_word' id='word_1_945' title='bbox 2804 4931 3022 4995; x_wconf 89' lang='lat' dir='ltr'><strong><em>dicitur,</em></strong></span> <span class='ocrx_word' id='word_1_946' title='bbox 3042 4928 3297 4981; x_wconf 88' lang='lat' dir='ltr'><strong><em>Dominus</em></strong></span> <span class='ocrx_word' id='word_1_947' title='bbox 3325 4923 3465 4978; x_wconf 87' lang='lat' dir='ltr'><strong><em>Deus</em></strong></span> <span class='ocrx_word' id='word_1_948' title='bbox 3488 4933 3631 4988; x_wconf 76' lang='lat' dir='ltr'><strong><em>tuus,</em></strong></span> 
     </span>
    </p>
   </div>
   <div class='ocr_carea' id='block_1_111' title="bbox 2070 5018 3637 5091">
    <p class='ocr_par' dir='ltr' id='par_1_111' title="bbox 2070 5018 3637 5091">
     <span class='ocr_line' id='line_1_112' title="bbox 2070 5018 3637 5091; baseline -0.01 -8"><span class='ocrx_word' id='word_1_949' title='bbox 2070 5026 2211 5083; x_wconf 90' lang='lat' dir='ltr'><strong><em>Deus</em></strong></span> <span class='ocrx_word' id='word_1_950' title='bbox 2240 5041 2374 5080; x_wconf 75' lang='lat' dir='ltr'><strong><em>unus</em></strong></span> <span class='ocrx_word' id='word_1_951' title='bbox 2406 5035 2505 5091; x_wconf 90' lang='lat' dir='ltr'><strong><em>est,</em></strong></span> <span class='ocrx_word' id='word_1_952' title='bbox 2551 5026 2606 5079; x_wconf 86' lang='lat' dir='ltr'><strong><em>in</em></strong></span> <span class='ocrx_word' id='word_1_953' title='bbox 2638 5024 2764 5079; x_wconf 74' lang='lat' dir='ltr'><strong><em>cmlo</em></strong></span> <span class='ocrx_word' id='word_1_954' title='bbox 2786 5038 3014 5085; x_wconf 91' lang='lat' dir='ltr'><strong><em>sursum,</em></strong></span> <span class='ocrx_word' id='word_1_955' title='bbox 3043 5032 3090 5076; x_wconf 92' lang='lat' dir='ltr'><strong><em>et</em></strong></span> <span class='ocrx_word' id='word_1_956' title='bbox 3112 5022 3165 5074; x_wconf 88' lang='lat' dir='ltr'><strong><em>in</em></strong></span> <span class='ocrx_word' id='word_1_957' title='bbox 3192 5030 3331 5074; x_wconf 88' lang='lat' dir='ltr'><strong><em>terra</em></strong></span> <span class='ocrx_word' id='word_1_958' title='bbox 3356 5018 3597 5071; x_wconf 89' lang='lat' dir='ltr'><strong><em>deorsum</em></strong></span> <span class='ocrx_word' id='word_1_959' title='bbox 3615 5056 3637 5081; x_wconf 89' lang='lat'><strong><em>,</em></strong></span> 
     </span>
    </p>
   </div>
   <div class='ocr_carea' id='block_1_112' title="bbox 2064 5104 3634 5178">
    <p class='ocr_par' dir='ltr' id='par_1_112' title="bbox 2064 5104 3634 5178">
     <span class='ocr_line' id='line_1_113' title="bbox 2064 5104 3634 5178; baseline -0.01 -9"><span class='ocrx_word' id='word_1_960' title='bbox 2064 5124 2113 5169; x_wconf 90' lang='lat' dir='ltr'><strong><em>et</em></strong></span> <span class='ocrx_word' id='word_1_961' title='bbox 2173 5127 2276 5165; x_wconf 88' lang='lat' dir='ltr'><strong><em>non</em></strong></span> <span class='ocrx_word' id='word_1_962' title='bbox 2325 5120 2403 5165; x_wconf 91' lang='lat' dir='ltr'><strong><em>est</em></strong></span> <span class='ocrx_word' id='word_1_963' title='bbox 2430 5121 2624 5178; x_wconf 72' lang='lat' dir='ltr'><strong><em>prwter</em></strong></span> <span class='ocrx_word' id='word_1_964' title='bbox 2648 5125 2766 5164; x_wconf 87' lang='lat' dir='ltr'><strong><em>eum</em></strong></span> <span class='ocrx_word' id='word_1_965' title='bbox 2792 5121 2813 5161; x_wconf 91' lang='lat'><strong><em>:</em></strong></span> <span class='ocrx_word' id='word_1_966' title='bbox 2842 5107 2982 5177; x_wconf 87' lang='lat' dir='ltr'><strong><em>quod</em></strong></span> <span class='ocrx_word' id='word_1_967' title='bbox 3018 5120 3155 5160; x_wconf 90' lang='lat' dir='ltr'><strong><em>unus</em></strong></span> <span class='ocrx_word' id='word_1_968' title='bbox 3201 5104 3293 5170; x_wconf 87' lang='lat' dir='ltr'><strong><em>sit,</em></strong></span> <span class='ocrx_word' id='word_1_969' title='bbox 3323 5110 3378 5156; x_wconf 89' lang='lat' dir='ltr'><strong><em>et</em></strong></span> <span class='ocrx_word' id='word_1_970' title='bbox 3403 5116 3510 5155; x_wconf 90' lang='lat' dir='ltr'><strong><em>non</em></strong></span> <span class='ocrx_word' id='word_1_971' title='bbox 3548 5110 3634 5155; x_wconf 81' lang='lat' dir='ltr'><strong><em>est</em></strong></span> 
     </span>
    </p>
   </div>
   <div class='ocr_carea' id='block_1_113' title="bbox 2065 5190 3630 5274">
    <p class='ocr_par' dir='ltr' id='par_1_113' title="bbox 2065 5190 3630 5274">
     <span class='ocr_line' id='line_1_114' title="bbox 2065 5190 3630 5274; baseline -0.009 -15"><span class='ocrx_word' id='word_1_972' title='bbox 2065 5205 2207 5260; x_wconf 82' lang='lat' dir='ltr'><strong><em>altus</em></strong></span> <span class='ocrx_word' id='word_1_973' title='bbox 2232 5211 2431 5274; x_wconf 56' lang='lat' dir='ltr'><strong><em>prater</em></strong></span> <span class='ocrx_word' id='word_1_974' title='bbox 2460 5201 2634 5257; x_wconf 89' lang='lat' dir='ltr'><strong><em>illum.</em></strong></span> <span class='ocrx_word' id='word_1_975' title='bbox 2687 5200 2811 5255; x_wconf 86' lang='lat' dir='ltr'><strong><em>Post</em></strong></span> <span class='ocrx_word' id='word_1_976' title='bbox 2850 5198 2959 5253; x_wconf 87' lang='lat' dir='ltr'><strong><em>alia</em></strong></span> <span class='ocrx_word' id='word_1_977' title='bbox 2980 5206 3035 5253; x_wconf 90' lang='lat' dir='ltr'><strong><em>et</em></strong></span> <span class='ocrx_word' id='word_1_978' title='bbox 3063 5196 3212 5255; x_wconf 82' lang='lat' dir='ltr'><strong><em>hisce</em></strong></span> <span class='ocrx_word' id='word_1_979' title='bbox 3246 5192 3508 5259; x_wconf 83' lang='lat' dir='ltr'><strong><em>annectit,</em></strong></span> <span class='ocrx_word' id='word_1_980' title='bbox 3548 5190 3630 5246; x_wconf 88' lang='lat' dir='ltr'><strong><em>in-</em></strong></span> 
     </span>
    </p>
   </div>
   <div class='ocr_carea' id='block_1_114' title="bbox 2067 5376 3627 5451">
    <p class='ocr_par' dir='ltr' id='par_1_114' title="bbox 2067 5376 3627 5451">
     <span class='ocr_line' id='line_1_115' title="bbox 2067 5376 3627 5451; baseline -0.008 -5"><span class='ocrx_word' id='word_1_981' title='bbox 2067 5390 2110 5422; x_wconf 81' lang='lat'>&quot;</span> <span class='ocrx_word' id='word_1_982' title='bbox 2140 5388 2309 5445; x_wconf 78' lang='lat' dir='ltr'><strong><em>Exod.</em></strong></span> <span class='ocrx_word' id='word_1_983' title='bbox 2343 5401 2425 5451; x_wconf 86' lang='grc' dir='ltr'>ιιι,</span> <span class='ocrx_word' id='word_1_984' title='bbox 2463 5385 2547 5440; x_wconf 80' lang='lat' dir='ltr'><strong><em>l5.</em></strong></span> <span class='ocrx_word' id='word_1_985' title='bbox 2645 5383 2690 5416; x_wconf 78' lang='grc' dir='ltr'><strong><em>³ο</em></strong></span> <span class='ocrx_word' id='word_1_986' title='bbox 2711 5383 2880 5439; x_wconf 80' lang='lat' dir='ltr'><strong><em>Exod.</em></strong></span> <span class='ocrx_word' id='word_1_987' title='bbox 2910 5398 3002 5449; x_wconf 75' lang='grc' dir='ltr'>ιιι,</span> <span class='ocrx_word' id='word_1_988' title='bbox 3050 5381 3106 5448; x_wconf 71' lang='grc'>2,</span> <span class='ocrx_word' id='word_1_989' title='bbox 3164 5382 3199 5436; x_wconf 80' lang='lat'><strong>3</strong></span> <span class='ocrx_word' id='word_1_990' title='bbox 3333 5379 3377 5411; x_wconf 80' lang='grc'><strong><em>’⁴</em></strong></span> <span class='ocrx_word' id='word_1_991' title='bbox 3404 5376 3537 5434; x_wconf 88' lang='lat' dir='ltr'><strong><em>ibid.</em></strong></span> <span class='ocrx_word' id='word_1_992' title='bbox 3573 5377 3627 5434; x_wconf 79' lang='lat'><strong><em>5.</em></strong></span> 
     </span>
    </p>
   </div>
   <div class='ocr_carea' id='block_1_115' title="bbox 2136 5678 2677 5749">
    <p class='ocr_par' dir='ltr' id='par_1_115' title="bbox 2136 5678 2677 5749">
     <span class='ocr_line' id='line_1_116' title="bbox 2136 5678 2677 5749; baseline 0 -16"><span class='ocrx_word' id='word_1_993' title='bbox 2136 5678 2252 5749; x_wconf 75' lang='lat'><strong><em>(85)</em></strong></span> <span class='ocrx_word' id='word_1_994' title='bbox 2287 5680 2459 5748; x_wconf 66' lang='lat' dir='ltr'><strong><em>Vulgo</em></strong></span> <span class='ocrx_word' id='word_1_995' title='bbox 2486 5678 2677 5748; x_wconf 85' lang='grc' dir='ltr'>λέγων.</span> 
     </span>
    </p>
   </div>
   <div class='ocr_carea' id='block_1_116' title="bbox 2064 5737 3632 5891">
    <p class='ocr_par' dir='ltr' id='par_1_116' title="bbox 2064 5737 3632 5891">
     <span class='ocr_line' id='line_1_117' title="bbox 2105 5737 3632 5891; baseline -0.005 -85"><span class='ocrx_word' id='word_1_996' title='bbox 2105 5737 2248 5891; x_wconf 38' lang='grc' dir='ltr'><strong><em>ὶὲεϐῥ</em></strong></span> <span class='ocrx_word' id='word_1_997' title='bbox 2284 5737 2447 5822; x_wconf 55' lang='lat' dir='ltr'><strong><em>Vulgo</em></strong></span> <span class='ocrx_word' id='word_1_998' title='bbox 2481 5737 2697 5823; x_wconf 71' lang='grc' dir='ltr'>Κύριος,</span> <span class='ocrx_word' id='word_1_999' title='bbox 2756 5759 2806 5808; x_wconf 83' lang='lat' dir='ltr'><strong><em>et</em></strong></span> <span class='ocrx_word' id='word_1_1000' title='bbox 2845 5766 2987 5821; x_wconf 76' lang='lat' dir='ltr'><strong><em>mox,</em></strong></span> <span class='ocrx_word' id='word_1_1001' title='bbox 3019 5750 3110 5805; x_wconf 65' lang='grc' dir='ltr'><strong><em>ἐπὶ</em></strong></span> <span class='ocrx_word' id='word_1_1002' title='bbox 3137 5748 3237 5821; x_wconf 81' lang='grc' dir='ltr'><strong><em>γῆς</em></strong></span> <span class='ocrx_word' id='word_1_1003' title='bbox 3285 5755 3334 5803; x_wconf 90' lang='lat' dir='ltr'><strong><em>et</em></strong></span> <span class='ocrx_word' id='word_1_1004' title='bbox 3379 5742 3491 5801; x_wconf 72' lang='lat' dir='ltr'><strong><em>lem</em></strong></span> <span class='ocrx_word' id='word_1_1005' title='bbox 3534 5737 3632 5799; x_wconf 67' lang='grc' dir='ltr'>καὶ</span> 
     </span>
     <span class='ocr_line' id='line_1_118' title="bbox 2064 5836 2225 5874; baseline 0.012 -2"><span class='ocrx_word' id='word_1_1006' title='bbox 2064 5838 2103 5872; x_wconf 79' lang='grc' dir='ltr'><strong><em>π</em></strong></span> <span class='ocrx_word' id='word_1_1007' title='bbox 2125 5861 2132 5870; x_wconf 79' lang='grc' dir='ltr'><strong><em>ι</em></strong></span> <span class='ocrx_word' id='word_1_1008' title='bbox 2174 5836 2225 5874; x_wconf 89' lang='grc' dir='ltr'><strong><em>ν.</em></strong></span> 
     </span>
    </p>
   </div>
  </div>
