4086 6202
365 339 479 392 νιν·
1289 342 1374 397 DE
1413 341 1950 399 ECCLESIASTICA
1989 342 2390 399 Tlll‘IOLOGIA
2433 341 2558 395 LIB.
2603 341 2664 394 11.
3504 344 3605 399 950

373 477 393 506 ι
433 457 499 510 Τί
529 457 585 510 δὲ
621 459 715 511 καὶ
732 456 885 528 Ὠσηὲ
919 457 950 508 ὁ
989 458 1303 529 προφήτης;
1331 461 1390 513 οὐ
1420 462 1514 514 καὶ
1537 463 1698 526 αὐτὸς
1719 462 1786 514 τὰ
1812 463 1944 515 αὑτά

2057 479 2072 510 ι
2121 463 2222 515 hoc
2268 461 2438 530 ipsum
2467 459 2553 514 ille
2587 455 2942 511 testiﬁcatur?
2973 456 3084 526 Ego
3116 457 3363 525 eduxile,
3401 459 3603 528 dicens,

372 571 386 601 ι
437 553 736 622 μαρτυρεῖς
781 549 920 618 Ἐγὼ
962 551 1268 620 ἀνήγαγον
1302 569 1377 606 σε
1411 553 1480 618 ἐξ
1511 556 1831 625 Αἰγύπτου,
1865 555 1944 607 λέ-

2056 573 2073 605 (
2113 569 2176 606 ea:
2205 552 2457 622 Egypto,
2512 560 2560 604 ct
2595 549 2759 603 Deum
2809 563 2909 601 non
2961 566 3235 618 cognosces
3280 561 3469 619 prwter
3507 567 3606 606 me.

370 666 385 693 ι
429 660 564 713 γων,
600 643 697 696 καὶ
729 642 874 696 Θεὸν
900 643 1070 711 πλὴν
1100 644 1244 714 ἐμοῦ
1275 647 1346 699 οὑ
1378 650 1602 717 γνώσῃ,
1631 647 1728 702 καὶ
1752 646 1950 708 σώζων

370 755 385 781 ι
429 734 542 786 οὐκ
579 732 706 786 ἐστι
729 732 921 800 παρὲξ
943 731 1108 802 ἐμοῦ.
1144 731 1309 799 Αὖθίς
1331 738 1432 789 τεὸ
1462 737 1743 808 Μαλαχίας
1763 779 1778 805 ,
1802 739 1947 805 Οὐχὶ

372 850 386 870 ο
436 823 581 891 Θεὸς
607 819 693 890 εἷς
721 825 964 879 ἔκτισεν
992 825 1167 897 ὑμᾶς,
1214 827 1377 899 φησίν
1405 845 1418 858 ·
1446 829 1592 899 Οὐχὶ
1629 829 1824 898 πατὴρ
1862 826 1949 897 εἷς

376 933 394 963 ι
433 913 670 968 πάντων
700 914 899 984 ὐμῶν;
946 916 1104 971 Ἀλλὰ
1133 919 1224 971 τὸν
1251 919 1415 972 Δαδίδ
1461 921 1592 992 φησί
1632 938 1734 974 που
1769 921 1950 973 Ἀστέ-

377 1028 394 1057 ι
443 1025 569 1098 ριος,
606 1008 772 1079 μηδὲν
800 1011 1081 1082 εἰρηκέναι
1103 1012 1243 1083 ’περὶ
1268 1011 1478 1076 τούτου,
1509 1012 1685 1065 καίτοι
1715 1011 1949 1084 πρεσϐύ-

378 1121 394 1151 ι
429 1118 584 1154 τατον
603 1102 753 1172 παρὰ
790 1102 995 1155 Μωσέα
1017 1103 1125 1156 τῶν
1156 1103 1330 1158 ἄλλων
1355 1103 1647 1176 προφητῶν
1675 1105 1825 1169 ὄντα,
1855 1106 1948 1159 καὶ

378 1211 394 1239 ι
424 1190 506 1244 διὰ
536 1191 694 1244 τοῦτο
719 1193 1061 1263 ἀμφιγνοεῖν,
1090 1193 1199 1247 εἴτε
1220 1195 1313 1248 δύο
1337 1197 1491 1260 θεοὺς
1518 1197 1809 1250 ὑποστάσει
1834 1199 1949 1269 διῃ-

377 1301 394 1332 ι
430 1283 702 1354 ρημένους
753 1285 990 1354 νομίζειν
1045 1283 1185 1339 εἶναι
1233 1288 1519 1359 προσήκει,
1572 1288 1682 1342 εἴτε
1721 1290 1813 1342 καὶ
1850 1293 1943 1361 μή.

375 1392 393 1423 ι
435 1373 645 1426 Οὐκοῦν
679 1375 767 1427 ἵνα
798 1375 872 1446 μὴ
901 1375 1056 1428 τοῦτο
1083 1375 1238 1448 λέγῃ,
1271 1376 1559 1431 ἀκόλουθον
1587 1380 1826 1449 ἡγοῦμαι
1854 1380 1948 1432 καὶ

375 1481 392 1512 ι
430 1463 594 1515 αὐτὸν
647 1463 909 1530 ἐπιδεῖξαι
940 1465 1087 1536 αὐτῷ
1117 1465 1184 1518 τὰ
1213 1465 1351 1520 αὐτὰ
1389 1469 1501 1532 τοῖς
1530 1469 1947 1542 προειρημένοις

376 1574 392 1602 ι
426 1554 607 1622 ἁγίοις
647 1555 889 1624 λ’έγονταο
940 1557 1254 1623 Ἄκουσον,
1288 1561 1440 1631 φησὶ,
1487 1563 1636 1628 λαός
1658 1580 1797 1632 μου,
1849 1564 1946 1617 καὶ

376 1664 397 1695 ι.
439 1644 694 1713 λαλήσω
736 1662 854 1712 σοι,
904 1649 1169 1718 Ἰσραὴλ,
1196 1651 1289 1704 καὶ
1329 1653 1793 1724 διαμαρτύρομαι
1824 1671 1942 1709 σοι·

375 1753 394 1784 ι
433 1738 544 1790 ἐὰν
565 1739 833 1808 ἀκούσῃς
851 1758 989 1809 μου,
1015 1743 1123 1794 οὐκ
1147 1741 1322 1796 ἔστιν
1352 1745 1420 1797 ἐν
1470 1745 1568 1798 σοὶ
1589 1747 1732 1813 Θεὸς
1763 1748 1947 1815 πρόσ-

380 1848 400 1872 σν
434 1843 639 1894 ματος,
668 1828 808 1883 οὐδὲ
845 1831 1294 1898 προσκυνήσεις
1327 1833 1446 1899 Θεῴ
1477 1809 1944 1906 ἀλλοτρίῳλΕγὼ

2056 1855 2072 1884 ι
2113 1848 2274 1902 neque
2321 1829 2570 1885 adorabis
2626 1828 2788 1883 Deum
2835 1826 3062 1878 alienum
3107 1840 3125 1877 :

381 1935 398 1964 ε
443 1916 552 1985 γάρ
582 1920 696 1986 ειμι
725 1919 942 1988 Κύριος
965 1922 996 1973 ό
1021 1923 1164 1987 Θεός
1191 1937 1328 1976 σου.
1375 1924 1432 1977 Ὁ
1452 1925 1612 1979 αὑτὸν
1642 1926 1948 1993 ἐπιδεικνὺς

381 2027 397 2058 ι
437 2009 532 2061 καὶ
560 2008 748 2078 λέγων,
781 2011 889 2080 ἐγώ
919 2015 1054 2085 εἰμι,
1095 2015 1156 2068 οὑ
1198 2015 1354 2086 δῆλός
1394 2019 1541 2071 ἐστιν
1568 2018 1662 2072 ἕνα
1687 2019 1818 2075 θεὸν
1847 2022 1949 2094 μό-

379 2118 399 2151 ι
432 2119 520 2156 νον
565 2098 698 2158 εἶναι
719 2104 909 2175 λέγων,
945 2109 1084 2162 τοῦτ’
1115 2109 1258 2164 ἐστιν
1279 2113 1498 2179 ἐαυτόν;
1537 2133 1558 2167 ι

1017 2203 1172 2256 ΚΕΦ.
1210 2206 1292 2257 Κ¹.

370 2287 484 2381 ΔίαΔ
499 2289 916 2381 τίλιξξοσξῑςνκαὶ
937 2297 990 2381 οξ
1019 2298 1669 2381 προφῇταιου-γςμᾴνῶς
1690 2303 1945 2381 παρέδω-

450 2376 567 2412 καν
604 2361 908 2430 Ἰουδαίοις
928 2364 1042 2432 τὴν
1057 2361 1330 2436 habitat”)
1367 2361 1858 2442 Υἱὸῧθεολογίξιν.

439 2452 623 2506 Ταῦτα
671 2454 848 2507 πάντα
881 2459 1196 2528 Μάρκελλος
1239 2463 1332 2515 καὶ
1382 2462 1462 2516 ἔτι
1492 2463 1694 2517 τούτων
1727 2464 1945 2519 πλείονα

367 2544 462 2596 ἐπὶ
485 2543 712 2616 ἀρνήσει
744 2547 836 2601 τοῦ
864 2549 995 2602 Υίοῦ
1023 2550 1115 2603 τοῦ
1147 2551 1282 2606 Θεοῦ
1331 2556 1633 2626 συνεφόρει,
1671 2556 1735 2608 δι’
1759 2557 1945 2610 ἀνεπι-

371 2635 731 2708 στημοσύνην·
773 2640 832 2691 οὐ
875 2640 1246 2712 λογισάμενος,
1285 2645 1364 2698 δτι
1408 2645 1542 2717 πρὸς
1583 2647 1682 2717 τὴν
1713 2646 1943 2719 σκληρο-

371 2727 598 2796 καρδίαν
642 2729 738 2781 τοῦ
771 2729 1040 2786 Ἰουδαίων
1074 2733 1200 2787 λαοῦ
1231 2737 1263 2806 ἡ
1291 2736 1511 2809 τοιαύτη
1546 2738 1726 2802 αὐτοῖς
1756 2739 1945 2810 παρεί-

370 2835 498 2888 χετο
516 2818 848 2877 διδασκαλία.
899 2823 1033 2878 Οὐδὲ
1065 2826 1173 2899 γὰρ
1205 2823 1314 2882 οἷόν
1339 2847 1396 2882 τε
1430 2826 1497 2901 ἦν
1529 2831 1589 2884 τὸ
1632 2830 1854 2901 Πνεῦμα
1884 2830 1945 2883 τὸ

370 2911 548 2979 ἅγιον,
574 2914 660 2968 διὰ
691 2919 797 2970 τῶν
842 2921 1130 2992 προφητῶν
1159 2921 1250 2974 τοῦ
1299 2922 1432 2976 Θεοῦ
1473 2922 1778 2995 ἀνθρώποις
1822 2925 1946 2978 ἀτε-

374 3002 492 3056 λέσι
540 3006 638 3070 τὰς
669 3009 867 3077 φρένας
895 3012 1079 3084 ἐντελῆ
1122 3014 1457 3084 παραδοῦναι
1507 3016 1596 3069 τὸν
1638 3016 1737 3086 τῆς
1767 3016 1945 3069 θεοσε-

378 3095 532 3161 ϐείας
555 3099 729 3168 λόγον.
763 3102 912 3157 Οὕτω
943 3104 1072 3174 γοῦν
1106 3107 1288 3171 αὐτοῖς
1332 3107 1425 3160 καὶ
1458 3107 1644 3171 θυσίας
1678 3108 1941 3163 ἐπιτελεῖν

376 3191 702 3261 ἐνομοθέτει,
756 3196 846 3248 καὶ
881 3195 1128 3267 σώματος
1181 3199 1477 3271 περιτομὴν
1498 3240 1511 3264 ,
1543 3201 1636 3254 καὶ
1669 3200 1942 3255 Σαϐϐάτου

377 3281 640 3354 φυλακὴν,
671 3283 763 3337 καὶ
795 3287 1005 3340 τοιωνδὶ
1041 3287 1340 3359 βρωμάτων
1379 3291 1588 3361 ἀποχὴν
1616 3291 1710 3344 καὶ
1742 3290 1946 3364 καθάρ-

375 3388 463 3425 σια
507 3374 794 3444 σωμάτων,
849 3380 1163 3450 σωματικάς
1192 3397 1250 3433 τε
1283 3380 1549 3451 εὐλογίας,
1601 3383 1690 3436 ναὶ
1725 3382 1828 3455 μὴν
1853 3386 1946 3437 καὶ

371 3467 476 3536 γῆς
507 3468 736 3540 ῥεούσης
769 3471 908 3538 γάλα
938 3474 1026 3525 καὶ
1059 3473 1201 3543 μέλι,
1242 3474 1356 3526 ἀλλ’
1388 3474 1448 3526 οὐ
1485 3473 1761 3544 βασιλείας
1788 3476 1948 3548 οὐρα-

372 3559 476 3613 νῶν
500 3563 850 3630 ὲπαγγελίας.
891 3564 948 3618 Ὁ
984 3567 1040 3619 δὲ
1061 3567 1247 3638 Σωτὴρ
1271 3567 1362 3620 καὶ
1396 3567 1599 3640 Κύριος
1625 3569 1781 3641 ἡμῶν
1813 3570 1948 3640 ἐρω-

376 3657 576 3727 τηθεὶς,
609 3659 727 3724 πῶς
773 3661 1016 3726 Μωσέως
1063 3663 1466 3734 προστάξαντος
1497 3664 1696 3717 διδόναι
1745 3663 1945 3732 βιϐλίον

377 3750 702 3806 ἀποστασίου
758 3755 852 3807 καὶ
895 3753 1148 3808 ἀπολύειν
1197 3756 1296 3827 τὴν
1339 3754 1531 3808 ἑαυτοῦ
1587 3758 1817 3825 γυναῖκα
1855 3755 1945 3810 τὸν

377 3840 694 3915 βουλόμενον
723 3845 884 3910 αὐτὸς
913 3846 1171 3902 τάναντία
1203 3847 1492 3912 διατάττοι,
1535 3847 1628 3901 τὸν
1656 3847 1811 3918 λόγον
1841 3849 1946 3902 ἀπ-

374 3934 539 3989 έδωκε
578 3936 861 3991 καθολικὺν
894 3939 1090 4009 φήσας,
1130 3938 1353 4007 Μωσῆς
1379 3938 1528 4006 πρὸς
1543 3937 1656 4007 τὴν
1694 3942 1948 4008 σκληρο-

375 4031 624 4099 καρδίαν
637 4030 804 4101 ὐμῶν
818 4031 1081 4102 ἔγραψεν
1097 4031 1229 4104 (95)·
1250 4032 1351 4087 ἀπ’
1365 4030 1559 4101 ἀρχῆς
1587 4031 1655 4084 δὲ
1680 4032 1751 4085 οὐ
1780 4031 1944 4102 γέγο-

375 4143 480 4178 νεν
528 4125 699 4179 οὕτω.
736 4125 950 4179 ’Ταύτὸν
981 4121 1072 4180 οῦν
1105 4121 1258 4178 εἶπεν
1297 4124 1382 4190 ἂν,
1432 4125 1524 4177 καὶ
1556 4123 1718 4188 εἴτις
1759 4125 1940 4196 ἡρετο,

374 4215 484 4286 (96)
540 4215 592 4268 τί
637 4215 698 4287 δὴ
735 4233 863 4268 ποτε
907 4214 1039 4269 Θεὸν
1081 4215 1176 4268 ἕνα
1216 4215 1393 4268 σέϐειν
1441 4213 1939 4285 παρακελευόμενοι

375 4307 577 4378 Μωσῆς
640 4307 732 4360 καὶ
783 4307 831 4360 οἱ
892 4309 1008 4378 μετ’
1059 4307 1217 4360 αὑτὸν
1279 4305 1551 4379 προφῆται
1615 4304 1714 4358 οὐκ
1770 4303 1943 4357 ἐδίδα-

375 4415 502 4452 σκον
559 4400 755 4464 αὐτοὺς
801 4398 900 4471 τὴν
961 4399 1089 4470 περὶ
1147 4397 1240 4451 τοῦ
1293 4397 1423 4451 Υίοῦ
1479 4396 1710 4467 γνῶσιν;
1750 4395 1943 4469 οὐγὰρ

373 4486 474 4546 οἷοί
517 4511 574 4547 τε
619 4489 757 4564 ἦσαν
807 4494 855 4546 οἱ
910 4493 1148 4564 συνεχῶς
1194 4492 1528 4563 ἀπαγόμενοι
1579 4492 1644 4562 τῇ
1700 4488 1941 4560 πολυθέῳ
1970 4474 2390 4566 "inﬁmam"!

371 4584 548 4658 πλάνῃ
577 4587 674 4657 τὴν
726 4583 1084 4654 εὐαγγελικὴν
1137 4581 1538 4655 παραδέχεσθαι
1586 4582 1746 4654 χάριν
1803 4581 1936 4651 (97).

371 4677 464 4731 Διὸ
491 4677 628 4748 πρὸς
671 4677 769 4748 τὴν
825 4675 1252 4749 σκληροκαρδίαν
1298 4674 1473 4729 αὐτῶν
1525 4675 1625 4745 τὴν
1664 4675 1793 4747 περὶ
1822 4673 1942 4736 ἑνὸς

371 4769 507 4823 Θεοῦ
549 4768 891 4823 διδασκαλίαν
936 4766 1233 4830 ἐποιοῦντο,
1283 4766 1418 4831 τέως
1469 4764 1942 4834 παιδαγωγοῦντες

371 4861 568 4923 αὐτοὺς
594 4860 679 4913 διὰ
701 4859 792 4912 τοῦ
824 4857 1150 4929 ἀποτρέπειν
1183 4857 1280 4927 μὲν
1311 4855 1405 4908 τοῦ
1436 4855 1660 4918 πολλοὺς
1691 4849 1829 4907 εἶναι
1856 4871 1943 4908 νο-

375 4953 552 5025 μίζειν
575 4953 760 5018 Θεοὺς,
790 4951 1001 5021 ἐνάγειν
1022 4950 1078 5004 δὲ
1109 4951 1200 5004 ἐπὶ
1226 4949 1320 5020 τὴν
1352 4945 1656 5016 εἰσαγωγὴν
1679 4943 1771 4998 τοῦ
1803 4945 1942 5008 ἑνὸς.

373 5045 528 5098 Οὕτω
549 5045 605 5098 δὲ
634 5044 836 5116 Μωσῆς
856 5043 1018 5114 ἀτελῆ
1053 5042 1150 5114 τὴν
1179 5038 1524 5094 διδασκαλίαν
1550 5038 1662 5099 τοῖς
1697 5035 1815 5088 κατ’
1846 5035 1943 5088 αὖ·

373 5139 463 5190 τον
496 5136 781 5207 παρεδίδου
824 5135 910 5188 διὰ
939 5135 998 5187 τὸ
1036 5133 1224 5196 ἀτελὲς
1264 5129 1441 5185 αὐτῶν
1476 5129 1574 5197 τῆς
1609 5127 1943 5199 φρονήσεως,

370 5229 446 5292 ὡς
479 5221 744 5300 μηδεμίαν
765 5228 926 5281 αὐτὸν
955 5212 1187 5297 μνήμην
1202 5220 1529 5294 ποιήσασθαι
1563 5217 1808 5288 ἀγγέλων
1831 5217 1944 5270 κτί-

2056 664 2073 694 ‹
2120 643 2242 698 Non
2277 653 2350 697 est
2373 643 2461 712 qui
2505 651 2670 695 servet
2694 651 2884 710 prazter
2907 657 2987 694 me
3011 641 3077 692 ³³.
3117 641 3320 695 Rursus
3351 651 3530 696 autem
3559 651 3613 695 et

2055 755 2073 787 ‹
2113 735 2404 790 Malaehias
2455 732 2549 798 ait,
2607 731 2795 787 Nonne
2841 731 2980 785 Deus
3029 748 3165 786 unus
3200 732 3430 784 condidit
3480 732 3611 784 vos?

2056 849 2072 880 ι
2115 845 2282 883 nonne
2310 825 2474 881 Pater
2522 843 2656 880 unus
2700 833 2812 878 erat
2859 826 3087 876 euntium
3116 831 3340 877 vestrum
3368 822 3453 874 ³³⁸2
3504 821 3613 878 Sed

2057 941 2074 973 ι
2116 922 2192 975 ait
2227 921 2458 991 quodam
2499 919 2550 973 in
2580 919 2698 972 loco
2732 917 2992 981 Asterius,
3034 915 3166 968 nihil
3191 915 3255 969 de
3291 914 3393 969 hoc
3432 913 3610 982 prolo-

2055 1035 2075 1073 «λ
2113 1022 2293 1068 culum
2322 1011 2600 1075 Davidem,
2631 1013 2721 1078 qui
2761 1018 2936 1062 tamen
2959 1016 3182 1076 excepto
3209 1005 3374 1071 Mose,
3416 1005 3487 1072 sit
3516 1021 3614 1058 ειη-ι

2055 1123 2073 1154 ι
2118 1100 2449 1172 tiquissimus
2483 1098 2888 1168 prophetarum,
2912 1105 3073 1166 atque
3103 1094 3242 1149 hanc
3280 1095 3347 1148 ob
3391 1110 3608 1150 causam

2055 1212 2073 1242 ι
2113 1191 2328 1247 dubium
2381 1188 2576 1252 fuisse,
2622 1193 2799 1238 tttrum
2831 1184 2965 1238 duos
3022 1183 3151 1236 deos
3202 1187 3260 1244 >14
3312 1181 3608 1234 substantia

2055 1303 2070 1334 ι
2118 1282 2322 1337 divisos
2362 1277 2602 1349 proﬁteri
2644 1276 2881 1340 deberet,
2935 1288 3001 1327 an
3055 1288 3182 1328 non.
3232 1271 3492 1337 Quocirca
3545 1286 3610 1324 ne

2056 1393 2072 1424 ι
2117 1375 2217 1427 hoc
2244 1387 2368 1425 vere
2403 1368 2608 1424 dixisse
2641 1368 2938 1423 arbitretur
2965 1378 3044 1432 se,
3084 1376 3418 1432 consequens
3445 1368 3610 1416 estut

2054 1486 2070 1517 ι
2113 1465 2390 1520 ostendam
2441 1463 2585 1516 hunc
2636 1474 2848 1531 quoque
2896 1468 3070 1512 vatem
3141 1454 3438 1510 consimilia
3491 1469 3610 1508 cum

2056 1578 2072 1608 ι
2115 1557 2382 1630 ριωόῑυιίε
2433 1553 2791 1609 sanctissimis
2836 1552 2968 1605 viris
3018 1549 3280 1604 sensisse.
3330 1547 3490 1624 Audi,
3525 1545 3612 1600 in-

2055 1671 2072 1702 ι
2116 1650 2233 1720 quit
2268 1648 2379 1714 ille,
2425 1646 2611 1717 popule
2638 1646 2730 1707 nti,
2763 1652 2808 1696 et
2845 1644 3030 1712 loquar
3062 1640 3177 1702 tibi,
3213 1636 3406 1701 Israel,
3435 1636 3614 1704 testiﬁ-

2053 1763 2071 1794 ι
2112 1742 2269 1796 cabor
2301 1751 2370 1806 te,
2400 1738 2448 1793 si
2468 1755 2547 1793 me
2572 1737 2779 1801 audias,
2803 1751 2904 1788 non
2929 1734 3022 1788 erit
3049 1733 3098 1786 in
3131 1740 3177 1785 te
3201 1730 3336 1784 Deus
3366 1729 3627 1791 novitius,

3174 1820 3286 1891 Ego
3323 1822 3456 1874 enim
3499 1833 3613 1872 sum

2056 1947 2073 1976 ι
2116 1925 2366 1979 Dominus
2381 1923 2518 1977 Deus
2538 1928 2655 1975 tuus
2671 1919 2734 1974 3‘.
2759 1917 2856 1984 Qui
2880 1917 3028 1977 dicit,
3048 1929 3146 1986 ego
3168 1929 3309 1980 sum,
3329 1913 3487 1981 idque
3502 1917 3612 1966 tam

2055 2037 2072 2068 ‹
2110 2017 2405 2080 evidenter,
2470 2028 2648 2068 annon
2693 2012 2887 2064 t'atetur
2946 2009 3034 2063 ille
3078 2009 3243 2064 Deum
3287 2019 3464 2062 unum
3496 2015 3616 2060 esse

2055 2129 2070 2160 ι
2110 2110 2303 2176 solum,
2342 2107 2444 2162 hoc
2471 2114 2555 2162 est
2589 2101 2983 2171 semetipsum?
3016 2119 3045 2152 ι.

2682 2193 2836 2249 CAP.
2869 2191 2985 2245 XX.

2049 2297 2188 2362 Quid
2216 2311 2390 2350 causa:
2433 2292 2590 2362 fuerit
2633 2289 2773 2362 quod
2838 2284 3100 2362 Moses“
3138 2286 3406 2362 propheta;
3451 2279 3617 2362 expli-

2081 2353 2237 2419 citum
2267 2368 2330 2419 de
2359 2353 2500 2417 Filio
2525 2353 2834 2428 theologiam
2857 2356 3062 2410 Judzis
3094 2371 3195 2408 non
3230 2353 3581 2408 tradiderunt.

2118 2457 2240 2512 Haec
2281 2455 2461 2527 omnia
2496 2450 2782 2507 Marcellus
2826 2459 2878 2502 et
2930 2447 3107 2501 adhuc
3147 2444 3322 2514 plura,
3366 2444 3420 2498 in
3452 2443 3621 2497 abne-

2045 2550 2309 2621 gationem
2342 2545 2464 2600 Filii
2497 2543 2588 2598 Dei
2620 2539 2894 2607 congessit
2921 2557 2934 2592 :
2967 2545 3188 2607 propter
3234 2550 3386 2590 suam
3424 2549 3618 2602 nempe

2045 2639 2403 2709 ignorantiam
2440 2652 2455 2690 :
2492 2650 2595 2689 non
2636 2632 2780 2688 enim
2818 2627 3222 2693 recordabatur,
3271 2633 3494 2697 propter
3523 2623 3617 2683 Ju-

2043 2735 2281 2786 daeorum
2311 2728 2492 2784 cordis
2523 2724 2799 2789 duritiem,
2828 2721 2969 2776 hanc
3000 2719 3132 2790 ipsis
3163 2717 3462 2774 doctrinam
3487 2715 3615 2770 olim
3646 2759 3650 2762 .

2045 2829 2506 2894 repraasentatam.
2573 2816 2687 2871 Non
2747 2813 2892 2869 enim
2965 2820 3178 2883 poterat
3229 2809 3463 2880 Spiritus
3529 2805 3636 2860 ille.

2045 2925 2268 2974 sanctus
2290 2913 2600 2968 hominibus
2626 2910 2761 2964 adeo
2800 2904 3133 2976 imperfectis
3168 2912 3221 2958 et
3253 2911 3432 2956 mente
3468 2900 3619 2955 ineas

2042 3005 2287 3077 pacibus,
2311 3018 2407 3072 per
2428 2999 2718 3072 prophetas
2739 3011 2888 3061 suos,
2914 2994 3027 3050 suis
3051 2993 3291 3046 numeris
3311 2990 3614 3044 absolutam

2050 3098 2260 3154 tradere
2305 3092 2521 3166 pietatis
2553 3091 2606 3145 in
2648 3091 2812 3146 Deum
2854 3085 3142 3141 rationem.
3190 3082 3314 3137 ldeo
3347 3079 3614 3136 sacriﬁcia

2050 3191 2304 3265 praacepit
2343 3189 2522 3244 facere
2552 3204 2566 3241 :
2603 3186 2723 3241 ideo
2757 3182 3002 3253 corporis
3039 3176 3530 3239 circumcisionem,
3562 3182 3618 3228 et

2049 3283 2307 3344 Sabbata,
2331 3289 2384 3333 et
2410 3279 2652 3333 ciborqu
2677 3271 3032 3346 quorumdam
3058 3267 3464 3326 abstinentiam,
3487 3279 3614 3320 cor-

2045 3373 2195 3444 poris
2226 3369 2552 3434 ablutiones,
2578 3364 2886 3435 corporales
2913 3359 3340 3423 benedictiones,
3377 3357 3614 3428 promis-

2047 3465 2227 3520 siones
2258 3463 2478 3528 insuper
2506 3473 2611 3512 non
2644 3455 2904 3511 caelorum
2933 3453 3107 3520 regni,
3138 3451 3231 3505 sed
3265 3460 3423 3504 terra:
3458 3448 3624 3503 lactis.

2044 3568 2099 3612 et
2127 3554 2298 3610 mellis
2331 3547 2830 3606 abundantissime.
2859 3544 3118 3600 Dominus
3143 3551 3320 3595 autem
3345 3539 3614 3594 etServa.

2049 3659 2132 3705 tor
2173 3648 2557 3713 interrogatus,
2591 3654 2699 3710 quo
2731 3636 2889 3693 modo
2921 3650 3042 3690 cum
3086 3632 3402 3704 praeciperet
3439 3629 3614 3685 Moses

2049 3737 2252 3809 repudii
2283 3732 2523 3790 libellum
2561 3732 2710 3796 dare,
2743 3736 2799 3783 et
2828 3725 3112 3781 demittere
3143 3736 3398 3787 .uxorcm,
3435 3721 3480 3775 si
3525 3720 3612 3775 cui

2045 3834 2122 3888 ita
2157 3826 2564 3894 .adlubescebat,
2595 3824 2708 3894 ipse
2735 3817 3105 3877 statuerit-his
3134 3813 3488 3877 contrarium,
3527 3827 3612 3866 ra-

2047 3924 2245 3979 tionem
2274 3919 2448 3976 reddit
2475 3914 2857 3978 universalem,
2890 3910 3162 3982 inquiens,
3190 3907 3364 3963 Moses
3403 3914 3612 3976 prapter

2046 4013 2290 4068 duritiem
2312 4010 2546 4064 cordium
2572 4014 2860 4062 vestrorum
2883 4003 2958 4056 ita
2989 3999 3196 4071 scripsit
3230 4015 3247 4053 :
3283 3998 3374 4052 sed
3398 4013 3429 4049 a
3458 3995 3614 4065 prin:

2043 4106 2178 4175 cipio
2215 4119 2319 4157 non
2360 4102 2458 4170 fuit
2497 4101 2570 4152 ita
2597 4097 2664 4149 ⁸⁸.
2703 4096 2855 4162 Quod
2895 4103 2951 4148 et
2989 4094 3161 4163 ipsum
3191 4090 3354 4146 etiam
3386 4101 3616 4155 respoue

2045 4198 2238 4263 disset,
2266 4195 2312 4248 si
2344 4193 2465 4262 quis
2494 4192 2902 4259 interrogasset,
2940 4185 3050 4241 Cur
3089 4199 3210 4238 cum
3248 4183 3413 4237 Deum
3446 4192 3608 4232 unum
3643 4217 3647 4229 .

2042 4289 2218 4346 colere
2255 4287 2453 4347 Moses,
2505 4293 2561 4338 et
2607 4290 2731 4352 post
2778 4278 2980 4339 Mosem
3030 4279 3306 4348 prophetae
3353 4271 3611 4342 praecipe-

2042 4393 2183 4448 rent,
2229 4378 2365 4433 nihil
2423 4376 2582 4447 plane
2639 4373 2966 4435 docuerunt,
3017 4384 3120 4425 nec
3173 4367 3458 4422 scientiam
3506 4364 3609 4418 illis

2455 4467 2522 4523 de
2579 4462 2762 4523 Filio?
2816 4461 3002 4531 Neque
3077 4459 3220 4516 enim
3302 4457 3378 4512 illi
3429 4465 3610 4525 pote-

2047 4576 2192 4629 rant,
2233 4573 2338 4618 tam
2371 4560 2682 4629 frequenter
2713 4555 2930 4612 abducti
2959 4553 3030 4607 ab
3067 4566 3251 4607 errore
3288 4551 3354 4605 de
3385 4547 3608 4606 deorum

2048 4659 2412 4720 multitudine,
2452 4649 2985 4722 evangelicamillam
3028 4647 3257 4718 gratiam
3306 4643 3608 4713 percipere.

2053 4757 2112 4815 ›Ι‹
2146 4748 2408 4818 Quocirca
2435 4745 2581 4800 illius
2618 4741 2796 4814 populi
2834 4755 2930 4811 per
2964 4740 3017 4794 id
3060 4736 3316 4807 temporis
3353 4735 3609 4790 informa-

2049 4857 2212 4906 tores,
2238 4849 2455 4910 propter
2480 4838 2734 4894 duritiem
2773 4834 3019 4889 cordium
3059 4831 3272 4886 illorum
3316 4828 3474 4882 unius
3519 4842 3609 4880 so~

2047 4939 2152 4992 lius
2192 4933 2284 4988 Dei
2330 4929 2632 4987 doctrinam
2669 4929 2735 4982 iis
2767 4925 3140 4982 instillarunt:
3179 4932 3238 4976 ut
3263 4922 3331 4975 ab
3356 4919 3610 4989 opinione

2047 5027 2353 5082 abstractos
2378 5025 2443 5078 de
2481 5023 2586 5076 diis
2616 5018 2820 5082 multis,
2849 5020 2913 5071 ad
2940 5016 3098 5070 unius
3157 5013 3488 5069 deducerent
3517 5025 3610 5064 co-

2046 5121 2365 5190 gnitionem.
2392 5115 2570 5184 Atque
2591 5113 2663 5167 ita
2694 5125 2792 5166 suo
2815 5109 3010 5178 populo
3040 5107 3344 5162 doctrinam
3363 5103 3608 5158 tradebat

2048 5213 2222 5267 Moses
2257 5207 2648 5278 imperfectam,
2677 5210 2898 5273 propter
2917 5209 3131 5271 captum
3161 5199 3403 5268 ipsorum
3432 5206 3484 5250 et
3518 5195 3611 5248 iut-

445 5444 502 5500 ›Ι‹
537 5425 1278 5502 Ed.Paris.,pag.,15£,1'55.
1354 5425 1398 5456 ³¹
1439 5422 1699 5487 Ose.xut,
1734 5422 1785 5474 4.
1865 5421 1908 5451 ³³
1942 5417 2175 5474 Malacb.
2220 5411 2388 5479 tt,10.
2466 5411 2511 5442 “
2550 5409 2691 5464 Psal.
2736 5405 3070 5472 Lxxx,9-ll.
3147 5400 3398 5456 "Matth.
3425 5400 3609 5465 xtx,8.

444 5625 556 5694 (95)
594 5617 1080 5694 Smlnpoxapdiar
1108 5612 1274 5694 ὑμῶς·
1300 5611 1605 5694 Empire-2r.“
1645 5613 1836 5694 Deest,‘
1866 5628 1938 5694 Im;

374 5681 669 5764 Ev‘anéeuu
721 5681 1099 5764 supplendum,
1147 5681 1518 5763 ὑμῖνταύτην
1558 5682 1653 5751 τὴν
1701 5681 1936 5764 ἐντολήν.

375 5751 659 5819 Ιιοριιὲοει
697 5751 857 5816 Mare.
911 5774 964 5825 ι,
998 5756 1059 5822 5;
1097 5751 1361 5825 posterior
1387 5766 1509 5823 pars
1565 5762 1647 5808 est
1691 5768 1720 5808 c
1753 5751 1936 5807 Matth.

377 5852 493 5900 xix.
523 5837 575 5892 8.
613 5832 680 5887 Μ.

2119 5615 2228 5683 (96)
2261 5613 2428 5681 Vulgo
2449 5612 2641 5681 εἴρετο,
2672 5621 2724 5663 et
2749 5603 3513 5683 statim,Anapatxslsudpsvogj

2083 5671 2703 5810 ι,(99ιίῖιῖρῖιδιὶξίιιῖσθτ(ι
2737 5679 2928 5751 χάριν.
2965 5680 3034 5734 De
3061 5671 3256 5734 dcitatc
3297 5671 3421 5730 Jésu
3455 5671 3609 5726 Chri~

2053 5774 2075 5812 s
2106 5773 2139 5821 ι,
2220 5774 2229 5810 l
2260 5772 2290 5810 ιι
2375 5770 2442 5810 et.
2477 5795 2490 5808 .
2531 5792 2546 5810 .
