4086 6202
323 336 432 398 955

1249 337 1337 396 DE
1373 338 1909 401 ECCLESIASTICA
1956 346 2346 407 TllEOLOGlA
2386 348 2515 407 LIB.
2552 350 2616 406 Il.

3456 357 3561 415 95‘

325 477 433 526 κος
449 460 545 514 καὶ
557 458 751 524 ,βάθος
764 457 860 512 καὶ
876 457 1048 527 ὕψος,
1068 455 1289 528 γνῶναί
1302 477 1365 514 τε
1379 460 1490 530 τὴν
1504 462 1890 532 ὑπερϐάλλου-

2008 467 2229 532 sanctis,
2249 485 2365 539 quia
2386 477 2516 523 esset
2544 468 2789 533 latitudo,
2825 468 3117 540 longitudo,
3152 473 3483 544 profunditas
3511 483 3563 529 et

324 568 451 607 σαν
477 549 588 620 τῆς
615 552 888 621 γνώσεως
918 549 1159 619 ἀγάπην
1189 552 1295 606 τοῦ
1319 554 1485 609 Θεοῦ.
1519 556 1630 609 Καὶ
1663 556 1823 620 αὐτὸς
1842 554 1900 609 δὲ

323 644 524 718 Σωτὴρ
548 644 704 717 ἡμῶν
745 642 967 696 πλεῖστα
1006 642 1109 696 ὅσα
1144 646 1417 717 μυστήρια
1450 649 1577 719 περὶ
1612 648 1711 719 τῆς
1741 648 1900 719 βασι-

323 733 479 801 λείας
497 738 605 791 τῶν
631 733 901 807 οὐρανῶν,
942 735 1073 807 περί
1108 750 1171 789 τι
1190 736 1289 807 τῆς
1324 739 1630 805 συντελείας
1648 741 1740 795 τοῦ
1768 759 1902 795 παν-

323 829 442 894 τὸς,
475 830 601 900 περί
630 845 688 881 τε
716 828 823 881 τῶν
856 827 1217 896 ἐπαγγελιῶν,
1259 828 1388 882 ποτὲ
1423 829 1520 901 μὲν
1544 831 1628 884 διὰ
1657 831 1900 903 παριιὸο⁴

325 918 458 984 λῶν,
498 920 626 973 ποτὲ
656 918 712 971 δὲ
743 919 836 972 καὶ
875 919 932 971 ὲν
966 920 1293 991 ἀπορρήτοις
1320 920 1563 991 ἐξέφαινε
1593 926 1703 988 τοῖς
1733 922 1895 977 αὑτοῦ

336 1010 619 1083 μαθηταῖς,
656 1010 794 1082 πρὸς
832 1009 926 1074 οὓς
954 1010 1155 1080 ἔλεγεν,
1200 1012 1367 1081 Ὑμῖν
1412 1012 1646 1075 δέδοται
1681 1014 1896 1084 γνῶναι

330 1101 405 1155 τὰ
424 1100 724 1171 μυστήρια
752 1102 860 1156 τοῦ
896 1100 1065 1168 Θεοῦ,
1101 1097 1175 1157 ὧν
1200 1102 1300 1158 οὐκ
1327 1104 1394 1161 ἂν
1427 1102 1574 1179 εὖροι
1595 1123 1679 1170 τις
1712 1105 1782 1161 τά
1804 1103 1899 1161 ἶσα

330 1194 481 1266 παρὰ
498 1195 704 1260 Μωσεῖ,
729 1195 764 1267 ἢ
789 1195 937 1267 παρὰ
956 1198 1067 1260 τοῖς
1094 1195 1298 1261 λοιποῖς
1331 1200 1651 1271 προφήταις.
1688 1199 1753 1254 Τί
1768 1196 1895 1266 οὖνς

330 1287 450 1340 ἐπεὶ
483 1286 555 1359 μὴ
593 1286 673 1358 τῷ
709 1287 975 1341 Ἰουδαίων
1002 1287 1115 1358 λαῷ
1144 1288 1413 1361 παρεδόθη
1438 1289 1632 1355 ταῦτα,
1666 1293 1746 1355 είς
1773 1293 1897 1344 ὲπι-

327 1378 535 1447 τήδειον
577 1379 769 1450 καιρὸν
795 1378 1166 1451 φυλαττόμενα
1198 1382 1262 1452 τῇ
1311 1381 1604 1455 Ἐκκλησία
1633 1382 1895 1456 Χριστοῦ,

328 1469 478 1540 παρά
513 1470 676 1523 τοῦτο
727 1471 861 1541 χρῆν
896 1471 1039 1541 ὑμᾶς
1072 1470 1170 1543 τὴν
1206 1471 1543 1544 δωρηθεῖσαν
1577 1475 1706 1545 ἡμῖν
1740 1474 1899 1547 χάριν

324 1558 567 1625 ἀθετεῖνς
616 1558 650 1631 ἢ
694 1560 950 1629 μειζόνως
985 1561 1323 1633 εὐχαριστεῖν
1377 1561 1455 1633 τῷ
1487 1563 1588 1633 τῆς
1631 1563 1900 1636 τοσαύτης

1999 556 2229 610 altitudo
2249 596 2265 622 ,
2296 567 2343 612 et
2367 574 2675 628 cognoscere
2699 559 3025 615 excedentem
3054 563 3201 617 illam
3232 565 3560 620 dilectionem

1999 646 2309 716 cognitionis
2335 645 2430 700 Dei
2457 648 2523 700 “.
2553 647 2659 702 Sed
2710 657 2765 704 et
2818 648 3043 717 ipsemet
3086 650 3347 709 Servator
3381 664 3564 711 noster

1997 736 2149 807 plura
2196 736 2448 808 mysteria
2481 738 2549 795 de
2579 756 2745 815 regno
2786 745 3043 800 cmlorum
3074 790 3090 814 ,
3122 747 3188 803 de
3218 762 3562 803 consumma-

2001 830 2147 885 tione
2172 830 2390 897 mundi,
2421 834 2487 889 de
2514 835 2964 905 promissionibus
2989 879 3003 905 ,
3032 857 3174 897 nunc
3208 857 3304 912 per
3330 841 3560 913 parabo-

1999 921 2098 985 las,
2130 938 2271 977 nunc
2297 923 2529 980 latenter
2568 937 2623 982 et
2662 930 2874 986 occulte
2913 934 3125 1000 extulit,
3188 942 3242 989 et
3279 932 3559 1003 discipulis

2000 1014 2283 1083 intimavit,
2317 1016 2564 1086 inquiens
2590 1036 2605 1073 :
2641 1019 2794 1075 Vobis
2826 1023 3003 1079 datum
3031 1035 3103 1081 est
3138 1042 3287 1080 nosse
3317 1026 3559 1095 mysteria

2000 1106 2097 1161 Dei
2138 1106 2213 1173 ⁸⁸,
2254 1108 2451 1180 quibus
2501 1114 2750 1183 supparia
2798 1131 2905 1170 non
2967 1116 3203 1171 inveniet
3250 1119 3368 1188 quis
3418 1119 3559 1186 apud

2000 1196 2202 1253 Mosem
2228 1239 2244 1266 ,
2284 1208 2378 1255 aut
2410 1201 2646 1273 reliquos
2694 1208 3006 1277 prophetas.
3037 1208 3177 1276 Quid
3207 1210 3380 1279 ergo?
3424 1209 3557 1263 Cum

1997 1305 2103 1345 non
2133 1306 2454 1349 concessum
2491 1294 2653 1352 fuerit
2679 1296 2990 1354 Iudaeorum
3031 1300 3229 1370 populo
3261 1300 3359 1355 ista
3385 1299 3561 1370 perci-

1996 1395 2168 1451 pere,
2220 1384 2313 1438 sed
2361 1385 2416 1439 in
2469 1396 2677 1458 tempus
2725 1402 3087 1461 opportunum
3141 1391 3560 1448 reservabantur

1997 1472 2197 1529 Chrisﬁ
2242 1474 2495 1533 Ecclesia:
2543 1480 2909 1549 patefacienda
2949 1500 2965 1549 ;
3021 1484 3142 1539 ideo
3192 1499 3294 1539 nos
3345 1492 3561 1555 oportet

1996 1579 2310 1622 concessam
2343 1568 2497 1623 nobis
2531 1571 2759 1639 gratiam
2801 1573 3109 1645 negligere?
3143 1573 3255 1628 lmo
3283 1589 3411 1629 vero
3448 1589 3561 1627 ma-

326 1656 475 1729 ήμᾶ,
495 1653 889 1717 καταξιώσαντι
916 1650 1165 1721 γνώσεως
1191 1654 1297 1724 (6);
1328 1655 1484 1709 Κατά
1513 1655 1603 1709 τὸν
1626 1657 1785 1711 αὐτὸν
1806 1654 1890 1712 οὖν

1990 1653 2161 1722 iorem
2197 1657 2248 1710 in
2280 1658 2494 1712 modum
2526 1661 2728 1729 gratias
2756 1662 2831 1717 illi
2882 1664 3188 1720 retribuere
3211 1705 3227 1729 ,
3278 1665 3368 1735 qui
3404 1664 3561 1721 nobis

325 1763 529 1819 τρόπον
568 1746 664 1800 καὶ
709 1744 807 1809 τὰς
848 1745 976 1817 περὶ
1020 1745 1115 1800 τοῦ
1150 1746 1280 1801 Υἱοῦ
1307 1747 1671 1815 διδασκαλίας,
1702 1750 1766 1804 ἐκ
1798 1750 1890 1821 τῆς

1996 1745 2136 1801 hanc
2184 1756 2386 1802 tantam
2437 1750 2720 1806 scientiam
2756 1753 3071 1818 impertivit.
3106 1756 3187 1811 Ad
3238 1756 3394 1810 istum
3428 1772 3559 1824 ergo

328 1840 496 1895 αὐτοῦ
529 1839 736 1910 Καινῆς
760 1837 1033 1909 Διαθήκης
1062 1840 1328 1911 προσήκοι
1356 1838 1423 1894 ἂν
1466 1840 1888 1912 ἀπολαμϐάνειν,

1994 1838 2235 1906 modum,
2271 1856 2389 1911 qua:
2409 1850 2534 1897 sunt
2558 1842 2624 1898 de
2660 1844 2750 1900 Dei
2786 1845 2899 1900 lilio
2932 1846 2983 1900 in
3020 1846 3173 1901 Novo
3210 1845 3559 1902 Testamento

326 1932 482 1985 οὐδὲν
518 1930 904 2001 ξενιζόμενους,
932 1931 979 1982 εἰ
1005 1931 1077 2001 μὴ
1107 1930 1183 2001 τῷ
1217 1931 1625 2003 σκληροκαρδίῳ
1664 1931 1775 2002 λαῷ
1797 1933 1894 2004 τὴν

329 2024 460 2095 περὶ
490 2020 657 2077 αὐτοῦ
679 2022 879 2091 γνῶσιν
909 2022 1278 2076 ἀνεκάλυπτον
1310 2024 1357 2075 oi
1394 2023 1488 2077 τοῦ
1518 2024 1651 2077 Θεοῦ
1684 2023 1894 2095 ἄνθρω-

329 2130 442 2177 ποι,
470 2116 549 2178 είς
578 2112 764 2187 καιρὸν
793 2113 1069 2187 εὔκαιρον,
1095 2114 1186 2169 τὸν
1221 2116 1349 2187 περὶ
1374 2115 1537 2170 αὐτοῦ
1567 2115 1894 2187 ταμιευόμε-

325 2224 406 2261 νοι
439 2207 611 2276 λόγον.
652 2206 726 2261 Οὗ
767 2206 876 2280 γὰρ
914 2208 1085 2261 ἐδόκει
1116 2206 1420 2278 ἐπιτήδειον
1458 2191 1596 2260 εἶναι
1636 2209 1717 2273 τὸ,
1744 2225 1894 2281 τηνι-

324 2298 500 2353 καῦτα
534 2299 960 2371 ὑποσυρομένοις
989 2297 1212 2370 ἀνδράσι
1236 2299 1328 2351 ἐπὶ
1358 2297 1453 2369 τὴν
1477 2298 1731 2353 πολύθεον
1759 2299 1894 2355 πλά-

322 2406 420 2461 νην
445 2388 794 2462 παραδιδόναι
814 2389 875 2444 τὸ
901 2390 978 2461 (7)
1006 2389 1134 2461 περὶ
1161 2389 1373 2461 Πατρὸς
1394 2390 1487 2444 καὶ
1516 2391 1647 2446 Υίοῦ
1680 2393 1891 2464 μυστή-

325 2497 456 2551 ριον,
486 2476 568 2545 οἷς
593 2482 713 2535 οὐδὲ
738 2482 865 2546 τοὺς
889 2480 1146 2554 περὶτῶν
1170 2481 1585 2553 ὑποόεὸηκὸτων
1612 2483 1890 2554 δυνάμεων

321 2572 679 2638 ὲξεκάλυπτον
705 2572 925 2641 λόγους·
977 2572 1053 2636 ὡς
1089 2571 1156 2625 ἂν
1190 2570 1265 2643 μὴ
1295 2573 1565 2644 προφάσει
1596 2573 1767 2647 ταύτῃ
1796 2574 1889 2627 ἐπὶ

319 2661 418 2732 τὴν
464 2661 775 2733 Ἑλληνικὴν
826 2661 1185 2715 καταπέσοιεν
1237 2662 1545 2727 πολυθεῗαν,
1589 2664 1638 2717 οἱ
1680 2663 1889 2735 πατέρα

320 2750 528 2823 ἀνδρῶν
576 2770 637 2806 τε
688 2752 825 2807 θεῶν
865 2772 924 2807 τε
969 2754 1062 2808 τὸν
1117 2756 1245 2827 παρ’
1286 2757 1468 2822 αὐτοῖς
1521 2756 1889 2810 ἀνεπλάσαντο

322 2843 476 2896 Θεόν.
498 2844 692 2918 Διόπερ
713 2846 811 2916 τῆς
832 2845 1084 2917 τοιαύτης
1108 2848 1304 2912 αὐτοὺς
1326 2847 1663 2901 ἀναστέλλων
1684 2848 1889 2918 πλάνης

320 2937 350 2988 ό
378 2935 535 3006 λόγος
561 2937 652 2990 τὸν
673 2938 766 2991 ἕνα
798 2938 927 2992 Θεὸν
955 2940 1272 3012 ἐκήρυττεν,
1295 2941 1356 2993 οὐ
1382 2939 1487 3011 μὴν
1511 2940 1719 3011 πατέρα
1747 2936 1886 2993 εἶναι

320 3022 417 3076 τὸν
444 3024 604 3077 αὐτὸν
634 3027 847 3097 ἠρνεῖτο
866 3043 880 3057 ο
911 3028 1003 3081 καὶ
1027 3029 1118 3082 τὸν
1142 3029 1313 3102 ἀληθῆ
1333 3030 1390 3083 δὲ
1418 3030 1595 3083 σέϐειν
1623 3030 1884 3092 ἐδίδασκε,

321 3114 419 3167 καὶ
448 3114 585 3187 πλὴν
618 3117 781 3170 αὑτοῦ
823 3118 1021 3189 μηδένα
1058 3119 1254 3173 εἰδέναι
1292 3119 1544 3192 παρῄνει,
1571 3121 1631 3174 οὐ
1666 3121 1771 3191 μὴν
1795 3122 1888 3193 ὴρ-

1993 1929 2279 1997 μνωόὶοηιο
2310 1931 2621 2002 accipienda
2647 1943 2774 1989 sunt
2793 1976 2808 1999 ,
2833 1950 2936 1990 nec
2960 1944 3019 1990 ut
3044 1935 3276 1991 alienum
3304 1936 3431 2005 quid
3458 1934 3557 1989 mi—

1995 2034 2094 2075 nus
2119 2031 2425 2091 acceptare,
2442 2025 2485 2078 si
2520 2026 2733 2094 quidem
2772 2028 2848 2082 illi
2870 2028 3065 2097 populo
3088 2028 3222 2083 duro
3250 2028 3408 2083 corde
3428 2042 3561 2097 prs:-

1994 2110 2106 2167 dito
2153 2112 2399 2169 homines
2454 2115 2529 2171 illi
2566 2116 2659 2171 Dei
2694 2118 3055 2187 cognitionem
3096 2120 3160 2174 de
3189 2118 3279 2173 illo
3308 2132 3411 2172 non
3449 2127 3558 2171 tra-

1993 2203 2240 2259 diderunt
2262 2245 2277 2271 ,
2327 2216 2609 2262 reservato
2640 2208 2692 2262 in
2735 2218 2950 2278 tempus
2986 2218 3342 2279 opportunum
3374 2209 3438 2264 de
3468 2209 3560 2263 illo

1992 2292 2388 2363 dispensatorio
2420 2311 2692 2352 sermone.
2731 2296 2848 2353 Non
2911 2298 3197 2353 videbatur
3251 2306 3378 2354 tunc
3420 2305 3559 2353 tem-

1992 2384 2138 2454 poris
2163 2400 2373 2455 aequum
2400 2401 2544 2452 esse,
2577 2396 2637 2441 ut
2673 2387 2987 2443 hominibus
3008 2388 3075 2443 ad
3103 2403 3343 2444 errorem
3362 2388 3429 2443 de
3453 2389 3559 2443 diis

1992 2474 2177 2530 multis
2204 2475 2358 2532 facile
2401 2478 2780 2546 arrepeutibus
2803 2518 2820 2545 ,
2863 2479 3176 2549 mysterium
3206 2479 3272 2534 de
3298 2479 3458 2535 Patre
3502 2490 3558 2534 et

1991 2566 2127 2624 Filio
2159 2568 2506 2632 revelaretur,
2565 2583 2688 2622 cum
2724 2568 2855 2622 nihil
2892 2572 2957 2623 de
2992 2569 3253 2640 subjectis
3287 2570 3432 2625 hisce
3461 2587 3558 2640 po-

1966 2658 2273 2714 'testatibus
2320 2657 2647 2727 patefactum
2678 2656 2862 2725 fuerit,
2905 2674 2975 2712 ne
3007 2673 3104 2727 per
3147 2660 3289 2715 hunc
3320 2670 3553 2729 prater-

1990 2757 2101 2804 tum
2129 2748 2202 2804 illi
2269 2750 2336 2805 ad
2390 2764 2724 2821 paganorum
2765 2750 3098 2821 polytheiam
3148 2752 3548 2813 dilaberentur.

1990 2840 2080 2911 qui
2112 2839 2298 2896 Jovem
2338 2855 2494 2897 suum
2535 2851 2740 2908 patrem
2785 2842 3171 2913 hominumque
3222 2842 3554 2912 deorumque

1988 2946 2185 2987 vocare
2206 2931 2409 2988 solent.
2444 2933 2711 3001 Quocirca
2748 2944 2811 2989 ut
2856 2950 3102 2990 errorem
3137 2935 3281 2991 hunc
3307 2934 3554 2991 elimina-

1989 3035 2072 3079 ret
2095 3023 2334 3081 Verbum
2364 3025 2493 3081 illud
2524 3026 2641 3090 Dei,
2681 3042 2843 3081 unum
2874 3026 3038 3081 Deum
3066 3027 3423 3098 praedicabat:
3445 3042 3551 3081 non

1990 3125 2169 3172 tamen
2207 3118 2425 3186 negavit
2446 3121 2692 3175 eumdem
2744 3133 2865 3175 esse
2906 3118 3121 3176 Patrem
3156 3134 3384 3174 :verum
3426 3133 3554 3173 vero

323 3209 469 3261 νεῖτο
498 3205 633 3262 εἶναι
679 3210 839 3263 αὐτὸν
864 3211 1103 3284 Πατέρα.
1132 3200 1202 3265 Εί
1230 3212 1289 3265 δὲ
1328 3191 1764 3284 (8)72a1K‘th0V,
1791 3191 1886 3263 καὶ

1991 3209 2156 3263 Deum
2188 3210 2338 3265 illum
2373 3212 2606 3267 adorare
2640 3212 2867 3277 docuit,
2929 3224 2982 3267 et
3010 3220 3206 3283 praeter
3237 3210 3383 3267 illum
3432 3210 3556 3264 nul.

321 3298 454 3354 Θεὸν
473 3301 650 3367 αὑτὸν,
690 3304 783 3355 καὶ
806 3303 1028 3367 δίκαιον,
1060 3304 1155 3357 καὶ
1190 3304 1417 3375 Σωτῆρα
1456 3303 1740 3366 ἀπεκάλει,
1771 3300 1886 3356 ἀλλ’

318 3391 420 3446 οὐκ
450 3392 705 3447 ἀπέκλειε
733 3394 825 3448 τοῦ
867 3397 960 3449 καὶ
1004 3395 1219 3468 Πατέρα
1253 3390 1392 3450 εἶναι
1436 3395 1596 3449 αὐτὸν
1636 3396 1886 3466 ἡγεῖσθαι

318 3481 413 3536 τοῦ
441 3486 763 3555 μονογενοῦς
788 3487 950 3541 αὑτοῦ
987 3487 1081 3540 καὶ
1111 3486 1395 3559 ἀγαπητοῦ
1425 3486 1577 3541 Υἱοῢ.
1604 3487 1717 3540 Εἶτ’
1749 3482 1840 3540 οὖν
1858 3488 1886 3540 ὁ

320 3574 506 3646 Πατὴρ
529 3575 701 3645 λέγων
729 3577 826 3631 εἴθ’
854 3579 882 3630 ὁ
907 3578 1030 3641 Υἱὸς
1052 3578 1111 3631 τὸ
1146 3578 1283 3647 Ἐγώ
1303 3580 1417 3648 ειμι
1443 3580 1476 3633 ό
1505 3577 1607 3642 ὢν,
1634 3577 1886 3650 ἀληθεύοι

317 3664 384 3717 ἂν
416 3664 688 3739 ἑκατέρως
710 3668 737 3720 ὁ
765 3668 940 3738 λόγος.
974 3671 1040 3722 Ὅ
1071 3687 1131 3724 τε
1154 3670 1262 3743 γὰρ
1289 3670 1475 3741 Πατὴρ
1508 3674 1540 3725 d
1567 3668 1651 3723 ὢν
1681 3671 1767 3742 εἴη
1798 3669 1883 3735 ἂν,

324 3758 482 3825 μόνος
508 3760 669 3824 αὐτὸς
704 3760 777 3813 ὣν
822 3761 915 3815 ἐπὶ
946 3762 1180 3828 πάντων,
1219 3764 1310 3816 καὶ
1338 3763 1425 3816 διὰ
1457 3764 1670 3817 πάντων
1704 3764 1796 3817 καὶ
1827 3764 1885 3816 ὲν

322 3850 455 3905 πᾶσι
487 3851 636 3915 Θεὸς,
669 3852 743 3917 ὡς
764 3856 791 3907 ό
811 3854 950 3918 θεῖος
974 3855 1181 3921 ἐδίδαξε
1219 3855 1559 3920 Ἀπόστολος,
1592 3857 1621 3909 ὃ
1642 3873 1701 3908 τε
1732 3856 1879 3919 Υἱὸς,

318 3942 411 3994 καὶ
447 3942 605 4006 αὐτὸς
636 3945 987 4014 χρηματίζων
1024 3948 1057 4001 ό
1077 3943 1180 4008 ὢν,
1208 3946 1457 4016 ἀληθεύοι
1488 3947 1573 4000 ἄν·
1622 3946 1783 4016 μόνος
1810 3944 1883 3999 ὢν

318 4029 468 4094 Υἱὸς,
498 4034 789 4104 μονογενὴς
811 4034 902 4088 τοῦ
932 4036 1101 4100 ὄντος,
1130 4035 1265 4089 ἀλλά
1292 4037 1385 4089 καὶ
1413 4035 1575 4089 εἰκὼν
1594 4036 1684 4089 τοῦ
1715 4037 1883 4107 ἀορά-

316 4137 411 4174 του
457 4122 591 4176 Θεοῦ
636 4125 912 4197 ὑπάρχων.
942 4128 1052 4181 Καὶ
1082 4126 1238 4180 τοῦτο
1278 4127 1360 4198 εἴη
1405 4127 1469 4179 ἂν
1506 4127 1578 4198 (9)
1614 4126 1777 4179 αὐτοῦ
1812 4127 1886 4179 εί-

320 4211 451 4278 κὼν,
494 4216 615 4268 καθ’
666 4216 695 4269 ὃ
738 4218 894 4288 μόνος
935 4214 1003 4290 ἦν
1054 4219 1214 4282 αὐτὸς
1257 4222 1289 4273 ὁ
1335 4220 1437 4272 ῶν.
1468 4219 1558 4272 Διὸ
1594 4218 1685 4271 καὶ⁸
1722 4217 1883 4283 αὐτὸς

319 4307 645 4377 χρηματίζοι
673 4308 738 4362 ἂν
762 4312 795 4363 ὀ
822 4310 917 4372 ὢν,
940 4311 1059 4363 ἐπεὶ
1088 4311 1181 4365 καὶ
1198 4311 1328 4375 Θεὸς
1351 4312 1444 4365 καὶ
1460 4310 1662 4383 Κύριος
1687 4312 1886 4383 ὁμοίως

319 4396 397 4467 τῷ
429 4398 603 4471 Πατρὶ
633 4401 725 4454 καὶ
753 4401 912 4465 αὐτὸς
939 4400 1027 4455 διά
1058 4401 1236 4473 πάσης
1253 4402 1610 4474 ἀνηγόρευται
1640 4403 1737 4473 τῆς
1766 4403 1886 4455 θεο-

321 4490 583 4544 πνεύστου
616 4492 861 4564 Γραφῆς.

1988 3300 2095 3354 lum
2143 3301 2310 3356 alium
2361 3303 2612 3357 arbitrari
2666 3305 2831 3358 Deum
2880 3303 3114 3358 erudivit
3146 3319 3163 3357 :
3194 3304 3287 3358 sed
3335 3301 3556 3356 minime

1988 3393 2258 3448 iuliciatur
2306 3394 2453 3448 illum
2499 3408 2622 3451 esse
2665 3392 2903 3461 Patrem,
2951 3400 3009 3458 ›Ῑ‹
3063 3394 3108 3449 si
3156 3395 3438 3449 Dominum
3498 3402 3556 3448 et

1986 3487 2152 3543 Deum
2190 3486 2335 3539 illum
2361 3526 2377 3551 ,
2408 3495 2464 3540 et
2516 3486 2722 3553 justum
2767 3487 3063 3540 nominavit
3087 3495 3142 3541 et
3180 3486 3551 3551 Servatorem,

1986 3592 2089 3631 uou
2120 3576 2354 3633 exclusit
2377 3591 2499 3631 eum
2517 3593 2544 3629 a
2572 3576 2728 3631 titulo
2758 3576 2957 3638 Patris.
2982 3586 3165 3631 tamen
3197 3584 3256 3629 ut
3284 3591 3389 3629 non
3410 3587 3554 3631 esset

1987 3670 2146 3724 Pater
2178 3671 2438 3742 unigeniti
2479 3678 2532 3725 et
2556 3670 2736 3745 dilecti
2763 3670 2843 3723 sui
2874 3669 2994 3724 Filii
3029 3687 3043 3724 :
3074 3670 3193 3724 sive
3221 3684 3347 3740 ergo
3368 3668 3547 3733 Pater,

1985 3777 2078 3818 seu
2130 3761 2299 3817 Filius
2327 3761 2457 3817 illud
2487 3763 2602 3827 ait,
2634 3760 2751 3831 Ego
2784 3778 2897 3815 sum
2927 3762 3018 3833 qui
3060 3776 3176 3814 sum
3218 3760 3284 3825 “,
3329 3759 3551 3813 omnino
3591 3820 3597 3826 ,

1983 3854 2323 3908 verissimum
2353 3862 2456 3917 est,
2484 3853 2627 3924 quod
2671 3854 2766 3907 abs
2812 3853 3018 3907 utrovis
3066 3852 3287 3908 dicitur.
3316 3849 3550 3906 Namet

1986 3943 2148 4000 Pater
2180 3954 2306 4009 est,
2341 3946 2432 4017 qui
2474 3962 2592 4000 sum
2617 3986 2634 4013 ,
2667 3959 2789 4001 cum
2831 3946 2901 3999 sit
2945 3943 3091 3999 solus
3128 3958 3290 4013 super
3331 3943 3546 4008 omnia,

1984 4050 2082 4104 per
2123 4037 2303 4091 omnia
2331 4045 2387 4093 et
2412 4036 2466 4091 in
2506 4036 2760 4091 omnibus
2808 4035 2985 4099 Deus,
3026 4034 3166 4105 quod
3215 4050 3313 4088 nos
3338 4033 3557 4089 divinus

1985 4129 2167 4183 docuit
2193 4128 2499 4198 Apostolus.
2539 4126 2644 4182 Sed
2672 4136 2726 4182 et
2759 4126 2932 4182 Filius
2959 4129 3004 4183 si
3044 4127 3256 4182 dicatur
3280 4128 3370 4198 qui
3394 4143 3508 4180 sum
3530 4165 3548 4190 ,

1985 4231 2113 4272 vere
2157 4216 2235 4272 sic
2268 4218 2505 4273 dicitur:
2535 4230 2660 4271 cum
2690 4215 2840 4270 solus
2872 4216 2947 4271 sit
2971 4215 3146 4271 Filius
3180 4216 3271 4271 Dei
3304 4215 3551 4285 unigeni-

1986 4318 2073 4364 tus
2110 4307 2228 4380 ejus
2251 4348 2266 4373 ,
2297 4308 2387 4377 qui
2429 4318 2527 4372 est,
2573 4322 2694 4361 cum
2723 4307 2795 4362 sit
2837 4308 3012 4378 imago
3048 4306 3147 4361 Dei
3176 4308 3448 4362 invisibilis
3478 4304 3553 4372 “,

1985 4413 2041 4457 et
2082 4415 2148 4455 eo
2178 4400 2294 4468 ipso
2336 4398 2407 4454 sit
2438 4399 2616 4469 imago
2640 4396 2792 4465 ejus.
2832 4400 2973 4468 quod
3004 4403 3153 4454 solus
3179 4399 3294 4469 ipse
3327 4400 3396 4453 sit
3460 4400 3554 4467 qui

1986 4501 2081 4548 est.
2108 4490 2361 4560 Adeoque
2393 4499 2616 4545 vocetur
2648 4498 2703 4544 et
2761 4489 2850 4544 ille
2893 4492 2981 4561 qui
3009 4500 3117 4557 est,
3147 4506 3269 4545 cum
3316 4500 3371 4545 et
3410 4490 3559 4546 Deus

318 4581 391 4635 sit
415 4592 469 4636 et
499 4583 753 4641 Dominus
776 4587 1025 4644 similiter
1052 4596 1216 4660 atque
1246 4587 1409 4646 Pater
1432 4597 1589 4646 estet
1620 4588 1878 4645 Dominus
1917 4603 1983 4644 ac
2043 4587 2183 4643 Deus
2210 4604 2225 4641 :
2259 4586 2527 4657 quomodo
2550 4600 2649 4657 per
2705 4584 3019 4656 Scripturas
3046 4585 3325 4642 universas
3341 4602 3554 4642 annun-

317 4677 502 4731 tiatur.

934 4776 1089 4830 ΚΕΦ.
1124 4778 1253 4831 KA'.

319 4856 441 4912 Ὅτι
465 4863 498 4914 ό
532 4860 662 4915 me
681 4858 760 4926 ἧν
780 4865 884 4920 τοῦ
913 4867 1079 4931 Θεοῦ,
1112 4869 1144 4921 ὀ
1176 4866 1380 4922 Μωσεῖ
1397 4866 1494 4921 xal
1524 4866 1605 4935 τῷ
1644 4867 1885 4937 Ἀϐραὰμ

908 4938 1297 5006 χρηματίσας.

388 5022 557 5076 Τοῦτο
574 5024 628 5077 δέ
650 5026 764 5079 ἐστι
793 5028 886 5081 καὶ
913 5032 975 5082 ὲκ
1011 5028 1104 5083 τοῦ
1140 5030 1272 5101 πρὸς
1305 5029 1395 5085 τὸν
1431 5030 1634 5085 Μωσέα
1663 5046 1882 5102 χρημα-

313 5114 511 5183 τισμοῦ
540 5116 778 5183 γνῶναι·
810 5118 956 5187 λέγει
989 5120 1032 5173 δ’
1054 5116 1147 5175 οὖν
1180 5123 1213 5193 ἡ
1251 5122 1462 5194 Γραφή·
1497 5120 1790 5188 Ἐλάλησε
1816 5119 1884 5172 δὲ

288 5208 351 5319 ’ό
382 5204 525 5271 Θεὸς
554 5208 701 5277 πρὸς
740 5210 985 5277 Μωσῆν,
1045 5213 1143 5266 καὶ
1176 5210 1309 5267 εἶπε
1333 5214 1481 5283 πρὸς
1516 5214 1702 5268 αὐτόν
1748 5211 1766 5263 (
1774 5213 1879 5281 10)⁸

2599 4765 2752 4822 CAP.
2790 4765 2934 4821 XXI.

2076 4859 2230 4927 Quod
2260 4857 2435 4913 Filius
2470 4858 2513 4911 is
2539 4856 2631 4910 Dei
2651 4858 2849 4925 fuerat,
2875 4858 2964 4928 qui
2991 4873 3107 4911 cum
3130 4855 3277 4911 llose
3304 4864 3461 4927 atque

2443 4928 2739 4982 Abraltamo
2766 4928 3094 4997 loquebatur.

2057 5019 2319 5093 Cognosci
2349 5027 2527 5088 potest
2564 5019 2695 5073 illud
2739 5034 2805 5073 ex
2874 5018 2962 5072 illa
2997 5034 3117 5071 cum
3148 5016 3295 5073 Mose
3314 5016 3556 5072 collocu-

1989 5116 2152 5171 tione.
2190 5113 2280 5167 Ait
2322 5113 2465 5166 enim
2502 5110 2781 5180 Scriptura
2812 5128 2825 5164 :
2864 5110 2931 5164 Et
2973 5110 3181 5164 locutus
3207 5118 3283 5163 est
3316 5108 3450 5163 Deus
3479 5107 3555 5160 ad

1990 5206 2211 5271 Morem,
2242 5213 2291 5259 et
2327 5204 2458 5259 dixit
2493 5203 2574 5257 illi
2625 5218 2645 5257 :
2686 5202 2798 5273 Ego
2834 5201 3089 5257 Dominus
3110 5244 3127 5268 ,
3156 5210 3207 5256 et
3233 5202 3374 5256 visus
3409 5218 3557 5268 sum,

393 5394 454 5454 ᾖ(
486 5387 585 5445 Ed.
617 5390 822 5461 Paris.,
853 5408 974 5466 pag.
1005 5392 1128 5451 157.
1202 5393 1247 5425 ⁸⁸
1274 5392 1468 5463 Eplies.
1493 5406 1577 5457 nt,
1614 5389 1809 5457 18,19.
1884 5389 1890 5418 ‘

1990 5402 2096 5444 .uc.
2124 5400 2242 5453 vtu,
2281 5384 2367 5440 10.
2444 5382 2490 5415 ⁵³
2514 5380 2688 5437 Exod.
2717 5397 2799 5448 ut,
2832 5381 2919 5437 ﬂ.
2996 5379 3045 5413 “
3070 5379 3277 5437 Coloss.
3308 5395 3347 5436 ι.
3385 5379 3486 5436 Ιὸν

276 5676 279 5677 ν
392 5613 471 5685 (6)
507 5614 816 5685 ζνώσεως.
848 5614 1007 5671 Deest
1038 5610 1257 5685 Χριστῷ
1285 5619 1381 5685 aut
1408 5610 1545 5684 Θεῷ.
1584 5610 1654 5669 Μ.

393 5680 470 5753 (7)
511 5684 679 5753 Vulgo
705 5680 794 5750 τίξ
827 5701 948 5742 mos
994 5680 1153 5753 vulgo
1182 5680 1600 5739 ωεπλάσσοντο.

393 5755 470 5826 (δ)
502 5755 670 5827 Vulgo
692 5755 777 5827 δή.

2058 5610 2133 5681 (9)
2153 5610 2262 5665 Kal
2296 5600 2887 5681 roﬁ§o_ein_d_r._Lege
2917 5603 3012 5659 καὶ
3039 5603 3233 5675 τούτῳ.
3274 5600 3358 5659 Π.
3475 5672 3481 5676 _
3538 5622 3563 5672 λ

2059 5672 2171 5753 (ιδ)
2207 5680 2373 5750 Vulgo
2403 5673 2620 5749 ίλέγων]
2651 5672 2780 5744 ἐγώ.
