4086 6202
593 399 700 457 955

1260 387 1525 445 EUSEBII
1565 377 2036 440 CESARIENSIS
2074 374 2222 463 ΟῙῘΡ.
2265 371 2441 427 PARS
2479 370 2571 426 IV.
2610 399 2678 410 ——
2718 328 3136 423 DOGMATICA.

3712 351 3833 409 95$

596 517 880 571 Abraham.
908 519 958 565 et
982 510 1161 573 Isaac,
1184 517 1231 561 et
1259 506 1420 561 Jacob
1445 507 1511 557 ⁸⁵.
1554 501 1712 556 Vides
1737 508 1795 553 ut
1822 516 1879 553 se
1914 495 2145 551 aiIirtnat

2257 486 2395 555 Ἐγὼ
2422 486 2651 554 Κύριος,
2666 482 2761 535 καὶ
2783 479 2986 549 ὤφθην
2997 474 3115 573 (Ini
3129 470 3278 573 πξῦς
3347 466 3816 573 ϐξαιξιξξαῑξξρέίς

593 609 838 680 patribus
904 600 1240 672 apparuisse.
1308 596 1532 665 Quando
1597 605 1771 647 autent
1841 587 2149 680 apparuerit

594 676 872 767 Scriptura
920 694 1107 756 docet,
1138 690 1421 759 inquiens,
1456 684 1713 754 Apparuit
1745 680 1885 734 Deus
1924 676 2149 733 Abrahaz

590 791 660 845 ad
689 802 935 857 quercum
967 782 1203 837 Mambre
1226 822 1242 846 ,
1269 782 1390 834 dum
1433 780 1631 833 sederet
1662 776 1730 828 ad
1764 774 1953 827 ostium
1980 771 2149 825 taber-

595 840 769 933 naculi
796 878 879 931 sui
911 876 980 930 “.
1011 876 1125 942 Qua
1158 884 1335 927 autem
1376 871 1572 939 ﬁgura,
1600 869 1702 922 uisi
1736 868 1967 921 humana
1995 880 2146 934 appa-

2247 863 2374 915 ριος
2397 849 2429 899 ό
2451 843 2595 908 Θεὸς
2623 840 2701 907 τῷ

592 971 740 1025 ruit?
782 968 913 1036 Quis
943 978 1122 1023 autem
1163 965 1254 1019 ille
1286 974 1467 1028 esset,
1515 962 1615 1016 nisi
1648 960 1814 1015 Filius
1842 958 1972 1022 Dei,
2001 969 2059 1012 ut
2092 957 2146 1011 in

593 1061 885 1132 Evangelia
912 1060 1027 1130 ipse
1053 1058 1212 1112 docet
1260 1055 1474 1111 Iudaeos
1525 1054 1833 1121 alloquens,
1885 1051 2147 1105 Abraham

595 1154 758 1208 Pater
786 1162 951 1206 vester
977 1149 1258 1204 exsultavit
1290 1159 1346 1200 ut
1391 1144 1585 1200 videret
1623 1147 1761 1199 diem
1782 1160 1949 1198 meum
1970 1158 1988 1195 :
2023 1144 2149 1197 vidit

592 1257 786 1311 autem,
826 1253 871 1299 et
897 1242 1111 1313 gavisus
1135 1251 1210 1294 est
1238 1238 1282 1270 ⁸⁷
1315 1256 1329 1292 :
1364 1237 1608 1292 attonitis
1633 1246 1812 1290 autem
1842 1236 1908 1289 ad
1946 1249 2150 1289 sermo-

596 1352 720 1392 nem
772 1334 877 1389 illis
925 1331 1166 1401 adjecit,
1204 1329 1520 1400 Priusquam
1565 1328 1829 1381 Abraham
1869 1336 2022 1392 esset,
2061 1342 2151 1395 ego

592 1420 799 1485 sum“.
849 1426 950 1483 Ubi
979 1441 1130 1481 suam
1178 1423 1537 1493 liquidissimo
1563 1422 2014 1491 praeexistentiam
2057 1419 2153 1474 do-

594 1531 700 1578 cet.
728 1520 868 1588 Quid
924 1520 1067 1574 enim
1102 1517 1249 1570 aliud
1298 1515 1568 1569 intimavit
1616 1512 1704 1566 illa
1733 1512 1898 1567 dictio
1923 1552 1939 1577 ,
1992 1527 2150 1581 quam

598 1614 739 1682 quod
777 1612 1004 1682 ipsemet
1029 1610 1201 1665 Filius
1220 1609 1309 1665 Dei
1336 1610 1532 1672 fuerat,
1553 1612 1644 1677 qui
1662 1622 1782 1660 cum
1813 1605 1959 1661 Mose
1978 1605 2154 1674 loque-

591 1707 749 1758 batur
770 1713 825 1757 et
852 1703 1082 1765 dicebat,
1121 1698 1233 1770 Ego
1255 1716 1393 1763 sum,
1424 1697 1517 1767 qui
1545 1714 1658 1751 sum
1684 1699 1709 1753 .9
1738 1697 1868 1752 Nam
1916 1711 1975 1751 se
2027 1695 2151 1763 qui-

592 1800 711 1852 dem
739 1799 1047 1852 Abraltauto
1078 1797 1246 1850 visum
1306 1793 1553 1850 aﬂirtnat.
1587 1790 1705 1848 Jam
1756 1793 1985 1863 qualiter
2032 1801 2152 1847 erat

595 1892 696 1959 Qui
722 1902 817 1956 est,
848 1900 1123 1945 ostensum
1156 1897 1258 1942 est.
1287 1886 1391 1942 Sed
1419 1896 1471 1941 et
1504 1900 1731 1954 magnus
1759 1884 1847 1939 ille
1876 1883 2149 1954 apostolus

592 1983 830 2043 Paulus,
875 1982 1118 2051 agnoscit
1173 1979 1365 2034 Filium
1421 1979 1512 2033 Dei
1566 1976 1763 2031 factum
1798 1976 2148 2032 mediatorem

591 2075 725 2145 legis
753 2091 848 2145 per
877 2074 1074 2129 Mosem
1102 2073 1259 2135 datas,
1296 2071 1347 2123 in
1381 2069 1575 2139 quibus
1609 2068 1868 2138 loquitur,
1895 2067 2005 2121 Lex
2041 2078 2151 2119 tra-

591 2166 702 2219 dita
725 2182 817 2234 per
837 2167 1047 2236 angelos
1078 2165 1135 2218 in
1188 2180 1346 2216 manu
1379 2161 1705 2216 mediatoris.
1740 2161 1864 2216 Jam
1894 2163 2151 2215 mediator

591 2257 747 2311 unius
780 2274 879 2311 non
903 2266 1000 2320 est,
1031 2255 1167 2308 Deus
1191 2262 1363 2306 autem
1388 2269 1523 2308 unus
1551 2266 1623 2308 est
1652 2254 1718 2307 δ’.
1755 2259 1813 2317 ›Ῑ‹
1839 2252 1914 2307 Ita
1944 2254 2147 2307 inedia-

591 2363 677 2407 tor
700 2361 837 2420 erat,
855 2353 943 2423 qui
975 2351 1380 2422 colloquebatur
1405 2348 1555 2413 Mosi,
1581 2349 1743 2402 etiam
1776 2358 1901 2401 ante
1931 2361 2145 2400 carnem

588 2455 943 2512 assumptam,
977 2443 1241 2497 mediator
1264 2443 1514 2496 humanae
1536 2442 1744 2496 salutis.
1795 2439 1946 2493 Hunc
1982 2440 2147 2493 fuisse

588 2552 751 2607 porro
799 2535 981 2592 Iesum
1017 2536 1289 2592 Christum
1327 2536 1518 2590 statuit
1540 2535 1831 2606 Apostolus
1858 2532 2144 2602 inquiens,

592 2624 741 2681 Unus
773 2626 953 2694 Deus,
1003 2644 1136 2680 unus
1190 2628 1449 2695 mediator
1494 2627 1588 2680 Dei
1636 2637 1791 2693 atque
1837 2624 2143 2683 hominum,

588 2720 741 2773 homo
767 2719 922 2774 Iesus
954 2718 1194 2774 Christus
1224 2721 1291 2773 δ’.
1322 2718 1459 2773 Hinc
1494 2718 1657 2789 igitur
1694 2716 2051 2787 personaliter
2081 2716 2146 2767 de

597 2812 896 2869 se-locutus
939 2825 1022 2869 est
1060 2814 1200 2881 apud
1235 2813 1459 2877 Mosem,
1494 2812 1606 2881 Ego
1628 2828 1742 2865 sum
1773 2811 1840 2877 ⁸¹,
1881 2813 1995 2867 sive
2046 2809 2145 2863 luit

587 2902 771 2967 Pater,
805 2905 894 2973 qui
950 2920 1046 2975 per
1081 2920 1202 2961 eum
1251 2906 1391 2959 hanc
1419 2904 1602 2959 emisit
1628 2918 1814 2957 vocem
1869 2921 1882 2957 :
1942 2904 2145 2957 utrovis

589 2994 748 3049 modo
800 3009 884 3048 res
921 3004 1003 3048 est
1043 3009 1164 3047 cum
1196 2995 1421 3048 veritate
1476 2995 1784 3063 conjuncta.
1840 2991 1917 3048 Ne
1945 2994 2144 3049 haereat

590 3097 720 3150 ergo
756 3082 931 3136 adhuc
953 3081 1235 3135 Marcellus
1265 3121 1280 3147 ,
1325 3081 1679 3136 inextricabili
1709 3097 1857 3147 usus,
1888 3083 2144 3150 quemad-

588 3172 807 3226 modum
839 3172 1144 3241 ipseretnr,
1181 3171 1490 3243 syllogismo
1530 3174 1618 3226 ubi
1650 3173 1838 3227 scribit
1871 3172 1960 3244 [11.
1986 3172 2140 3228 LVIII
2168 3180 2210 3236 (ζ
2250 3206 2304 3259 ea

590 3263 715 3318 coll.
744 3280 797 3334 p.
832 3264 934 3318 150
960 3262 1024 3335 1)]
1056 3282 1068 3317 :
1103 3265 1427 3331 «Quemnam
1449 3263 1559 3332 jam
1574 3265 1849 3319 existimat
1877 3279 1994 3320 esse
2024 3281 2145 3321 eum

594 3372 615 3407 ι
653 3354 916 3418 Asterius,
945 3356 1037 3425 qui
1058 3355 1211 3419 dixit.
1242 3355 1351 3425 Ego
1380 3372 1494 3410 sum
1522 3357 1549 3410 ?
1591 3356 1860 3414 Filiuntne
1882 3398 1899 3423 ,
1949 3373 2015 3413 an
2045 3357 2148 3412 Pa-

593 3464 613 3495 ι
654 3448 840 3502 trem?
890 3449 1130 3502 inferens
1165 3447 1357 3502 deinde
1403 3464 1417 3502 :
1474 3449 1532 3504 Si
1572 3448 1790 3518 quidem
1832 3448 1994 3506 Pater
2030 3460 2148 3505 erat

594 3558 613 3590 ε
651 3538 738 3607 qui
769 3539 849 3593 sic
876 3538 1171 3609 inquiebat,
1204 3541 1316 3608 Ego
1345 3556 1496 3605 sum,
1551 3550 1660 3594 tum
1713 3555 1816 3596 non
1852 3550 1937 3596 est
1980 3541 2149 3596 Filius

593 3651 612 3683 ι
659 3632 817 3693 Deus,
854 3629 996 3699 quod
1027 3645 1092 3684 ex
1121 3630 1366 3699 opposito
1390 3668 1406 3695 ,
1434 3628 1556 3685 Non
1585 3632 1878 3686 exsisteutis
1903 3671 1920 3696 ,
1978 3633 2047 3688 de
2089 3647 2148 3687 se

594 3742 613 3774 ι
655 3723 808 3787 dixit,
849 3719 957 3790 Ego
984 3738 1122 3776 sum.
1173 3720 1229 3774 Si
1279 3720 1474 3776 Filium
1507 3722 1780 3792 Itypostasi
1812 3722 2145 3778 diliereutetu

594 3834 614 3867 ι
655 3820 754 3873 ltoc
778 3818 949 3885 ipsum
970 3816 1257 3886 protulisse
1285 3815 1450 3879 dicat,
1484 3812 1596 3883 Ego
1626 3831 1767 3880 sum,
1799 3815 1938 3870 idem
1961 3830 2148 3871 rursus

594 3932 612 3963 ι
654 3911 724 3967 de
783 3912 943 3970 Patre
1010 3926 1302 3980 usurpasse
1378 3911 1800 3965 existimabitur.
1861 3929 1881 3963 ι
1943 3911 2144 3966 Horum

590 4003 905 4058 utrumlibet
935 4003 1082 4058 dicat
1104 4004 1325 4074 impium
1352 4011 1438 4056 est
1472 4020 1485 4059 :
1519 4013 1572 4058 et
1610 4012 1789 4057 tamen
1822 4002 1936 4057 haec
1964 4004 2035 4057 ita
2057 4004 2145 4058 ubi

588 4104 891 4159 statuerat,
941 4094 1258 4150 alterutrum
1309 4095 1426 4165 ipse
1486 4095 1538 4150 in
1590 4096 1879 4150 absurdum
1935 4097 2143 4165 incidit,

586 4201 757 4240 unum
801 4187 925 4240 dum
949 4188 1138 4241 statuit.
1169 4202 1289 4243 esse
1317 4202 1441 4242 eum
1497 4187 1601 4253 Qui
1629 4197 1731 4255 est,
1767 4187 1995 4244 alterum
2033 4204 2149 4259 per-

588 4293 813 4349 negans.
841 4278 1008 4345 Quem
1050 4294 1178 4335 vero
1225 4280 1485 4335 tandem?
1538 4279 1679 4337 forte
1719 4282 1833 4351 ipse
1880 4283 2048 4337 novit.
2088 4282 2145 4337 Si

586 4371 801 4428 Patrem
850 4372 1118 4435 admittat,
1180 4371 1397 4442 negabit
1427 4370 1622 4427 Filium
1684 4390 1698 4426 :
1763 4384 1856 4428 aut
1890 4372 2025 4429 Filio
2052 4373 2147 4427 ad-

586 4463 751 4519 misso
776 4504 791 4530 ,
832 4463 1154 4518 attniltiiabit
1203 4462 1439 4519 Patrem.
1481 4463 1575 4517 Vel
1616 4465 1794 4535 potius
1832 4479 2008 4534 neque
2040 4465 2144 4520 Pa-

589 4553 723 4613 trem
760 4551 1206 4627 posuisse'ncque
1231 4555 1425 4610 Filium
1451 4556 1815 4622 convincetur,
1838 4571 1958 4611 cum
1978 4572 2142 4613 unum

585 4650 757 4704 solum
781 4649 1048 4714 admittat,
1083 4648 1310 4701 alterum
1341 4656 1610 4702 amoveat.
1657 4648 1944 4717 Utcunque
1974 4650 2139 4704 Deum

583 4743 765 4796 audiat
787 4742 1075 4802 dicentem,
1101 4739 1211 4808 Ego
1234 4737 1487 4792 Dominus
1525 4739 1662 4792 Deus
1698 4750 1839 4805 tuus,
1864 4742 1957 4811 qui
1983 4743 2141 4797 eduxi

583 4845 634 4889 te
668 4836 732 4887 de
779 4844 919 4887 terra
948 4830 1197 4901 (Egypti,
1228 4832 1293 4886 de
1327 4832 1479 4886 domo
1520 4834 1787 4888 servitutis
1808 4874 1822 4898 ,
1852 4851 1954 4890 non
1990 4844 2141 4889 erunt

581 4930 676 4983 tibi
707 4929 781 4981 dii
800 4927 895 4980 alii
924 4943 1103 4980 coram
1133 4942 1214 4979 me
1233 4926 1279 4957 ⁸²
1311 4942 1324 4978 :
1352 4937 1418 4978 ne
1441 4925 1815 4994 conturbetur,
1835 4943 1933 4983 nec
1960 4938 2139 4985 mente

2263 552 2459 631 ’lo’adx
2484 552 2581 626 zeal
2597 569 2745 640 πρὸς
2780 565 3005 628 Ἰακὼϐ,
3027 560 3157 623 Θεὸς
3185 556 3260 611 ὣν
3281 554 3455 610 αὐτῶν
3480 553 3610 622 (12).
3651 552 3820 623 Ὁρᾷς

2250 666 2396 728 ὅπως
2423 658 2601 732 ὦφθαι
2625 659 2811 715 ἑαυτὸν
2829 659 2939 720 τοῖς
2960 652 3224 725 πατράσιν
3246 648 3370 719 ἔφη.
3395 646 3530 699 Πότε
3551 643 3606 697 δὲ
3633 642 3821 712 ὤφθη,

2252 753 2409 807 πάλιν
2429 755 2462 826 ἡ
2480 751 2669 826 Γραφὴ
2692 749 2954 822 μαρτυρεῖ
2978 745 3205 814 λέγουσα
3228 758 3241 771 ο
3272 740 3457 808 Ὠφθη
3484 735 3541 789 δὲ
3562 735 3675 804 (15)
3700 735 3821 826 Kt't-

2736 838 2997 907 Ἀϐραὰμ,
3022 834 3169 903 πρὸς
3193 831 3267 900 τῇ
3292 827 3514 898 δρυττῆ
3539 823 3820 895 Μαμϐρῆ.

2252 935 2592 1005 καθημένου
2637 930 2826 987 αὐτοῦ
2850 928 2997 999 πρὸς
3024 924 3097 994 τῇ
3118 924 3283 991 θύρᾳ.
3312 919 3433 982 Πῶς
3456 918 3514 971 δὲ
3541 917 3701 987 ὢφθη
3725 915 3821 968 ἄλ-

2249 1025 2406 1097 λωςῆ
2438 1024 2546 1097 (14)
2582 1028 2639 1079 ὲν
2662 1026 2899 1095 σχήματι
2932 1015 3283 1091 ἀνθρωπίνως
3327 1010 3446 1064 τίνα
3467 1009 3525 1063 δὲ
3547 1008 3658 1081 (15)
3712 1005 3822 1076 χρὴ

2251 1116 2520 1170 πιστεύειν
2545 1111 2682 1170 εἶναι
2707 1112 2912 1175 τοῦτον,
2939 1109 3082 1181 ἢτὸν
3113 1105 3239 1159 Υἱδν
3257 1101 3349 1156 τοῦ
3374 1100 3527 1163 Θεοῦ,
3555 1099 3583 1152 ὃ
3618 1099 3683 1167 δὴ
3719 1097 3818 1150 καὶ

2252 1209 2413 1272 αὐτὸς
2432 1211 2488 1262 ἐν
2510 1204 2861 1274 Εὐαγγελίοις
2888 1200 3123 1272 παρίστη
3155 1194 3329 1262 λέγων
3357 1191 3487 1262 πρὸς
3511 1191 3638 1252 τοὺς
3678 1189 3820 1241 ’1ου-

2250 1302 2432 1364 δαίους
2451 1317 2465 1331 ’
2506 1298 2751 1368 Ἀϐραὰμ
2785 1299 2818 1350 ό
2847 1292 3040 1360 πατὴρ
3067 1286 3233 1359 ὑμῶν
3259 1280 3683 1354 ἠγαλλιάσατο,
3712 1280 3833 1332 ἵνα.

2253 1390 2349 1459 ιδῃ
2372 1388 2485 1458 τὴν
2508 1387 2735 1458 ἡμέραν
2753 1384 2865 1456 (16)
2891 1382 3005 1450 τὴν
3030 1377 3204 1449 ἐμὴν,
3223 1375 3319 1430 καὶ
3339 1370 3457 1429 εἶδε
3480 1371 3575 1426 καὶ
3595 1368 3815 1440 ἐχάρη.

2253 1480 2377 1534 Ὅτι
2405 1479 2501 1535 καὶ
2523 1476 2917 1550 θαυμασάντων
2963 1472 3053 1525 ἐπὶ
3197 1466 3361 1536 λόγῳ,
3398 1461 3698 1535 προσέθηκε
3729 1460 3817 1523 τὸ,

2251 1570 2402 1637 Πρὶν
2446 1569 2701 1639 Ἀϐραὰμ
2731 1564 3003 1638 γενέσθαι
3220 1559 3360 1626 ειμι,
3394 1555 3493 1624 τὴν
3526 1553 3818 1625 προΰπαρ-

2256 1659 2334 1725 ξιν
2367 1658 2563 1714 ἑαυτοῦ
2598 1656 2867 1730 παριστὰς
2896 1653 3210 1707 λευκότατα.
3260 1646 3325 1699 Τί
3355 1646 3420 1716 δὴ
3444 1640 3537 1698 οῦν
3561 1643 3814 1713 συνίστη-

2256 1771 2338 1806 σιν
2373 1754 2401 1806 ὁ
2432 1751 2586 1821 λόγος
2610 1748 2743 1819 (17),
2778 1747 2811 1818 ἦ
2857 1745 3022 1800 αὐτὸν
3065 1738 3203 1796 εἶναι
3233 1739 3325 1791 τὸν
3360 1737 3488 1790 Υίὸν
3525 1734 3619 1789 τοῦ
3655 1733 3814 1797 Θεοῦ,

2180 1832 2222 1887 Β
2247 1844 2340 1896 τὸν
2372 1841 2779 1915 χρηματίσαντα
2807 1836 2884 1908 τῷ
2905 1837 3108 1898 Μωσεῖ,
3139 1830 3233 1886 καὶ
3263 1828 3538 1902 εἰρηκότα,
3572 1824 3711 1896 Ἐγώ
3736 1829 3817 1879 εὶ-

2245 1954 2310 2004 μι
2345 1939 2376 1989 ὀ
2406 1934 2526 1999 ῶν;
2556 1933 2716 1995 αὐτὸς
2745 1929 2853 2002 γὰρ
2879 1928 2955 2000 τῷ
2993 1924 3240 1997 Ἀϐραὰμ
3280 1915 3454 1988 ὦφθαι
3485 1918 3675 1972 ἑαυτὸν
3707 1916 3817 1970 66i-

2248 2027 2419 2092 δαξεν.
2476 2026 2664 2087 Ὅπως
2720 2022 2777 2075 δὲ
2828 2017 2897 2092 ἦν
2949 2018 3110 2083 αὐτὸς
3149 2022 3181 2073 ό
3217 2017 3302 2072 ὢν
3346 2017 3578 2088 εἴρηται.
3635 2009 3745 2063 Καὶ
3789 2010 3820 2060 6

2252 2117 2423 2189 μέγας
2467 2115 2522 2169 δὲ
2576 2112 2875 2177 ἀπόστολος
2922 2110 3134 2173 Παῦλος
3153 2105 3261 2163 οἶδε
3295 2109 3384 2161 τὸν
3402 2106 3530 2160 Υίὸν
3557 2102 3652 2157 τοῦ
3679 2100 3816 2189 Θεοῦ

2251 2188 2474 2281 μεσίτην
2498 2206 2787 2276 γενόμενον
2805 2203 2904 2274 τῆς
2925 2202 3013 2256 διὰ
3037 2201 3276 2265 Μωσέως
3296 2197 3636 2270 νομοθεσίας,
3658 2196 3717 2248 ὲν
3736 2188 3819 2277 οἷς

2246 2299 2484 2353 διδάσκει
2504 2295 2694 2363 λέγων,
2730 2293 2792 2346 '0
2826 2293 3009 2362 νόμος
3032 2289 3325 2359 διαταγεὶς
3353 2288 3427 2341 δι’
3453 2287 3723 2356 ἀγγέλων
3750 2285 3819 2338 ἐν

2247 2389 2395 2460 χειρί
2440 2386 2687 2457 μεσίτου
2705 2402 2719 2415 ο
2747 2386 2780 2438 ό
2809 2382 2877 2436 δὲ
2898 2382 3148 2452 μεσίτης
3178 2379 3315 2446 ἐνὸς
3336 2381 3447 2433 οὐκ
3486 2378 3660 2432 ἐστιν
3680 2374 3817 2445 (18).

2246 2477 2453 2533 οὐκοῦν
2481 2478 2510 2529 6
2550 2474 2897 2548 χρηματίσας
2940 2471 3017 2543 τῷ
3059 2472 3246 2525 Μωσεῖ
3288 2471 3317 2523 6
3366 2467 3593 2539 μεσίτης
3622 2460 3712 2536 ἦν,
3759 2463 3823 2527 ἐξ

2246 2571 2452 2623 ἐκείνου
2474 2565 2771 2639 μεσιτεύων
2798 2568 2864 2636 τῇ
2886 2563 2993 2617 τῶν
3021 2560 3319 2633 ἀνθρώπων
3347 2557 3607 2630 σωτηρίᾳ,
3632 2557 3765 2626 πρὶν
3782 2555 3818 2627 ἢ

2245 2660 2340 2732 τὴν
2371 2661 2546 2731 σάρκα
2574 2657 2883 2712 ἀναλαϐεῖν.
2909 2654 3106 2708 Τοῦτον
3127 2652 3183 2706 δὲ
3199 2648 3337 2705 εἶναι
3365 2648 3566 2719 Ἰησοῦν
3581 2645 3822 2717 Χριστὸν

2244 2756 2272 2807 ὁ
2292 2753 2458 2816 ἀὐτὸς
2498 2749 2814 2812 Ἀπόστολος
2845 2748 3151 2819 παρέστησε
3168 2744 3363 2815 φήσας,
3406 2736 3511 2806 Εἷς
3540 2738 3704 2803 Θεὸς,
3728 2732 3823 2803 εἷς

2245 2845 2342 2898 καὶ
2357 2844 2608 2915 μεσίτης
2630 2842 2776 2896 Θεοῦ
2802 2841 2897 2894 καὶ
2911 2837 3252 2906 ἀνθρώπων,
3266 2836 3574 2903 ἄνθρωπος
3585 2829 3822 2899 Ἰησοῦς

2243 2935 2510 3003 Χριστός.
2538 2933 2650 2985 Εἶτ’
2700 2927 2793 2985 οῦν
2847 2931 2904 2997 ἐξ
2952 2928 3111 2983 αὐτοῦ
3143 2924 3433 3000 προσώπου
3467 2922 3680 2991 λέγοιτο
3712 2937 3823 2974 παι

2245 3027 2313 3097 ρὰ
2333 3027 2537 3089 Μωσεῖ,
2559 3024 2620 3077 τὸ
2659 3021 2803 3093 Ἐγώ
2836 3024 2951 3091 ειμι
2988 3024 3019 3075 ό
3055 3019 3161 3087 ὢν,
3188 3018 3288 3072 εἴθ’
3315 3018 3344 3069 6
3371 3012 3559 3085 Πατὴρ
3578 3008 3670 3085 ἦν,
3699 3014 3731 3067 6
3750 3013 3818 3068 δι’

2243 3115 2405 3168 αὐτοῦ
2433 3114 2633 3186 ταύτην
2662 3112 2980 3185 προϊέμενος
3011 3111 3110 3182 τὴν
3143 3109 3346 3179 φωνὴν,
3382 3108 3657 3179 ἑκατέρως
3687 3104 3822 3175 ἁλη-

2283 3206 2395 3259 εύοι
2446 3206 2511 3259 ἂν
2546 3206 2574 3257 ὁ
2607 3204 2783 3272 λόγος.
2839 3190 2930 3273 Μῆ
2970 3201 3034 3271 δὴ
3071 3196 3163 3254 οῦν
3200 3200 3471 3269 ἀπορείτω
3498 3197 3823 3270 Μάρκελλος

2251 3295 2593 3367 συλλογισμῷ
2634 3294 2933 3366 χρώμενος,
2986 3292 3063 3355 ὼς
3118 3292 3309 3355 οἴεται,
3363 3289 3603 3362 ἀφύκτῳ,
3655 3287 3726 3340 δι’
3758 3280 3823 3341 οὗ

2248 3405 2320 3459 φη
2330 3406 2402 3447 σι,
2425 3407 2443 3438 ‹
2467 3387 2599 3441 Τίνα
2616 3386 2791 3439 τοίνυν
2810 3384 2901 3437 τὸν
2929 3382 3066 3451 Ἐγώ
3085 3384 3201 3452 εἰμι
3228 3386 3261 3437 ό
3282 3382 3369 3435 ὢν
3383 3382 3605 3452 λέγοντα.
3627 3379 3820 3433 Ἀστέ-

2253 3498 2271 3529 ι
2312 3495 2421 3548 ριος
2446 3473 2584 3530 εἶναι
2609 3477 2776 3530 οίεται
2800 3491 2815 3540 ;
2840 3474 2930 3526 τὸν
2956 3472 3084 3525 Υἱὸν
3114 3472 3146 3543 ἢ
3175 3471 3267 3526 τὸν
3295 3472 3545 3544 Πατέρας
3570 3465 3673 3523 εἶθ’
3691 3468 3813 3539 ἑξῆς

2252 3584 2271 3617 ι
2311 3565 2576 3635 συνάγων,
2627 3564 2701 3626 ὡς
2743 3565 2791 3616 εί
2829 3563 2925 3634 μὲν
2977 3563 3004 3613 ὁ
3040 3561 3232 3640 Πατὴρ
3269 3563 3355 3635 εἴη
3401 3564 3431 3616 6
3464 3561 3562 3628 ὣν,
3601 3561 3700 3616 οὒκ
3736 3548 3811 3612 ἐτ’

2253 3676 2270 3708 ι
2313 3657 2458 3710 ἔσται
2486 3658 2513 3709 ὁ
2528 3655 2655 3718 Υἱὸς
2679 3655 2831 3719 Θεὸς,
2864 3657 2945 3708 ὅτι
2963 3656 3080 3709 κατ’
3098 3654 3502 3727 ἀντιδιαστολὴν
3524 3654 3621 3708 τοῦ
3639 3652 3711 3726 μὴ
3725 3652 3812 3707 6v-

2254 3769 2273 3801 ι
2312 3766 2419 3812 τος,
2457 3749 2486 3800 6
2522 3746 2596 3802 ὢν
2622 3746 2813 3800 ἑαυτὸν
2854 3743 2993 3800 εἶναί
3032 3764 3215 3817 φησιν.
3245 3748 3309 3801 Ei
3346 3746 3402 3801 δὲ
3434 3747 3546 3819 (19)
3570 3746 3664 3800 τὸν
3693 3745 3817 3800 Υἱδν

2248 3859 2271 3891 ι
2312 3838 2606 3892 ὑποστάσει
2629 3838 2956 3909 διῃρημένον
2984 3838 3139 3891 τοῦτο
3162 3839 3360 3908 φάσκοι
3384 3837 3563 3907 λέγειν
3588 3837 3651 3891 τὺ
3682 3835 3817 3906 Ἐγώ

2253 3949 2271 3982 ι
2308 3934 2424 4001 είμι
2444 3934 2475 3985 ό
2499 3928 2604 3993 ὢν,
2635 3929 2828 3982 ταύτὸν
2850 3925 3003 3994 αὖθις
3025 3929 3264 4001 περὶτοῦ
3292 3929 3505 4000 Πατρὸς
3527 3928 3705 3999 λέγειν
3729 3946 3816 3981 νο-

2253 4042 2272 4074 ι
2317 4021 2657 4095 μισθήσεται.
2695 4040 2712 4072 s
2769 4022 3056 4092 Ἑκάτερον
3087 4022 3145 4076 δὲ
3168 4021 3371 4075 τούτων
3392 4021 3604 4085 ἀσεϐές.
3631 4020 3818 4075 Ταῦτα

2245 4114 2301 4168 δὲ
2345 4114 2515 4180 λέγων
2558 4114 2588 4166 6
2622 4112 2803 4177 αὐτὸς,
2843 4114 3083 4185 ἑκατέρῳ
3129 4113 3543 4184 περιπέπτωκεν
3587 4112 3813 4184 ἀτόπῳ·

2246 4206 2343 4259 ἕνα
2370 4205 2469 4276 μὲν
2496 4203 2807 4276 ὁριζόμενος
2840 4200 2976 4257 εἶναι
3005 4204 3095 4257 τὸν
3115 4204 3263 4270 ὄντα,
3286 4204 3506 4276 θάτερον
3532 4202 3590 4255 δὲ
3614 4203 3822 4273 ἀρνού-

2250 4315 2427 4369 μενος.
2465 4298 2573 4351 Kal
2602 4296 2720 4350 τίνα
2750 4296 2937 4350 τοῦτον
2961 4296 3120 4361 αὐτὸς
3159 4298 3224 4351 ἂν
3259 4297 3454 4367 εἰδείης
3479 4295 3541 4348 Ei
3575 4293 3687 4368 γὰρ
3719 4296 3817 4351 τὸν

2248 4390 2465 4462 Πατέρα
2507 4388 2650 4454 δοὺς,
2684 4388 2777 4442 τὸν
2805 4388 2933 4442 Υἱὸν
2960 4390 3289 4460 ἀρνήσεται·
3319 4388 3462 4460 ἢτδν
3488 4384 3617 4440 Υίὺν
3650 4388 3817 4459 μόνον

2171 4512 2222 4571 D
2249 4479 2706 4553 παραδεξάμενος,
2731 4478 2985 4571 άθετήσει
3012 4480 3103 4533 τὸν
3127 4481 3366 4551 Πατέρα·
3397 4477 3670 4571 μᾶλλονδὲ
3690 4476 3818 4571 alite

2250 4572 2487 4643 Πατέρα,
2517 4570 2640 4625 οὕτε
2664 4570 2790 4625 Υἱὺν
2811 4569 2965 4634 εἰδὼς
2991 4571 3395 4643 ἐλεγχθήσεται,
3427 4572 3522 4626 ἕνα
3547 4570 3705 4642 μόνον
3732 4570 3816 4625 δι-

2248 4663 2391 4727 δοὺς,
2428 4664 2517 4717 τὸν
2542 4664 2599 4717 δὲ
2637 4664 2819 4735 ἕτερον
2842 4662 3081 4716 ἐκποδὼν
3115 4664 3371 4736 μεθιστὰς
3390 4681 3404 4695 ο
3435 4663 3538 4717 κᾶν
3561 4663 3733 4735 ἀκούῃ
3756 4662 3816 4716 δὲ

2248 4754 2494 4823 λέγοντος
2523 4755 2616 4809 τοῦ
2648 4754 2803 4822 Θεοῦ,
2841 4754 2982 4826 Ἐγὼ
3014 4757 3226 4825 Κύριος
3247 4760 3279 4811 ό
3297 4759 3441 4823 Θεός
3478 4769 3617 4819 σου.
3651 4756 3812 4827 6(20)

2244 4844 2546 4915 ἐξαγαγών
2565 4861 2638 4901 σε
2656 4847 2724 4900 ἐκ
2751 4844 2863 4917 γῆς
2877 4848 3195 4916 Αἰγύπτου,
3224 4848 3293 4913 ἐξ
3314 4848 3485 4902 οἴκου
3511 4848 3811 4913 δουλείας,

2247 4940 2357 4992 οὐκ
2378 4939 2620 4993 ἔσονταί
2651 4953 2747 4994 σοι
2767 4938 2889 5007 θεοί
2910 4938 3096 5008 ἕτεροι
3115 4938 3282 5009 πλὴν
3300 4940 3467 5008 ἐμοῦ.
3498 4940 3668 4995 Πάλιν
3690 4942 3813 4994 κάν·

649 5126 707 5183 »Β
739 5121 835 5175 Ed.
871 5120 1065 5178 Paris..
1092 5135 1214 5188 pag.
1247 5122 1369 5176 158.
1444 5122 1489 5153 ⁸⁸
1514 5120 1680 5175 Exod.
1719 5136 1793 5187 Vt,
1815 5122 1869 5183 2.
1896 5124 1950 5179 5.
2024 5124 2072 5157 ⁸⁸
2102 5127 2144 5180 (ι

2271 5142 2426 5187 χνηι,
2468 5128 2519 5180 1.
2594 5126 2637 5158 ⁸⁷
2669 5124 2824 5179 Joan.
2854 5138 2971 5187 vut,
2995 5123 3083 5180 56.
3159 5125 3206 5158 "
3239 5126 3365 5182 ibid.
3393 5125 3482 5181 48.
3562 5129 3607 5161 δ’
3637 5128 3808 5184 Galat.

583 5204 664 5252 ut,
715 5193 798 5251 t9.
833 5191 927 5245 9.0.
1020 5191 1109 5244 "1
1142 5191 1376 5246 'l‘imoth.
1407 5207 1466 5255 tt,
1492 5192 1548 5247 εἰ.
1621 5192 1665 5223 ⁵¹
1712 5192 1881 5248 Exod.
1915 5209 1997 5260 ut,
2023 5194 2108 5249 H.

653 5344 762 5419 (1
789 5344 957 5419 Vulgo
980 5346 1166 5419 ᾥφθην
1189 5346 1276 5419 τῷ
1294 5346 1442 5419 ’Λ6ρ,
1459 5346 1650 5418 καὶτῷ
1683 5349 1776 5419 Ἰσ.

655 5365 762 5411 ιιι)
798 5365 957 5415 vulgo
980 5365 1166 5417 ωφυην
1189 5365 1219 5399 τ
1308 5365 1553 5419 Λορ.και
1572 5365 1650 5418 τῳ
1690 5365 1776 5401 ἰσ.

655 5415 765 5485 (12)
804 5417 947 5482 Θεὸς
980 5417 1082 5472 ὢν.
1141 5419 1193 5470 In
1223 5365 1421 5470 tExodo
1450 5418 1661 5470 additur
1694 5418 1892 5484 αὐτῶν,
1925 5429 2071 5475 recte
2126 5437 2139 5473 :

584 5486 858 5558 lugendum
878 5504 1004 5558 ergo
1026 5491 1132 5541 hic.
1158 5488 1289 5551 Θεὸς
1312 5484 1387 5540 ὢν
1415 5486 1614 5558 αὐτῶν.
1632 5488 1813 5558 Ὁρᾷς,
1841 5506 1966 5558 non,
2000 5501 2057 5546 ut
2088 5491 2142 5546 itt

582 5556 767 5631 codiee
796 5558 921 5631 fuit,
953 5557 1047 5611 ὢν.
1078 5558 1253 5631 Αῦτδν
1278 5559 1430 5631 ὁρᾷς.
1454 5556 1522 5611 Μ.

658 5624 769 5689 (15)
796 5625 963 5692 Vulgo
990 5645 1076 5680 om
1136 5627 1213 5682 δέ.

660 5695 773 5767 (ιι)
807 5696 942 5749 mw
970 5699 1028 5749 ὲν
1056 5699 1159 5767 Mp.

661 5762 774 5836 iis)
806 5768 973 5834 Vulgo
998 5767 1085 5836 δή.

657 5835 918 5907 (16)”1να
974 5835 1070 5903 ιδῃ
1103 5837 1212 5906 τὴν
1260 5839 1502 5907 ἡμέραν.
1537 5839 1648 5895 Non
1695 5845 1911 5898 mcntttti
1959 5843 2146 5915 legisse

2209 5196 2254 5228 "
2278 5197 2451 5254 Exod.
2490 5213 2584 5261 xx,
2611 5196 2668 5262 2,
2698 5196 2766 5260 5;
2797 5193 2973 5250 Levit.
3001 5210 3110 5260 ως,
3134 5195 3223 5252 36.

2250 5351 2374 5404 alibi
2402 5352 2540 5409 hanc
2585 5350 3119 5419 interpretationem;
3157 5367 3261 5407 non
3292 5352 3522 5408 habetur
3547 5353 3688 5407 inter
3721 5371 3815 5410 eas

2247 5436 2379 5481 quas
2411 5423 2605 5474 multas
2630 5421 2900 5487 congessit
2920 5421 3321 5476 eruditissimus
3348 5422 3704 5489 Maldonatus,
3739 5431 3810 5477 ad

2246 5491 2400 5545 Joan.
2438 5507 2557 5551 vut,
2584 5492 2668 5544 56.
2689 5489 2758 5543 Μ.

2317 5560 2429 5633 (17)
2448 5561 2817 5633 furiarum?
2868 5564 2905 5633 ο
2920 5631 2931 5633 _
2951 5562 3149 5632 τόγος.
3194 5560 3397 5632 Nempe
3424 5563 3567 5633 quod
3598 5562 3813 5622 locutus

2247 5629 2332 5687 cst
2358 5632 2516 5700 Deus.
2555 5629 2692 5697 Ἑγὼ
2725 5631 2860 5700 εἰμι.
2890 5630 2957 5700 .\|_.

2321 5699 2430 5769 (18)
2464 5698 2587 5752 Mss.
2623 5696 2653 5751 ὁ
2681 5700 2736 5752 δὲ
2756 5696 2986 5764 Θεὸς”εἷς
3010 5699 3174 5753 ἔστιν.

2463 5769 2629 5843 _V_ttIgo
2654 5770 2714 5840 δή
2736 5809 2749 5831 ,
2789 5788 2905 5843 mox
2940 5772 3093 5840 vulgo
3122 5771 3439 5843 ἀρνήσηται.

2326 5840 2434 5910 (⁸2.0)
2463 5837 2628 5908 Vulgo
2662 5837 2767 5893 unt.
2797 5841 2841 5891 ὁ.
