4086 6202
344 409 453 466 937

1275 410 1365 465 DE
1405 410 1941 470 ECCLESIASTICA
1974 413 2362 470 TIIEOLOGIA
2386 413 2514 472 LIB.
2556 413 2608 470 Ii.

3476 420 3579 474 958

345 526 523 581 ταῦθα
560 525 634 596 μὴ
661 524 1003 596 ταραττέσΟω
1021 525 1119 595 τὴν
1146 523 1344 596 ψυχὴν,
1373 527 1509 580 ἀλλὰ
1529 529 1622 582 καὶ
1654 529 1762 583 τῶν
1795 529 1906 600 ἑξῆς

2025 529 2276 599 trepidet,
2310 531 2403 585 sed
2443 515 2840 600 attendafquae
2874 540 3173 601 sequuntur
3200 533 3400 588 statim.
3446 534 3578 590 Cum

348 618 710 688 συνημμένων
737 617 1006 671 ἀκουέτω·
1033 615 1201 668 εἰπὼν
1233 617 1361 688 γὰρ,
1402 621 1521 673 Οὐκ
1549 619 1793 674 ἔσονταί
1821 635 1921 676 σοι

349 710 472 763 θεοὶ
532 709 712 777 ἕτεροι
756 707 922 773 πλὴν
953 707 1120 777 ἐμοῦ,
1177 709 1483 778 ὲπήγαγεψ
1527 712 1608 764 Οὺ
1649 710 1920 778 ποιήσεις

325 813 328 816 '
348 797 986 869 σεα·υτῷ(21)εῖδωλον,
1012 799 1154 852 οὐδὲ
1177 801 1400 865 παντὸς
1415 803 1694 872 ὁμοίωμα,
1718 803 1832 858 ὅσα
1852 805 1920 857 ἐν

349 889 430 954 τῷ
455 889 679 956 οὐρανῷ
699 889 840 954 ἅνω,
861 890 959 942 καὶ
972 889 1090 943 ὅσα
1111 891 1182 942 ἐν
1203 891 1278 958 τῇ
1293 891 1369 960 γῇ
1399 893 1573 957 κάτω,
1597 895 1692 947 καὶ
1720 894 1835 949 ὅσα
1850 897 1918 950 ὲν

348 985 472 1048 τοῖς
497 983 711 1037 ὕδασιν
736 980 1012 1036 ὑποκάτω
1041 981 1152 1050 τῆς
1170 981 1302 1051 γῆς.
1342 986 1422 1038 Οὺ
1471 987 1918 1055 προσκυνήσεις

346 1075 566 1141 αὐτοῖς,
583 1075 723 1129 οὐδὲ
729 1075 815 1145 μὴ
827 1075 1178 1143 λατρεύσεις
1193 1074 1412 1140 αὐτοῖς,
1425 1074 1538 1144 ἐγὼ
1552 1077 1662 1145 γάρ
1677 1081 1791 1148 εἰμι
1805 1082 1919 1133 Κύ-

341 1186 470 1238 ριος
496 1167 526 1220 ὁ
553 1168 698 1232 Θεός
724 1181 862 1231 σου,
917 1169 1133 1235 Κύριος
1153 1165 1434 1233 ζηλωτής.
1473 1169 1632 1240 Ὁρᾷς
1657 1171 1802 1235 ὅπως
1835 1172 1913 1225 δι-

347 1259 621 1313 εστέλλετο
637 1259 769 1330 (22),
779 1259 851 1330 μὴ
869 1263 933 1330 τῇ
953 1259 1060 1312 τῶν
1077 1259 1243 1313 ἐθνῶν
1259 1260 1503 1331 πολυϐἐῳ
1524 1262 1916 1336 πλάνῃσυναπ-

345 1351 593 1420 άγεσθαι,
619 1351 778 1421 μόνον
806 1351 863 1404 δὲ
890 1351 1049 1404 αὐτὸν
1073 1351 1269 1405 εἰδέναι
1295 1353 1426 1405 Θεὸν
1448 1355 1541 1407 καὶ
1569 1355 1791 1425 Κύριον.
1821 1356 1914 1420 Τίς

343 1444 388 1496 δ’
418 1439 511 1496 οὖν
553 1436 745 1506 0610;;
785 1444 841 1496 Ὀ
863 1443 986 1506 Υἱὸς
1003 1443 1100 1514 τὴν
1125 1444 1306 1497 εἰκόνα
1335 1446 1426 1499 τοῦ
1463 1448 1673 1517 Πατρὸς
1692 1448 1829 1517 ἔχων
1854 1449 1912 1500 ἐν

343 1535 542 1605 ἑαυτῷ,
579 1534 637 1600 ἐξ
669 1533 974 1597 αὐθεντεεας
1013 1551 1072 1586 τε
1107 1535 1270 1588 αὐτοῦ
1313 1539 1426 1598 τοῖς
1474 1537 1911 1610 εἰδωλολατρεῑαν

343 1626 562 1679 νοσοῦσι
595 1624 763 1678 ταῦτα
791 1625 1218 1695 διαταττόμενος.
1261 1626 1346 1690 Ὠς
1373 1628 1479 1700 γὰρ
1513 1630 1687 1682 πάντα
1715 1629 1781 1682 δι’
1817 1631 1911 1682 αὐ-

344 1717 440 1770 τοῦ
467 1716 701 1785 ἐγένετο,
732 1715 823 1768 τοῦ
843 1716 1052 1787 Πατρὸς
1077 1716 1162 1769 διὰ
1187 1717 1280 1769 τοῦ
1305 1718 1553 1790 Σωτῆρος
1571 1719 1671 1791 τὴν
1685 1721 1792 1773 τῶν
1815 1739 1910 1790 γε-

346 1807 524 1877 νητῶν
567 1807 819 1860 ἁπάντων
867 1808 1051 1860 οὐσίαν
1089 1807 1198 1879 (23)
1243 1809 1706 1882 ὑποστησαμένου,
1738 1811 1910 1876 οὕτως

2022 622 2166 675 enim
2204 622 2458 684 dixerat,
2517 620 2643 676 Non
2688 621 2836 676 erunt
2885 623 2987 676 tibi
3021 624 3097 677 dii
3123 623 3217 677 alii
3257 637 3450 695 praeter
3477 645 3579 692 me,

2021 712 2323 776 subintulit,
2361 711 2486 766 Non
2517 714 2674 780 [acies
2706 713 2800 766 tibi
2831 713 3027 767 idolum
3053 755 3068 779 ,
3096 731 3256 784 neque
3286 733 3485 771 onmem
3509 723 3580 772 si-

2022 804 2371 858 militudinem
2402 821 2577 857 eorum
2607 820 2722 873 qua:
2751 814 2874 858 sunt
2904 806 2957 858 in
2984 805 3110 859 cado
3151 823 3378 871 sursum,
3411 821 3501 861 aut
3525 812 3579 862 in

2020 908 2159 951 terra
2192 899 2457 962 deorsum,
2491 907 2582 950 aut
2606 915 2721 967 qua:
2757 899 2950 951 suntin
2985 900 3133 962 aquis
3162 901 3334 954 subter
3351 913 3575 965 terram;

2019 1004 2121 1040 non
2153 988 2396 1040 adorabis
2427 987 2542 1052 illa,
2583 1004 2685 1041 non
2712 989 2958 1043 inservies
2991 988 3119 1052 illis,
3153 990 3263 1058 Ego
3297 992 3435 1045 enim
3460 1009 3576 1044 sum

2017 1079 2277 1132 Dominus
2315 1078 2456 1132 Deus
2501 1090 2654 1145 tuus,
2687 1081 2825 1134 Deus
2857 1081 3045 1135 zelotes
3073 1082 3140 1138 ⁸³.
3174 1081 3332 1138 Vides
3355 1091 3411 1138 ut
3438 1098 3574 1154 prae-

2016 1167 2220 1237 ceperit
2248 1167 2297 1222 id
2323 1168 2515 1230 solum,
2550 1185 2617 1222 ne
2643 1171 2710 1223 ab
2738 1186 2922 1224 errore
2957 1171 3238 1239 gentilitio,
3261 1175 3326 1228 de
3349 1173 3572 1228 deorum

2017 1260 2380 1326 multitudine,
2439 1261 2836 1316 abducerentur
2863 1302 2878 1327 ,
2913 1263 3010 1316 sed
3044 1263 3215 1317 solum
3267 1265 3439 1334 ipsum
3470 1265 3574 1318 Do-

2016 1352 2217 1405 minum
2255 1363 2414 1420 atque
2449 1353 2611 1406 Deum
2672 1362 3045 1422 agnoscerent.
3099 1353 3228 1420 Quis
3276 1365 3392 1408 erat
3426 1356 3524 1409 iste
3549 1356 3574 1408 ?

2015 1459 2205 1512 nempe
2234 1445 2400 1498 Filius
2438 1444 2608 1498 Patris
2661 1445 2946 1512 imaginem
2996 1445 3048 1498 in
3094 1461 3150 1500 se
3198 1446 3401 1502 habens
3434 1465 3448 1500 :
3481 1448 3573 1516 qui

2013 1549 2110 1602 pro
2162 1549 2256 1588 sua
2309 1550 2466 1603 quam
2527 1535 2710 1589 habuit
2758 1538 3080 1591 auctoritate
3131 1538 3427 1594 idololatris
3469 1541 3572 1595 ista

2014 1623 2065 1677 in
2121 1625 2386 1678 mandatis
2437 1625 2604 1679 dedit.
2664 1625 2793 1678 Nam
2863 1635 2920 1679 ut
2973 1627 3153 1680 omnia
3201 1627 3362 1682 Pater
3411 1627 3572 1684 fecis-

2011 1731 2071 1769 se
2127 1715 2322 1769 dicitur
2385 1730 2478 1783 per
2547 1714 2886 1770 Servatorem
2920 1757 2934 1780 ,
2993 1717 3084 1783 qui
3150 1718 3384 1786 suscepit
3441 1733 3568 1772 om-
3622 1777 3644 1795 ι

2012 1808 2157 1860 nium
2214 1807 2564 1860 substantiam
2626 1822 2744 1874 qua:
2809 1817 3187 1871 generantur;
3252 1807 3324 1859 ita
3384 1817 3436 1860 et
3505 1813 3563 1871 iis

347 1876 510 1960 αὖτὸς
535 1893 601 1967 ἦν
628 1899 655 1950 ὁ
689 1897 873 1969 Πατὴρ
900 1897 996 1967 τὴν
1026 1899 1104 1960 εἰς
1124 1876 1284 1952 αυτὸν
1316 1876 1600 1969 γνῶσίν-τε
1631 1905 1724 1956 κοιλ⁹
1750 1905 1906 1957 εὐσέ-

2009 1899 2122 1966 ipse
2163 1897 2318 1951 Pater
2349 1895 2447 1950 fuit
2495 1897 2582 1965 qui
2632 1913 2726 1966 per
2787 1897 2977 1950 Filium
3021 1898 3366 1951 111ediatore1n
3396 1939 3410 1963 ,
3446 1898 3559 1967 pie-

349 1987 499 2040 δειαν
533 1986 622 2040 διὰ
668 1987 882 2056 μεσίτου
929 1986 1022 2039 τοῦ
1059 1987 1186 2041 Υῐοῦ
1220 1990 1542 2061 παραδιδοὺς
1582 1991 1904 2063 ἀνθρώποις.

351 2079 528 2132 Τοῦτο
558 2079 614 2132 δὲ
645 2080 738 2133 καὶ
766 2082 794 2132 ὁ
838 2080 1157 2144 Ἀπόστολος
1190 2082 1372 2145 αὐτοῖς
1402 2083 1607 2153 ῥήμασι
1645 2083 1909 2148 Γαλάταις

347 2170 568 2241 γράφων
592 2171 854 2233 ἐδίδασκε,
879 2170 943 2224 δι’
970 2166 1044 2226 ὧν
1071 2172 1175 2243 ἔφη
1192 2190 1206 2202 ’
1243 2174 1295 2224 Ὀ
1320 2174 1502 2242 νόμος
1519 2173 1812 2243 διαταγεὶς
1833 2175 1906 2229 δι’

342 2263 611 2333 ἀγγέλων
638 2264 708 2316 ἐν
743 2262 892 2330 χειρὶ
915 2265 1166 2331 μεσίτου
1184 2281 1197 2294 ·
1221 2268 1254 2318 ὀ
1276 2264 1344 2318 δὲ
1359 2266 1608 2334 μεσίτης
1636 2266 1773 2333 ἐνὸς
1794 2269 1906 2321 οὐκ

342 2354 513 2408 ἐστιν
530 2371 544 2384 ο
573 2355 606 2406 ὸ
632 2353 700 2406 δὲ
722 2353 865 2418 Θεὸς
891 2349 980 2420 εἷς
1005 2355 1175 2410 ἐστιν
1199 2355 1332 2427 (24).
1359 2357 1480 2411 Κᾶν
1505 2357 1636 2431 λέγῃ
1654 2375 1669 2388 ’
1699 2358 1905 2423 Ἴδετε,

341 2445 431 2500 ὅτι
465 2445 578 2516 ἐγώ
607 2448 742 2516 ειμι,
782 2448 877 2500 καὶ
909 2449 1019 2502 οὐκ
1040 2448 1170 2502 ἐστι
1199 2448 1342 2514 Θεὸς
1389 2449 1556 2517 πλὴν
1601 2451 1767 2519 ἐμοῦ,
1803 2452 1906 2504 πά-

340 2537 422 2591 λιν
452 2538 480 2588 ὁ
514 2537 701 2608 Πατὴρ
727 2533 818 2607 ἦν,
849 2537 922 2601 ὡς
951 2536 1038 2590 διὰ
1067 2538 1270 2602 εἰκόνος
1295 2540 1388 2592 καὶ
1421 2541 1658 2610 μεσίτου,
1693 2542 1781 2596 διὰ
1811 2543 1904 2596 τοῦ

341 2628 472 2681 Υἱοῦ
491 2628 644 2682 τοῦτο
662 2629 885 2698 φάσκων
906 2645 920 2659 ⁶
936 2629 995 2683 οὐ
1009 2629 1114 2700 γὰρ
1123 2629 1186 2700 δὴ
1201 2629 1443 2698 λέγοντος
1462 2633 1558 2702 μὲν
1573 2631 1790 2686 Ἡσαΐου
1812 2633 1903 2687 τοῦ

344 2721 642 2789 προφήτου,
680 2721 852 2788 Υὶοὺς
896 2723 1195 2791 ἐγέννησα
1219 2723 1315 2776 καὶ
1345 2723 1580 2792 ὕψωσα,
1607 2727 1699 2779 καὶ
1724 2727 1901 2790 πάλιν,

357 2811 591 2878 Ἰσραὴλ
608 2812 673 2866 δέ
697 2829 774 2882 με
797 2816 906 2868 οὐκ
938 2816 1108 2885 ἔγνω,
1136 2815 1231 2870 καὶ
1270 2817 1303 2869 ὀ
1337 2819 1486 2883 λαός
1509 2837 1584 2887 με
1615 2821 1685 2873 οὐ
1714 2819 1906 2888 συνῆ-

345 2920 436 2968 κε,
477 2905 570 2956 καὶ
599 2901 770 2970 αὖθις,
828 2906 964 2976 Ἐγὼ
993 2905 1139 2962 πᾶσι
1178 2909 1301 2975 τοῖς
1339 2910 1579 2980 ἄστροις
1612 2911 1904 2966 ἐνετειλά-

341 3010 486 3062 μην,
516 2995 623 3059 καὶ,
648 2994 726 3063 Τῇ
771 2997 918 3065 χειρί
957 3015 1076 3066 μου
1108 2998 1442 3067 ἐστερέωσα
1482 3001 1590 3054 τὸν
1621 3002 1900 3070 οὐρανὸν,

346 3083 442 3135 καὶ
473 3085 570 3137 ὅσα
605 3085 736 3139 ἄλλα
761 3087 997 3156 τοιαῦτα,
1033 3089 1092 3141 οὐ
1129 3089 1220 3144 τὸν
1264 3091 1489 3147 Ἡσαΐαν
1527 3094 1696 3148 ταῦτα
1727 3088 1908 3163 λέγειν

2011 1999 2166 2043 tatem
2196 1999 2248 2043 et
2274 1989 2352 2042 sui
2390 1989 2748 2057 cognitionem
2783 1987 3093 2041 hominibus
3119 1985 3560 2041 communicavit.

2008 2080 2118 2135 IIoc
2149 2080 2366 2134 totidem
2400 2080 2594 2141 verbis,
2637 2079 2702 2132 ad
2734 2077 2959 2132 Galatas
3003 2079 3247 2133 scribens
3275 2078 3562 2147 Apostolus

2007 2171 2250 2233 docebat,
2283 2168 2391 2223 Lex
2423 2171 2667 2224 ordinata
2719 2187 2810 2239 per
2851 2170 3058 2240 angelos
3099 2170 3151 2223 in
3183 2185 3340 2222 manu
3369 2170 3568 2222 media-

2007 2261 2157 2314 toris.
2199 2259 2464 2312 Mediator
2499 2270 2671 2312 autent
2711 2260 2867 2312 unius
2903 2274 3004 2311 non
3039 2269 3114 2312 est
3156 2272 3175 2310 :
3224 2257 3362 2311 Deus
3398 2267 3570 2310 autem

2005 2368 2138 2406 unus
2184 2361 2258 2406 est
2301 2351 2367 2404 δ”.
2429 2350 2496 2403 Et
2535 2351 2660 2404 alibi
2684 2351 2778 2416 ait,
2856 2348 3028 2403 Videte
3095 2350 3232 2418 quod
3295 2365 3385 2418 ego
3430 2363 3568 2412 sum,

2005 2454 2052 2498 et
2083 2453 2271 2511 praeter
2309 2460 2388 2495 me
2426 2459 2528 2494 non
2558 2453 2633 2494 est
2673 2442 2809 2494 alius
2852 2441 2990 2494 Deus
3018 2441 3083 2493 ⁸⁵.
3128 2441 3286 2493 Pater
3327 2441 3413 2492 hic
3451 2449 3569 2494 erat

2006 2537 2095 2606 qui
2131 2551 2224 2603 per
2263 2535 2480 2597 Filium,
2512 2544 2764 2601 tanquam
2797 2532 3084 2601 imaginem
3117 2541 3172 2584 et
3209 2531 3562 2584 mediatorem

2008 2629 2110 2682 ista
2145 2626 2321 2680 dixit:
2361 2640 2464 2676 non
2503 2623 2645 2676 enim
2691 2638 2811 2675 cum
2847 2621 3036 2674 Isaiam
3063 2619 3308 2673 audimus
3340 2620 3568 2688 prophe-

2007 2727 2110 2772 tam
2140 2718 2428 2777 dicentem,
2455 2712 2624 2766 Filios
2652 2713 2806 2781 genui-
2837 2721 2885 2764 et
2917 2710 3137 2765 επιεικαυὶ
3157 2709 3240 2774 l’°;
3271 2717 3323 2763 et
3347 2710 3565 2772 iterum,

2005 2808 2174 2862 Israel
2215 2818 2387 2860 autem
2417 2821 2496 2858 me
2526 2821 2627 2856 non
2660 2802 2918 2872 cognorit,
2945 2813 2992 2856 et
3024 2800 3244 2871 papulas
3275 2815 3418 2853 meus
3462 2816 3567 2852 non

2007 2899 2254 2953 intellexit
2277 2899 2360 2964 ⁸⁷;
2393 2904 2447 2951 et
2495 2910 2700 2960 rursus,
2745 2894 2998 2948 Omnibus
3041 2892 3298 2945 sideribus
3335 2907 3425 2961 ego
3468 2892 3567 2944 im»

2004 2993 2220 3062 peravi;
2253 3001 2327 3056 et,
2352 3007 2509 3043 manu
2536 3006 2649 3042 mea
2677 2987 2880 3056 ﬁrmavi
2914 2986 3098 3040 coelum
3119 2985 3187 3049 ⁸⁸,
3219 2995 3270 3040 et
3298 3000 3414 3054 qua:
3443 2994 3568 3039 sunt.

2004 3084 2235 3149 similia;
2259 3099 2363 3138 non
2398 3081 2614 3136 ablsaia
2645 3081 2768 3146 ista,
2800 3080 3038 3146 inquam,
3071 3077 3280 3146 prolata
3300 3078 3563 3142 dicemus,

350 3177 610 3246 φήσομεν,
642 3178 708 3230 δι’
731 3179 890 3232 αὑτοῦ
929 3181 983 3234 δὲ
1027 3182 1116 3236 τὸν
1161 3184 1218 3236 ἐν
1262 3183 1408 3254 αὐτῷ
1444 3184 1705 3240 λαλοῦντα
1742 3187 1902 3242 Θεόν·

2009 3180 2099 3233 sed
2125 3193 2155 3231 a
2189 3178 2294 3232 Deo
2323 3193 2375 3231 1n
2406 3176 2520 3244 ipso
2564 3175 2834 3242 loquente.
2865 3173 3128 3239 Quocirca
3159 3172 3334 3226 eritne
3379 3171 3565 3226 incon-

345 3266 465 3336 οὐχὶ
492 3267 547 3320 δὲ
576 3270 668 3321 καὶ
697 3270 788 3322 ἐπὶ
820 3269 909 3323 τοῦ
951 3271 1268 3341 μονογενοῦς
1290 3273 1419 3327 Υἱοῦ
1450 3274 1542 3328 τοῦ
1581 3275 1714 3329 Θεοῦ
1733 3316 1746 3340 ,
1773 3277 1906 3348 πρέ-

2009 3285 2197 3339 gruum
2239 3268 2462 3328 dixisse,
2497 3267 2708 3320 Patrem
2755 3279 2850 3332 per
2888 3261 3079 3316 Filium
3128 3279 3284 3317 suum
3321 3263 3566 3332 unigeni-

343 3373 435 3409 ποι
463 3357 528 3410 ἂν
553 3359 643 3411 τὸν
679 3360 894 3430 Πατέρα
911 3361 978 3414 δι’
1005 3362 1169 3416 αὐτοῦ
1195 3363 1389 3434 χρῆναι
1419 3364 1590 3418 ταῦτα
1618 3366 1906 3439 διαμαρτύ-

347 3447 536 3518 ρασθαι
567 3451 679 3512 τοῖς
702 3450 808 3503 τῶν
845 3449 1062 3503 τοιῶνδε
1093 3452 1562 3523 παραγγελμάτων
1600 3453 1902 3524 δεομένοις;

342 3535 717 3608 εἰδωλολάτραι
745 3538 790 3591 δ’
817 3533 954 3610 ἦσαν
974 3534 1137 3604 οὗτοι,
1171 3541 1245 3604 ὡς
1271 3543 1302 3613 ἡ
1333 3542 1470 3613 αὑτὴ
1498 3542 1736 3597 διδάσκει
1766 3545 1903 3616 Γρα-

344 3627 420 3697 (pi;
449 3627 695 3696 λέγουσα·
730 3631 839 3683 Καὶ
871 3626 992 3684 εἷπε
1034 3631 1257 3702 Κύριος’
1313 3652 1330 3684 ι
1361 3633 1471 3687 Ποῦ
1505 3635 1645 3688 εἰσιν
1697 3637 1745 3688 οἱ
1794 3634 1906 3689 θεοὶ

351 3737 371 3769 ι
415 3720 618 3786 αὐτῶν;
675 3724 759 3791 ἐφ’
804 3718 886 3786 οἷς
929 3723 1308 3778 ἐπεποίθεισαν
1359 3727 1444 3778 ἐπ’
1489 3727 1689 3791 αὐτοῖς,
1739 3719 1814 3780 ὧν
1845 3727 1906 3780 τὸ

351 3829 370 3861 ι
413 3811 572 3884 στέαρ
594 3813 703 3869 τῶν
737 3814 936 3868 θυσιῶν
965 3815 1141 3867 αὐτῶν
1180 3816 1415 3885 ἡσθίετε,
1442 3818 1533 3870 καὶ
1566 3819 1777 3871 ὲπίνετε
1811 3818 1904 3872 τὸν

349 3919 367 3951 ι
407 3897 546 3956 οἶνον
597 3903 705 3956 τῶν
763 3905 1000 3959 σπονδῶν
1052 3906 1248 3961 αὐτῶν.
1322 3908 1751 3978 Ἀναστήτωσαν,
1811 3909 1906 3964 καὶ

350 4012 367 4043 ι
420 3993 837 4066 βοηθησάτωσαν
882 3997 1028 4066 ὑμῖν,
1070 3998 1164 4051 καὶ
1195 3997 1578 4069 γενηθήτωσαν
1602 3997 1750 4068 ὑμῶν
1778 4016 1905 4052 σκε-

349 4103 368 4135 ι
411 4086 631 4140 πασταί.
688 4108 708 4139 ι
765 4089 983 4153 Τούτοις
1039 4091 1147 4161 γὰρ
1206 4091 1471 4161 συνῆπται
1525 4089 1619 4156 τὸ,
1650 4107 1669 4141 ι
1715 4092 1902 4156 Ἴδετε,

349 4195 367 4227 ι
406 4176 541 4230 ἴδετε
601 4179 684 4232 ὅτι
738 4180 848 4250 ἐγώ
908 4183 1045 4252 εἰμι,
1113 4181 1207 4234 xui.
1277 4181 1377 4234 οὐκ
1433 4180 1545 4236 ἐστι
1596 4181 1726 4245 Θεὸς
1767 4181 1905 4253 πλὴν

350 4287 367 4320 ι
410 4269 566 4340 ἐμοῦ.
616 4289 639 4323 ι

966 4366 1121 4420 ΚΕΦ.
1152 4367 1279 4421 KB'.

345 4457 472 4510 Ὅτι
496 4457 594 4511 καὶ
625 4457 695 4511 ἐν
723 4457 843 4524 τοῖς
869 4458 1319 4584 πιέἓφήῖαιςνδιὰ
1347 4459 1450 4514 τοῦ
1482 4460 1617 4515 Υιοῦ
1647 4465 1679 4516 ό
1702 4459 1907 4529 Πατὴρ

996 4548 1076 4584 εο.
1101 4548 1310 4584 ογειτο.

996 4548 1310 4600 εο.ιογειτο.

407 4617 526 4671 Κᾶν
546 4619 802 4690 μυριάκις
816 4618 991 4672 τοίνυν
1013 4618 1100 4672 διὰ
1117 4619 1211 4672 τοῦ
1234 4622 1508 4692 προφήτου
1533 4620 1668 4690 βοῶν
1698 4623 1900 4694 φάσκῃ,

343 4709 516 4778 Πλὴν
541 4710 686 4779 ἐμοῦ
717 4713 826 4764 οὐκ
849 4712 982 4765 ἐστι
1001 4711 1163 4778 Θεὸς,
1193 4712 1286 4765 καὶ
1312 4713 1477 4781 πλὴν
1492 4714 1635 4783 ἐμοῦ
1652 4717 1761 4768 οὐκ
1777 4715 1908 4769 ἐστι

341 4801 570 4868 δίκαιος
585 4801 681 4855 καὶ
703 4802 926 4871 Σωτὴρ,
971 4805 1063 4857 καὶ
1085 4805 1231 4857 Θεὸν
1261 4805 1427 4871 πλὴν
1439 4807 1582 4875 ἐμοῦ
1598 4809 1668 4860 οὐ
1685 4808 1905 4876 γνώσῃ,

342 4893 436 4944 καὶ
455 4893 656 4954 σώζων
683 4897 794 4949 οὐκ
826 4897 959 4950 ἔστι
984 4896 1175 4965 παρὲξ
1207 4897 1320 4968 (25)
1341 4899 1506 4967 ἐμοῦ,
1531 4901 1622 4952 καὶ
1654 4901 1753 4952 ὅσα
1775 4899 1908 4954 ἄλλα

339 4985 547 5049 τούτοις
588 4986 789 5055 ἀδελφὰ
828 4990 884 5042 ὲν
929 4991 1039 5052 τοῖς
1071 4987 1275 5053 λοιποῖς
1317 4990 1536 5060 φέρεται
1574 4992 1900 5060 προφήταις,

343 5077 489 5143 Θεὸς
505 5075 600 5147 ἦν,
625 5081 718 5132 καὶ
737 5079 806 5142 ἐξ
826 5081 1060 5134 ἐκείνου
1091 5081 1161 5134 ἐν
1185 5079 1412 5149 Χριστῷ
1438 5081 1666 5150 κόσμον
1681 5085 1902 5135 καταλ-

342 5167 595 5224 λάσσων
614 5172 826 5238 ἐαυτῷ,
849 5174 942 5227 καὶ
962 5173 1123 5236 αὐτὸς
1142 5169 1207 5243 ἦν
1240 5173 1270 5224 ὁ
1298 5173 1487 5244 Πατὴρ
1506 5173 1677 5228 ταῦτα
1694 5173 1781 5226 διὰ
1802 5173 1897 5226 τοῦ

344 5263 661 5332 μονογενοῦς
696 5264 848 5328 Υἱοῦ,
900 5259 986 5318 οἷα
1017 5265 1084 5319 δι’
1110 5265 1408 5336 ἑρμηνέως,
1440 5263 1742 5334 ἀνθρώποις
1767 5265 1898 5317 ὑπο-

2005 3372 2114 3415 tum
2144 3361 2258 3415 hzec
2291 3359 2638 3430 praelocutum
2673 3355 2942 3409 aﬂirmare
2997 3355 3134 3424 apud
3193 3370 3286 3408 eos
3323 3355 3412 3421 qui
3450 3355 3566 3409 istis

2003 3453 2312 3522 indigebant
2341 3451 2605 3505 mandatis
2647 3458 2703 3502 et
2753 3448 3242 3501 admonitionibus?
3273 3447 3440 3500 Erant
3470 3463 3566 3500 au-

2002 3551 2107 3597 tem
2157 3542 2298 3611 quod
2338 3549 2564 3594 testatur
2614 3537 2913 3605 Scriptura,
2951 3537 3001 3589 hi
3051 3535 3368 3589 idololatrzc.
3420 3536 3567 3590 Dixit

2002 3634 2143 3689 enim
2164 3631 2416 3686 Dominus
2448 3648 2464 3684 :
2504 3627 2602 3682 Ubi
2627 3637 2749 3683 sunt
2777 3627 2853 3679 dii
2880 3625 3089 3679 illorum
3115 3629 3140 3680 Ρ
3165 3626 3418 3695 inquibus
3443 3643 3567 3679 cou-

2001 3724 2228 3793 ﬁdebant
2256 3761 2272 3788 ,
2315 3737 2534 3792 quorum
2591 3721 2654 3774 de
2714 3718 2986 3785 sacriﬁciis
3020 3718 3221 3786 adipem
3251 3717 3564 3783 comedistis,

2001 3826 2047 3871 et
2085 3816 2285 3869 bibistis
2323 3815 2496 3868 vinum
2527 3813 2591 3866 de
2619 3812 2784 3880 epulis
2843 3827 3021 3863 eorum
3048 3826 3066 3862 :
3097 3817 3312 3878 surgant
3338 3817 3384 3861 et
3410 3807 3566 3876 adju-

2003 3919 2118 3965 vent
2149 3927 2256 3974 vos,
2307 3919 2354 3962 et
2385 3908 2514 3976 ﬁant
2550 3906 2925 3961 obumbracula
2977 3904 3116 3958 vobis
3143 3904 3207 3956 ⁸³.
3241 3900 3393 3957 Nunc.
3417 3901 3566 3955 hisce

2005 4001 2182 4056 verbis
2215 4000 2433 4054 adunita
2487 4009 2646 4062 sunt,
2689 3996 2894 4062 Videte,
2940 3996 3101 4050 uidete
3132 3995 3268 4064 quod
3288 4010 3378 4064 ego
3414 4009 3562 4060 sum,

2002 4103 2050 4148 et
2086 4109 2188 4147 non
2218 4101 2294 4146 est
2330 4091 2465 4143 alius
2493 4100 2680 4158 praeter
2713 4103 2791 4141 me
2814 4087 2880 4141 ⁸ο.

2593 4357 2744 4414 CAP.
2788 4355 2953 4411 XXII.

2008 4454 2156 4519 Quod
2186 4452 2339 4506 etiam
2373 4452 2425 4505 in
2452 4448 2718 4572 praphetils
2750 4449 2908 4502 Pater
2933 4464 3022 4516 per
3038 4443 3083 4498 F
3089 4445 3234 4499 ilium
3262 4443 3399 4496 Deus
3425 4457 3562 4511 pra:-

2704 4531 2890 4572 tcatur.

2704 4531 2890 4572 icatur.

2075 4615 2222 4670 Licet
2253 4628 2379 4682 ergo
2419 4611 2610 4666 millies
2648 4627 2741 4680 per
2772 4610 3082 4679 prophetam
3116 4605 3336 4666 clamet,
3368 4601 3566 4656 Pra'ter

2007 4725 2086 4762 nte
2124 4723 2225 4761 non
2269 4715 2342 4760 est
2380 4706 2551 4769 Deus,
2596 4713 2650 4759 et
2697 4715 2886 4772 pra'tcr
2928 4717 3006 4752 me
3047 4715 3147 4752 non
3194 4707 3265 4750 est
3295 4696 3471 4765 justus
3515 4704 3563 4745 et

2009 4802 2270 4866 Servator,
2295 4811 2369 4866 et,
2397 4799 2561 4852 Deum
2590 4815 2690 4850 non
2720 4810 2991 4864 cognosces
3020 4800 3207 4860 pra’ter
3233 4806 3332 4854 me,
3360 4797 3412 4842 et
3443 4785 3564 4839 Non

2007 4901 2082 4948 est
2113 4894 2202 4960 qui
2246 4887 2627 4961 δεήσεων-ωιτν
2658 4905 2757 4954 me,
2783 4897 2835 4941 et
2865 4901 2980 4953 qua:
3018 4884 3098 4938 his
3138 4881 3452 4951 congemina
3489 4877 3563 4932 Ie-

2009 4997 2199 5041 runtur
2225 4988 2276 5040 in
2311 4983 2588 5053 prophetis
2616 4980 2844 5042 caneris,
2873 4978 3010 5031 Deus
3050 4986 3159 5029 erat
3186 4985 3232 5027 et
3272 4974 3324 5025 in
3355 4971 3560 5026 Christo

2007 5079 2256 5131 mundum
2295 5077 2393 5130 sibi
2423 5073 2760 5130 reconcilians
2787 5073 2850 5133 ⁶¹,
2877 5080 2930 5123 et
2961 5070 3073 5136 ipse
3115 5076 3231 5119 erat
3264 5063 3422 5116 Pater
3462 5062 3561 5114 ista

2005 5185 2100 5240 per
2155 5168 2345 5222 Filium
2413 5168 2780 5238 unigenitum,
2836 5163 2995 5216 veluti
3063 5174 3158 5227 per
3215 5157 3557 5220 interpretem

2004 5263 2289 5332 quemdam
2351 5260 2652 5315 hominibus
2691 5255 3069 5311 submsinuans
3115 5270 3128 5305 :
3165 5248 3256 5304 sed
3303 5258 3357 5300 et
3397 5243 3564 5297 Filius

418 5425 474 5482 K4
510 5419 606 5472 Ed.
638 5419 836 5482 Paris,
867 5420 1115 5490 paa.IZ’)9.
1189 5421 1419 5475 "Exod.
1449 5436 1539 5482 xx,
1562 5419 1614 5490 4,
1649 5420 1718 5485 5;
1748 5419 1906 5474 Levit.

2009 5421 2213 5486 v1,i,?..
2264 5422 2310 5451 ⁸⁸
2345 5417 2522 5490 Galat.
2549 5415 2843 5490 1|I,_l_9,_2t)‘.
2917 5413 3130 5490 "Deut.
3157 5427 3230 5477 εἰ,
3259 5409 3308 5465 4.
3373 5409 3418 5441 ³⁸
3459 5409 3558 5466 lsa.

341 5505 379 5557 ι,
420 5491 474 5544 2.
549 5491 592 5521 ετ
632 5488 878 5546 11114.5;
941 5492 988 5523 δε
1043 5493 1143 5546 ιω.
1183 5493 1389 5558 ιι,15.
1479 5491 1524 5522 δ’
1565 5488 1672 5545 Jer.
1701 5506 1760 5557 ιι,
1789 5491 1878 5546 28.

427 5665 520 5736 21)
557 5662 727 5734 Vulgo
755 5665 953 5736 ἐαυτῷ.

432 5736 522 5800 £2)
557 5736 724 5804 Vulgo
747 5737 1058 5790 διετέλλετο.

413 5797 523 5870 ι’νὶῦ)
575 5797 1099 5875 ’Υιῖοστησιιμένου
1157 5797 1293 5870 Quid
1327 5805 1437 5859 vult
1469 5804 1647 5858 nescio
1705 5819 1718 5854 :
1772 5806 1893 5866 nisi,

341 5879 430 5945 qui
479 5876 881 5935 subsistentiam
921 5879 1088 5938 dedit.
1124 5884 1174 5932 et
1208 5893 1326 5933 esse
1371 5877 1740 5932 universorum
1768 5877 1891 5932 sub-

1971 5491 2016 5521 ⁶⁰
2061 5491 2210 5546 Deut.
2240 5505 2409 5554 xxx",
2456 5488 2545 5542 39.

2632 5487 2674 5517 σι
2714 5484 2755 5539 ιι
2794 5486 2917 5539 Cor.
2946 5499 3000 5549 ν,
3034 5482 3120 5536 19.

2002 5663 2234 5723 διιιηιὶιε.
2262 5663 2360 5716 hoc
2379 5670 2484 5722 est,
2516 5659 2568 5712 in
2599 5674 2718 5713 esse
2745 5659 3015 5723 produsit.
3047 5656 3116 5711 Μ.

2073 5734 2186 5800 (‘24)
2222 5731 2392 5800 Vulgo
2422 5731 2569 5782 ἐστιν
2603 5723 2702 5792 εἷς.
2737 5730 2845 5782 Καὶ
2870 5727 3036 5796 λέγει,
3076 5728 3211 5780 ἴδετε
3237 5726 3338 5800 ὅτι.

2073 5734 2164 5800 (‘24
2222 5734 2392 5800 Vulgo
2422 5734 2569 5782 ἐστιν
2603 5734 2702 5792 εἰς.
2738 5734 2845 5782 Καὶ
2870 5734 3036 5796 λέγει,
3076 5734 3211 5780 ἴδετε
3237 5734 3338 5779 ὅτι.

2073 5734 2186 5871 (εείξ
2212 5800 2380 5869 Vulgo
2411 5801 2645 5864 ἐκείνου,
2681 5811 2735 5853 ct
2775 5817 2916 5867 IIIOX,
2969 5800 3167 5869 κόσμον
3193 5799 3346 5867 vulgo
3373 5806 3552 5849 errore

2003 5889 2132 5941 0111.;
2167 5872 2286 5928 dein
2315 5871 2469 5941 vulgo
2499 5874 2609 5935 τοῖς
2643 5871 2830 5940 εὖαγγ.
