4086 6208
579 376 687 438 959
1250 368 1521 428 EUSEBII
1561 369 2038 428 CASSARIENSIS
2078 371 2227 429 OPP.
2270 370 2451 427 PARS
2492 370 2583 429 IV.
2618 368 3112 429 —DOGMATICA.
3729 373 3819 430 ιω

581 510 794 568 quoque
824 494 878 551 in
915 490 1226 564 Evangelio,
1256 492 1368 563 ipse
1406 506 1570 548 unum
1611 494 1783 549 solum
1822 494 1988 553 Deum
2022 496 2145 551 iuti-
2172 500 2194 557 Α

2210 536 2220 559 ι
2248 494 2635 566 φθεγγόμενος.
2680 492 2738 546 '0
2765 490 2821 543 δὲ
2850 489 2944 543 καὶ
2968 487 3129 551 αὐτὸς
3155 488 3184 540 ό
3206 485 3337 550 Υἱὸς
3380 486 3437 539 ἐν
3470 485 3823 555 Εὐαγγελίοις

581 603 733 643 mare
792 586 1003 641 videtur
1054 585 1346 656 inquiens:
1394 588 1522 643 Haac
1578 594 1653 639 est
1713 596 1887 641 autem
1937 592 1996 652 »Β
2047 588 2150 643 vita

2250 586 2556 660 παρεδίδου,
2586 584 2683 638 ἕνα
2720 581 2877 655 μόνον
2909 579 3105 634 εἰδέναι
3146 576 3412 632 διδάσκων
3458 578 3617 642 Θεὸν,
3654 581 3720 633 ἐν
3757 574 3832 644 οἷς

580 690 800 744 esterno,
826 688 881 733 ut
909 687 1225 749 cognoscant
1247 689 1296 734 te
1325 696 1484 733 unum
1513 679 1679 736 solum
1707 680 1890 743 Deum.
1917 691 1966 736 et
2000 698 2149 751 quem

2248 680 2451 750 ἔλεγεν,
2465 679 2625 747 Αὕτη
2644 676 2711 731 δέ
2723 677 2895 731 ἐστιν⁶
2910 674 2947 743 ἡ
2964 670 3196 737 αἰώνιος
3215 668 3348 739 ζωὴ,
3367 671 3468 724 ἵνα
3482 668 3835 741 γινώσκωσι

577 770 769 827 misisti
795 769 976 826 Iesum
1000 768 1262 824 Christum
1285 770 1350 824 ⁶¹.
1393 770 1482 825 Ille
1511 781 1626 824 erat
1648 786 1776 842 ergo
1798 772 1957 826 verus
1988 770 2146 826 Deus:

2247 793 2321 832 σε
2350 776 2458 830 τὸν
2479 774 2667 845 μόνον
2706 768 2998 840 ἀληθινὸν
3031 765 3200 831 Θεὸν,
3228 765 3327 819 καί
3357 764 3432 818 ὃν
3459 763 3835 832 ἀπέστειλας

579 862 671 933 qui
704 876 841 918 unus
880 860 1026 916 solus
1060 868 1162 927 est,
1199 870 1254 917 et
1285 876 1391 916 non
1428 873 1512 915 est
1550 862 1688 916 alius
1719 872 1914 933 praeter
1953 864 2144 934 ipsum.

2260 865 2494 935 Ἰησοῦν
2523 862 2806 933 Χριστόν.
2841 854 3007 923 Οὗτος
3038 852 3130 912 οὖν
3178 857 3208 910 ὁ
3244 855 3494 925 ἀληθινὸς
3520 850 3591 926 ἧν
3620 855 3784 921 Θεὸς,
3809 855 3837 908 ό

578 953 679 1022 Qui
720 969 826 1008 non
866 953 1042 1009 solum
1093 968 1189 1023 per
1232 953 1540 1022 prophetas,
1588 957 1682 1009 sed
1722 964 1777 1010 et
1824 970 1919 1025 per
1956 955 2146 1009 Filium

2245 952 2327 1021 εἷς
2359 955 2536 1027 μόνος,
2574 955 2669 1008 καὶ
2698 953 2883 1023 ἕτερος
2924 948 3023 1003 οὐκ
3058 947 3171 1001 ἐστι
3201 943 3339 1016 πλὴν
3367 944 3553 1007 αὑτοῦ,
3603 943 3724 1015 (26)
3759 945 3840 1016 μὴ

576 1059 733 1099 suum
783 1044 883 1099 ista
942 1044 1167 1113 tempori
1221 1044 1631 1109 convenientia,
1672 1043 2002 1101 idololatrico
2052 1046 2147 1100 ιυ-

2249 1048 2405 1119 μόνον
2420 1047 2449 1100 δ
2456 1046 2508 1100 ιὰ
2522 1045 2630 1099 τῶν
2647 1042 2959 1117 προφητῶν,
2981 1039 3115 1094 ἀλλὰ
3130 1038 3218 1092 διὰ
3232 1036 3326 1091 τοῦ
3345 1037 3467 1089 ἰδίου
3488 1036 3625 1089 Υίοῦ
3652 1035 3838 1089 ταῦτα

578 1127 818 1192 (ἰὼοτιιιιι
867 1135 1063 1207 populo
1096 1136 1460 1205 praecipiebat.
1512 1134 1773 1203 Quocirca
1814 1134 1997 1204 Isaias,
2054 1148 2147 1193 aut

2246 1141 2367 1193 κατ’
2417 1140 2591 1193 ἐκεῖνο
2644 1134 2835 1207 καιροῦ
2875 1128 3372 1204 εἰδωλολατρεύοντι
3414 1127 3489 1199 τῷ
3546 1128 3844 1182 Ἰουδαίων

580 1228 723 1283 Deus
757 1226 936 1297 potius
985 1242 1082 1297 per
1123 1227 1313 1283 Isaiam
1354 1227 1431 1282 ait
1470 1244 1487 1283 :
1531 1228 1734 1283 Prin-ter
1777 1246 1857 1284 me
1920 1245 2023 1284 non
2072 1241 2145 1284 est

2246 1229 2661 1301 ἐγκελευόμενος
2691 1227 2851 1281 ἔθνει.
2876 1223 3082 1278 Αὐτίκα
3097 1222 3143 1276 δ’
3166 1218 3259 1277 οῦν
3279 1222 3308 1275 ὁ
3336 1222 3571 1286 Ἡσαΐας,
3608 1220 3844 1292 μᾶλλον

578 1317 721 1374 Deus
750 1333 769 1372 :
800 1316 937 1383 Quis
971 1328 1026 1371 ut
1061 1334 1175 1388 ego,
1211 1325 1320 1375 etc.
1356 1317 1460 1373 Vos
1491 1318 1613 1373 estis
1657 1326 1810 1373 testes
1839 1318 1886 1373 si
1930 1321 2045 1391 quis
2076 1321 2142 1374 sit

2243 1324 2302 1377 δέ
2331 1325 2359 1376 ὁ
2390 1321 2521 1385 Θεὸς
2567 1321 2634 1374 δι’
2660 1317 2846 1378 αὑτοῦ,
2888 1315 3057 1370 εἰπών
3080 1331 3094 1346 °
3132 1313 3306 1381 Πλὴν
3346 1311 3488 1382 ἐμοῦ
3524 1315 3633 1366 οὐκ
3678 1312 3836 1367 ἔστι

581 1408 721 1462 Deus
774 1418 965 1477 prwter
1014 1424 1094 1462 me
1128 1408 1194 1463 “.
1246 1407 1594 1463 Subiutulit:
1643 1406 1795 1474 Quod
1840 1424 1942 1463 non
1991 1418 2142 1463 erant

2248 1416 2409 1481 Θεός.
2427 1412 2527 1479 Τίς
2537 1409 2738 1481 ὥσπερ
2758 1408 2892 1479 ἑγώ;
2917 1409 3009 1462 καὶ
3031 1406 3175 1478 ἑξῆς·
3199 1405 3504 1475 Μάρτυρες
3516 1405 3617 1475 (‘27)
3640 1406 3844 1476 ὑμεῖς

578 1511 703 1554 tunc
744 1502 837 1571 qui
883 1500 1143 1571 ﬁngebant
1190 1510 1240 1555 et
1288 1500 1625 1568 sculpebant,
1671 1515 1846 1554 omnes
1890 1500 2011 1556 uani
2058 1500 2142 1571 fa-

2242 1505 2401 1569 ἐστε,
2436 1506 2485 1558 sl
2530 1504 2663 1559 ἐστι
2714 1501 2857 1567 Θεὸς
2895 1498 3061 1567 πλὴν
3096 1498 3263 1569 ἐμοῦ,
3302 1498 3549 1571 ἐπήγαγε
3581 1497 3656 1550 τό·
3696 1498 3829 1552 Kal

578 1591 768 1645 cientes
816 1608 933 1661 qua:
978 1592 1250 1660 placebant
1299 1591 1407 1646 illis
1446 1591 1510 1646 “.
1568 1590 1777 1661 Ubique
1820 1598 1999 1647 autem
2049 1609 2146 1664 per

2243 1600 2354 1652 οὐκ
2381 1592 2541 1667 ἦσαν
2586 1595 2716 1648 τότε
2758 1596 2811 1647 οι
2843 1590 3225 1656 πλάσσοντες
3256 1589 3354 1643 καί
3398 1591 3453 1642 ol
3488 1590 3826 1659 ’μύρον-τες

577 1680 721 1737 illius
777 1682 1113 1753 prophetiam
1175 1683 1298 1738 licet
1349 1682 1776 1748 animadvertas,
1821 1684 2144 1741 inanimatas

2243 1686 2464 1753 πάντες
2488 1684 2744 1755 μάταιοι,
2780 1680 3094 1748 ποιοῦντες
3118 1681 3192 1735 τὰ
3222 1681 3559 1750 καταθύμια
3599 1677 3832 1738 αὐτῶν.

578 1772 697 1828 illas
740 1783 948 1830 statuas
983 1774 1279 1845 ﬂagellatas
1313 1794 1327 1831 :
1364 1785 1421 1832 et
1452 1776 1698 1832 similiter
1730 1777 1870 1848 apud
1907 1778 2145 1849 singulos

2243 1775 2355 1829 Καὶ
2384 1775 2449 1828 δι’
2478 1775 2606 1846 ὅλης
2635 1773 2691 1827 δέ
2723 1774 2821 1846 τῆς
2852 1770 3014 1826 αὐτοῦ
3050 1770 3382 1843 προφητείας
3410 1769 3592 1841 εῦροις
3632 1770 3697 1825 ἂν
3731 1788 3836 1824 κο·-

575 1866 960 1935 pr0phetarum
1018 1883 1182 1922 unum
1224 1868 1387 1923 Deum
1428 1868 1667 1925 invenies
1700 1870 2048 1937 celebratum,
2086 1882 2144 1927 ut
2175 1852 2188 1908 1

2245 1866 2485 1938 πτόμενα
2516 1864 2582 1919 τὰ
2608 1863 2788 1935 ἄψυχα
2833 1861 3015 1927 ξόανα,
3046 1862 3140 1915 καὶ
3179 1860 3308 1932 παρ’
3341 1859 3559 1930 ἑκάστῳ
3587 1858 3645 1911 δὲ
3688 1877 3836 1930 προ-

577 1966 891 2011 avertantur
921 1958 1164 2013 homines
1189 1974 1219 2013 a
1250 1958 1471 2013 deorum
1503 1958 1861 2016 multitudine.
1890 1959 1969 2015 Ad
1999 1977 2145 2016 eum-

2246 1959 2389 2030 φήτιι
2436 1956 2635 2029 ὁμοίως
2678 1956 2759 2019 εἰς
2797 1953 3113 2027 ἀποτροπὴν
3153 1952 3253 2024 τῆς
3297 1951 3561 2006 πολυθέου
3613 1951 3838 2024 πλάνης

576 2044 697 2101 dem
732 2048 945 2103 modum
982 2063 1078 2103 nos
1110 2050 1164 2103 in
1203 2065 1491 2119 congressu
1525 2065 1844 2121 quocunque
1880 2067 2001 2107 cum
2046 2068 2145 2123 pa-

2244 2048 2333 2102 τδν
2361 2049 2457 2101 ἕνα
2486 2048 2616 2103 Θεὸν
2641 2047 3039 2119 κηρυττόμενον
3066 2044 3335 2117 εὑρήσεις.
3365 2042 3525 2097 Οὕτω
3543 2044 3639 2097 καὶ
3660 2046 3838 2115 ἡμεῖς

577 2137 731 2207 ganis
764 2138 997 2194 solemus
1034 2140 1336 2195 doctrinam
1365 2142 1429 2195 de
1456 2140 1673 2197 Christo
1715 2143 1767 2198 in
1801 2154 2009 2214 tempus
2045 2162 2143 2215 op-

2243 2142 2511 2213 εἰώθαμεν
2550 2142 2814 2215 Ἑλλήνων
2842 2144 2953 2205 τοῖς
2999 2139 3402 2210 δεισιδαίμοσιν,
3434 2140 3493 2191 ἐν
3534 2142 3649 2203 τοῖς
3684 2140 3840 2213 πρὸς

572 2238 862 2297 portunum
896 2246 1183 2299 reponere,
1217 2242 1272 2289 et
1299 2234 1349 2287 in
1386 2236 1631 2303 praesenti
1676 2237 1877 2290 erroris
1920 2236 2143 2294 idolola-

2243 2235 2437 2299 αὐτοὺς
2458 2234 2740 2304 διαλόγοις,
2775 2233 2873 2305 τὴν
2896 2232 2994 2303 μὲν
3019 2232 3147 2303 περὶ
3175 2231 3265 2284 τοῦ
3294 2230 3534 2301 Χριστοῦ
3563 2230 3834 2283 διδασκα-

575 2320 698 2374 trici
756 2322 1188 2392 redargutionem
1248 2338 1581 2393 proponere,
1632 2334 1687 2380 et
1740 2326 1831 2381 Dei
1884 2328 2141 2384 unitatem

2246 2327 2385 2390 λίαν,
2410 2329 2488 2391 εἰς
2527 2325 2783 2399 εὔκαιρον
2823 2322 3197 2396 ταμιεύεσθαι,
3232 2322 3369 2386 τέως
3405 2323 3460 2376 δὲ
3504 2324 3690 2386 αὐτοῖς
3722 2323 3832 2392 τῆς

575 2410 1017 2468 demonstrativis
1081 2414 1382 2470 rationibus
1444 2416 1705 2473 stabilire.
1783 2419 1963 2475 Discat
2021 2422 2142 2477 ideo

2240 2415 2620 2487 εἰδωλολάτρου
2670 2415 2877 2485 πλάνης
2920 2412 3173 2482 ἐλέγχους
3221 2414 3549 2485 προσφέρειν
3586 2411 3682 2465 καί
3734 2412 3836 2465 τὸν

574 2499 878 2571 Marcellus,
920 2505 965 2562 si
1000 2515 1174 2562 tamen
1206 2509 1299 2575 qui
1342 2508 1736 2565 obveteraverit
1780 2526 1903 2568 cum
1934 2513 2146 2583 episco-

2239 2506 2334 2560 ἕνα
2380 2501 2516 2559 εἶναι
2558 2504 2691 2559 Θεὸν
2725 2505 3119 2565 ἀποδεικτικοῖς
3156 2502 3577 2565 κατασκευάζειν
3606 2500 3830 2568 λόγοις.

570 2605 701 2665 patu
756 2596 809 2652 in
848 2596 1088 2654 Ecclesia
1144 2600 1344 2656 Christi
1390 2602 1622 2656 nondum
1675 2602 1951 2671 didicerit,
1998 2606 2141 2674 quod

2240 2598 2569 2653 Μανθανέτω
2609 2598 2786 2651 τοίνυν
2835 2594 3171 2668 Μάρκελλος,
3221 2596 3270 2647 εἰ
3320 2594 3703 2665 καταγηράσας
3764 2595 3833 2647 ἐν

571 2686 813 2756 mysterii
864 2688 1010 2744 illius
1046 2689 1344 2745 absconditi
1384 2690 1773 2762 intelligentia,
1818 2703 2028 2751 vetusto
2063 2695 2138 2749 illi

2240 2689 2510 2760 ἐπισκοπῇ
2549 2688 2648 2758 τῆς
2699 2685 2936 2761 Χριστοῦ
2994 2685 3339 2756 Ἐκκλησίας,
3385 2684 3530 2738 οῦπω
3579 2683 3679 2737 καὶ
3716 2683 3831 2737 νῦν

569 2768 768 2845 populo
813 2792 919 2833 non
979 2780 1476 2836 eommunicabatur
1530 2782 1596 2838 de
1644 2782 1783 2839 Filio
1828 2783 1958 2849 Deo,
2007 2800 2137 2854 pro-

2242 2778 2581 2850 μεμὰθηκεν,
2609 2778 2690 2831 ὃτι
2719 2776 2796 2845 τῷ
2824 2774 3037 2846 παλαιῷ
3062 2776 3175 2846 λαῷ
3205 2778 3238 2847 ἡ
3268 2775 3361 2829 τοῦ
3388 2775 3831 2846 ἀποκεκρυμμέ-

570 2875 755 2933 pterea
796 2869 937 2936 quod
987 2870 1054 2923 ab
1097 2871 1397 2926 idololatria
1438 2872 1776 2941 impendebat
1826 2875 1895 2930 iis
1924 2877 2140 2945 pericu-

2238 2881 2330 2918 vou
2362 2864 2660 2937 μυστηρίου
2688 2867 2813 2938 περί
2839 2866 2933 2919 τοῦ
2963 2864 3093 2918 Υίοῦ
3123 2864 3216 2918 τοῦ
3237 2864 3372 2919 Θεοῦ
3394 2866 3593 2934 γνῶσις
3623 2865 3834 2918 κατάλ-

572 2958 681 3012 lum
705 2998 721 3024 ,
744 2968 799 3015 et
825 2960 964 3031 quod
995 2960 1245 3017 Ecclesia:
1277 2965 1643 3019 tantummodo
1671 2967 1983 3038 mysterium
2012 2968 2140 3024 illud

2239 2953 2396 3026 ληλος
2426 2955 2671 3027 οὐδαμῶς
2703 2952 2790 3038 ἦν,
2831 2955 3132 3029 ὀλισθηρῶς
3163 2956 3339 3028 ἔχοντι
3366 2957 3501 3029 πρὸς
3529 2957 3826 3011 εἰδωλολα-

570 3063 601 3101 a
635 3048 849 3115 saeculo,
888 3060 942 3104 et
988 3052 1420 3121 generationibus
1470 3054 1841 3110 absconditum
1890 3073 2138 3113 reserva-

2238 3048 2444 3120 τρείαν,
2472 3049 2565 3101 καὶ
2584 3049 2659 3112 ὼς
2682 3048 2820 3123 μόνῃ
2839 3052 2905 3121 τῇ
2924 3048 3088 3103 αὑτοῦ
3121 3050 3417 3122 Ἐκκλησία
3436 3051 3498 3103 τὸ
3516 3051 3826 3123 μυστήριον

570 3137 732 3191 hatur
758 3106 1104 3206 aperiendum
1133 3139 1201 3194 ab
1252 3140 1419 3209 ipsius
1450 3144 1643 3211 gratia.
1671 3141 1728 3196 In
1754 3160 1859 3213 quo
1884 3148 2138 3218 mysterio
2168 3203 2183 3218 Α

2239 3106 2299 3193 τδ
2328 3106 2820 3213 ἀποκεκρυμμένον.
2999 3142 3105 3196 τῶν
3144 3106 3529 3207 αἰώνωνίκαὶ.
3556 3106 3826 3197 ἁπὺιτῶν

572 3226 640 3280 de
677 3238 857 3283 saneta
893 3228 1156 3285 Trinitale
1185 3230 1343 3297 ratio,
1384 3232 1450 3286 de
1493 3230 1672 3299 Patre,
1708 3233 1866 3300 Filio,
1910 3245 1966 3291 et
2014 3236 2135 3305 Spi-
2165 3226 2185 3262 ‘

2210 3252 2211 3255 η
2240 3230 2459 3301 γενεῶν,
2484 3230 2572 3284 διὰ
2598 3234 2696 3303 τῆς
2728 3230 2891 3285 αὐτοῦ
2914 3231 3133 3304 χάριτος
3160 3232 3496 3304 ἐταμιεύετο.
3517 3234 3608 3287 Ἐν
3640 3227 3686 3301 ᾧ
3716 3252 3823 3304 μυ-

570 3316 678 3373 I'itu
705 3326 913 3385 sancto,
944 3320 1196 3375 nimirum
1226 3323 1803 3394 comprehendebatur.
1831 3326 1992 3397 Atqui
2027 3336 2133 3382 tam

2243 3322 2446 3393 στηρίῳ
2483 3325 2511 3377 ὁ
2539 3324 2667 3395 περὶ
2700 3324 2797 3395 τῆς
2824 3323 2980 3394 ἁγίας
3008 3324 3236 3398 Τριαδος
3266 3326 3478 3399 [ἰατρὸς
3519 3328 3617 3379 καὶ
3657 3327 3815 3389 Tia-3,

571 3407 741 3462 multa
787 3410 1004 3482 collegit
1053 3413 1105 3467 in
1154 3429 1353 3479 unum,
1399 3424 1530 3486 quot
1581 3415 1664 3472 vel
1712 3417 1779 3473 de
1829 3417 2132 3474 Judzcurutn

2241 3414 2334 3468 καὶ
2357 3414 2509 3484 ἁγίου
2535 3415 2846 3487 Πνεύματος
2875 3418 3177 3488 περιείχετο
3200 3417 3375 3485 λόγος.
3411 3419 3469 3471 Ὀ
3498 3418 3555 3471 δὲ
3576 3417 3807 3471 τοσαῦτα

570 3511 732 3569 gente
794 3502 1107 3559 circumcisa
1160 3504 1416 3576 magister
1470 3506 1523 3561 in
1574 3503 1799 3562 Judaica
1853 3507 2133 3581 Synagoga

2243 3504 2581 3574 συναγαγὼν,
2634 3507 2733 3559 ὅσα
2778 3506 2844 3560 ἂν
2892 3506 3036 3561 εἴποι
3086 3506 3181 3562 καὶ
3243 3507 3517 3562 Ἰουδαίων
3557 3508 3799 3561 διδάσκα-

566 3592 1041 3650 coucionabundus
1078 3607 1472 3666 coacervasset,
1514 3607 1569 3653 et
1612 3598 1871 3669 gloriatur
1911 3616 1972 3656 se
2020 3603 2134 3657 hare

2238 3593 2329 3659 λος
2346 3597 2472 3667 περὶ⁵
2504 3596 2602 3667 τῆς
2639 3597 2874 3668 ἐκτομῆς
2913 3598 3024 3668 (28)
3054 3597 3257 3669 ὁμιλῶν
3283 3599 3342 3651 ἐν
3395 3599 3660 3652 Ἰουδαίων
3684 3615 3802 3652 συν-

570 3682 773 3738 Cbristi
825 3685 1102 3755 discipulis
1154 3688 1449 3755 exhibere,
1529 3690 1655 3745 dum
1710 3693 1921 3764 ignorat
1990 3695 2134 3763 quod

2240 3688 2452 3757 αγωγῇ,
2505 3685 2827 3757 σεμνύνεται
2868 3691 2979 3752 τοῖς
3028 3689 3265 3760 Χριστοῦ
3319 3688 3591 3761 μαθηταῖς
3641 3689 3813 3743 ταῦτα

571 3771 741 3827 multa
780 3775 952 3829 adhuc
988 3776 1136 3845 plura
1168 3775 1383 3833 JUdIBIlS
1425 3781 1716 3836 secundum
1750 3796 1968 3836 carnem
2004 3798 2133 3853 pro-

2240 3778 2687 3849 προϐαλλόμενος·
2735 3780 2837 3834 οὐκ
2872 3779 3026 3845 εἰδὼς
3042 3784 3125 3836 ὅτι
3159 3782 3379 3837 πλείονα
3394 3782 3559 3837 αὑτοῦ
3577 3784 3724 3837 εἴποι
3749 3784 3816 3839 ἂν

575 3864 802 3919 tulisset.
845 3865 1044 3921 Horum
1095 3870 1266 3939 gratia
1306 3871 1394 3926 hic
1443 3872 1704 3927 insultat:
1739 3889 1843 3929 nou
1874 3890 2134 3931 verecun-

2238 3872 2266 3925 ὁ
2299 3873 2606 3944 σωματικὸς
2644 3873 3056 3939 Ἰουδαῖος.Ἔπὶ
3086 3876 3295 3939 τούτοις
3330 3876 3430 3947 μὲν
3480 3872 3575 3930 οὖν
3634 3878 3814 3949 αὐχεῖ,

568 3954 728 4009 datur
778 3968 956 4013 autem
984 3961 1124 4029 quod
1160 3961 1508 4032 theologicam
1543 3964 1880 4021 verissimam
1911 3966 1978 4022 de
2006 3967 2133 4023 Ser-

2239 3965 2350 4036 (29)
2384 3966 2480 4032 τὰς
2508 3967 2553 4020 δ’
2592 3965 2809 4039 ἀληθεῖς
2854 3969 2982 4040 περὶ
3016 3968 3110 4022 τοῦ
3157 3969 3406 4040 Σωτῆρος
3439 3970 3596 4041 ἡμῶν
3634 3970 3821 4025 θεολο-

567 4055 964 4105 νιιιοιε-λιιοεειο
995 4055 1254 4109 rationem
1286 4055 1565 4123 pervertit.

2237 4060 2361 4130 γίας
2387 4062 2725 4133 διαστρέφων
2756 4063 2855 4116 οὐκ
2887 4062 3300 4131 ἐγκαλύπτεται.

1109 4149 1167 4207 ›Ι‹
1198 4144 1348 4199 CAP.
1396 4145 1581 4201 XXIII.

1567 4183 1581 4198 .
2866 4152 3023 4207 ΚΕΦ,
3055 4154 3180 4207 K1".

764 4232 917 4300 Quod
953 4233 1191 4290 Ecclesia
1220 4253 1321 4291 nou
1355 4240 1604 4306 pradicet
1633 4241 1756 4295 deos
1785 4240 1939 4297 duos.
2344 4243 2377 4296 Ἴ

2344 4243 2465 4299 Ὅτι
2488 4244 2574 4315 μὴ
2604 4244 2713 4299 δύο
2744 4245 2923 4313 θεοὺς
2951 4247 2989 4315 ή
3037 4246 3373 4315 Ἐκκλησία
3401 4245 3689 4314 κηρύττει.

637 4324 882 4394 .nprimis
927 4342 1032 4382 non
1091 4327 1345 4400 intelligit
1392 4329 1592 4385 dictum
1646 4331 1807 4386 divini
1854 4332 2127 4402 Apostoli,

2306 4333 2514 4387 Αὐτίκα
2529 4334 2573 4387 δ’
2601 4330 2693 4387 οὖν
2713 4335 2773 4387 οὐ
2796 4333 3008 4406 συνίησι
3036 4333 3136 4397 τὰς
3157 4335 3341 4404 φωνὰς
3359 4332 3447 4388 τοῦ
3463 4332 3606 4386 θείω
3644 4332 3823 4389 Ἀπο-

565 4413 657 4482 qui
699 4413 1055 4472 diversimode
1096 4416 1251 4472 docet
1298 4432 1421 4473 esse
1460 4419 1605 4475 illum
1662 4420 1753 4476 Dei
1804 4422 2128 4493 imaginem,

2237 4425 2444 4488 στόλου,
2475 4426 2746 4498 διαφόρως
2776 4425 3101 4492 διδάξαντος,
3139 4427 3302 4485 αὐτὸν
3334 4423 3468 4481 εἶναι
3496 4425 3684 4480 εἰκόνα
3712 4428 3819 4482 τοῦ

567 4506 745 4562 verbis
778 4523 807 4562 a
833 4524 922 4620 me
962 4512 1249 4620 propositis
1275 4528 1291 4567 :
1320 4512 1461 4567 unde
1490 4529 1587 4584 par
1620 4513 1722 4570 fuit
1758 4526 1817 4571 ut
1862 4517 2130 4589 intellige-
2161 4563 2180 4620 Ι

2235 4516 2393 4583 Θεοῦ,
2429 4519 2495 4571 δι’
2528 4511 2603 4572 ὧν
2642 4517 2905 4589 ἐξεθέμην
2938 4518 3103 4573 αὐτοῦ
3136 4518 3335 4584 λέξεων
3356 4536 3370 4549 ·
3402 4516 3519 4571 δέον
3556 4516 3822 4571 ἐντεῦθεν

566 4602 670 4664 ret,
719 4598 860 4666 quod
905 4601 1141 4656 Ecclesia
1188 4603 1282 4658 Dei
1328 4620 1432 4658 non
1484 4607 1739 4675 prmdicat
1787 4608 1922 4664 duos
1974 4609 2125 4666 deos.
2161 4598 2179 4619 ³

2237 4611 2493 4674 συνεῖναι,
2521 4607 2597 4673 ὡς
2628 4609 2690 4662 ού
2714 4608 2809 4663 δύο
2843 4608 2997 4674 θεοὺς
3027 4611 3062 4683 ἡ
3098 4610 3394 4683 Ἐκκλησία
3422 4608 3515 4664 τοῦ
3546 4608 3686 4663 Θεοῦ
3711 4627 3824 4681 κη-

563 4685 698 4741 Nam
746 4704 844 4745 nec
873 4691 1007 4747 duos
1041 4694 1304 4762 ingenitus
1332 4696 1503 4752 credit
1532 4706 1625 4752 aut
1669 4698 2125 4770 imprincipiatos,

2237 4698 2439 4773 ρύττειο
2475 4700 2537 4753 οὐ
2564 4700 2672 4773 γὰρ
2713 4699 2805 4755 δύο
2845 4701 3134 4773 ἀγέννητα,
3177 4702 3299 4756 ούδέ
3335 4702 3431 4756 δύο
3450 4701 3685 4773 ἄναρχα,
3737 4702 3821 4766 ὡς

564 4786 626 4832 ιιι
657 4794 763 4833 non
790 4782 955 4837 semel
989 4784 1243 4851 diximus,
1273 4785 1367 4842 sed
1400 4803 1501 4843 nec
1532 4788 1667 4846 duas
1696 4792 2032 4848 substantias
2057 4809 2126 4850 ex

2232 4791 2492 4857 πολλάκις
2522 4794 2652 4866 ἡμῖν
2682 4794 2916 4865 εἴρηται,
2941 4793 3062 4848 ούδέ
3091 4794 3184 4848 δύο
3227 4793 3414 4858 οὐσίας
3443 4793 3503 4861 ἐξ
3538 4794 3819 4864 ἰσοτιμίας

561 4866 790 4925 adverso
826 4871 1161 4929 introductas
1205 4876 1409 4931 honore
1447 4892 1603 4947 pares
1645 4880 1840 4935 asserit
1882 4896 1898 4934 :
1945 4880 2126 4949 itaque

2230 4883 2801 4957 ἀντιπαρεξαγομένας
2845 4884 3102 4957 ἀλλήλαις
3136 4885 3247 4957 (30)
3287 4884 3516 4954 εἰσάγει·
3557 4882 3642 4938 διδ
3686 4884 3816 4940 οὐδὲ

562 4977 739 5032 neque
767 4963 899 5020 duos
925 4963 1073 5032 deos,
1123 4967 1216 5021 sed
1248 4968 1465 5023 unicum
1506 4969 1829 5040 principium
1861 4978 1917 5026 et
1953 4970 2119 5026 Deum

2226 4974 2321 5031 δύο
2349 4976 2535 5042 θεοὺς,
2563 4976 2699 5031 ἀλλὰ
2727 4976 2854 5048 μίαν
2875 4977 3050 5051 ἀρχὴν
3068 4977 3162 5032 καὶ
3181 4976 3314 5031 Θεὸν
3339 4974 3501 5041 εἶναι,
3531 4974 3625 5029 τὸν
3645 4975 3816 5029 αὑτὸν

561 5052 820 5116 praedicat
859 5070 977 5109 esse
1013 5057 1222 5112 Patrem
1266 5058 1474 5114 scilicet
1516 5060 1773 5129 unigeniti
1830 5071 1887 5117 et
1940 5062 2137 5125 dilecti.

2229 5068 2447 5141 Πατέρα
2473 5068 2794 5124 διδάσκουσα
2825 5067 2964 5126 εἶναι
2984 5070 3079 5125 τοῦ
3117 5069 3434 5141 μονογενοῦς
3460 5069 3557 5124 καὶ
3584 5069 3814 5139 ἀγαπη-

561 5142 717 5209 Filii,
745 5159 905 5199 unam
942 5162 1155 5217 quoque
1193 5149 1480 5218 imaginem
1523 5150 1810 5208 invisibilis
1841 5151 1959 5220 Dei,
2006 5171 2126 5225 qua:

2227 5158 2323 5213 τοῦ
2354 5159 2507 5227 Υἰοῦ,
2537 5160 2797 5225 ὡσαύτως
2825 5161 2883 5215 δὲ
2916 5162 3012 5214 καὶ
3058 5161 3186 5234 μίαν
3214 5161 3399 5215 εἰκόνα
3420 5158 3516 5214 τοῦ
3546 5158 3685 5213 Θεοῦ
3715 5157 3808 5213 τοῦ

625 5332 684 5392 ᾖ(
721 5328 817 5385 Ed.
845 5329 1044 5399 Paris.,
1079 5346 1203 5405 pag.
1238 5333 1362 5400 140,
1401 5334 1523 5391 141.
1636 5338 1681 5371 ⁸⁸
1720 5338 1883 5399 Joau.
1913 5356 2057 5410 xvu,
2099 5344 2155 5403 3.
2228 5347 2238 5378 ‘

1835 5354 1883 5399 [ι.
1913 5356 2057 5410 xvu,
2099 5344 2155 5403 5.
2228 5347 2274 5379 ⁸⁸
2314 5345 2413 5403 lsa.
2441 5364 2566 5416 XLV,
2594 5348 2683 5419 IL,
2712 5350 2797 5415 I8,
2830 5349 2917 5416 I9,
2945 5349 3039 5406 21.
3114 5348 3161 5381 “
3199 5347 3332 5406 ibid.
3354 5347 3448 5405 20.

633 5509 1157 5599 ςὲἒὶὶῖηεεοείιιήο.
1339 5594 1350 5599 _
1556 5589 1651 5599 ..
1869 5590 1884 5599 .
2227 5539 2246 5581 ε

2227 5535 2312 5599 est
2350 5527 2609 5599 ἑκτομῆς,
2638 5527 2707 5583 de
2754 5526 3052 5599 excisione,
3094 5533 3151 5581 et
3201 5524 3570 5599 eradicatione
3623 5525 3816 5595 gentis

633 5532 746 5579 r20)
783 5532 944 5583 vuth
975 5532 1022 5567 ει
1083 5532 1137 5586 η.
2227 5542 2239 5580 t

777 5532 1356 5673 ‘ll‘IﬁO‘X‘aglfép‘tqfl
1386 5601 1532 5673 m‘ox,
1554 5589 1908 5673 énﬁyaysv'é.
2042 5661 2053 5673 _
2227 5614 2239 5650 :

2227 5535 2312 5582 est
2350 5532 2609 5599 ἑκτομῆς,
2638 5532 2707 5583 de
2754 5532 3052 5590 excisione,
3094 5533 3151 5581 et
3201 5532 3520 5581 eradicatior

1907 5635 1908 5640 η
2042 5661 2053 5673 ο
2227 5597 2629 5673 abidoiolatria
2654 5596 3038 5673 ;_statim,_xal.
3070 5595 3409 5669 σεμνύνεται.
3449 5594 3520 5651 Μ.

633 5651 748 5737 (28)
784 5652 923 5737 ῃερζ
948 5654 1055 5737 τῆς
1091 5651 1368 5737 ἐκτομῆς.
1402 5651 1527 5737 Non
1557 5651 2121 5737 est"de'_ci_rcumcisa

1337 5677 1368 5720 τ.
1402 5651 1527 5737 Non
1557 5651 2121 5737 est"de'_ci_rcumcisa
2277 5651 2411 5737 7(279)
2442 5651 2628 5737 Vulgo
2640 5651 2741 5737 μὲν
2773 5651 2950 5737 αὐχεῖ.

633 5670 748 5719 μοι
784 5670 923 5719 ιιερι
948 5670 1055 5720 της
1092 5670 1368 5723 εκτομης.
1402 5670 1518 5712 non
1557 5670 1645 5715 est
1689 5670 1756 5717 de
1799 5670 2121 5718 circumcisa

568 5731 727 5810 gente
751 5723 1270 5810 _malgister,i_utiiu
1310 5727 1581 5809 versione,
1631 5730 1787 5810 quasi
1841 5731 2120 5810 legendum

1290 5675 1368 5723 ης.
1402 5670 1518 5739 non
1557 5670 1645 5715 est
1689 5670 2121 5743 depircumcisa
2296 5670 2412 5810 (29;
2442 5670 2611 5737 Vulgo
2636 5670 2741 5791 μὲν
2773 5670 2903 5749 αῠχε

1310 5740 1581 5809 versuone,
1631 5746 1787 5810 quasi
1841 5731 2120 5810 legendum
2300 5738 2391 5809 (50
2445 5737 2614 5810 Vulgo
2672 5736 2903 5809 λλήωις.

567 5789 713 5851 esset
749 5789 896 5859 παρὰ
926 5799 1017 5844 aut
1039 5791 1145 5843 ἀπὸ
1174 5791 1273 5861 τῆς
1303 5789 1620 5867 περιτομῆς.
1650 5789 1756 5856 Sed
1788 5789 1937 5859 rectus
1966 5803 2123 5859 lectio
