4086 6202
280 227 388 285 96!

1234 218 1321 274 DE
1360 218 1890 278 ECCLESIASTICA
1932 221 2324 280 TIIEOLOGIA
2375 223 2505 281 LIB.
2544 222 2602 283 ll.

3426 226 3534 286 963

277 346 546 420 ἀοράτου,
590 343 693 416 τὴν
733 340 907 413 αὐτὴν
955 332 1121 393 οὖσαν
1161 337 1239 410 τῷ
1281 342 1558 411 μονογενεῖ
1603 340 1696 393 καὶ
1742 341 1874 409 ἀγα-

1978 342 2163 405 eadem
2206 344 2277 399 sit
2320 358 2441 399 cum
2479 342 2757 417 unigenito
2798 351 2855 399 et
2884 342 3080 399 dilecto
3119 342 3295 399 Filio:
3324 343 3535 404 etiamsi

283 437 450 509 πητῷ
466 434 582 506 Υἱῷ
604 433 790 501 αὑτοῦ,
816 432 919 485 κᾶν
934 431 1067 504 λέγῃ
1085 429 1141 481 δὲ
1169 432 1197 483 6
1232 429 1572 496 ’Λπόστολος,
1607 430 1869 500 θεολογῶν

275 530 382 584 ἐὸν
408 528 649 599 Πατέρα·
685 526 747 579 '0
771 522 1062 594 μακάριος
1086 521 1184 575 καὶ
1213 522 1402 591 μόνος
1423 521 1749 590 δυνάστης,
1778 524 1870 578 καὶ

285 620 475 674 πάλιν·
497 620 550 672 Ὀ
552 619 745 687 μόνος
759 613 1287 685 έχων-ἀθανασίαν,
1303 612 1428 682 φῶς
1449 612 1628 667 οἰκῶν
1651 614 1873 683 ἀπρόσ-

289 727 454 773 ιτον,
513 710 607 762 καὶ
652 702 825 767 αὖθις·
879 702 967 769 Τῷ
1019 701 1089 756 δὲ
1147 703 1400 768 ,ϐασιλεῖ
1450 702 1570 758 τῶν
1618 704 1866 769 αἰώνων,

285 803 588 873 ἀφθάρτῳ,
628 796 876 868 ἀοράτῳ,
916 798 1087 867 μόνῳ
1141 794 1281 863 Θεῷ,
1332 795 1425 850 καὶ
1467 796 1646 852 πάλιν·
1694 801 1871 865 Μόνῳ

288 894 464 963 σοφῷ
507 891 627 957 Θεῴ
666 889 763 943 διὰ
807 886 1005 957 Ἰησοῦ
1048 886 1308 955 Χριστοῦ
1343 888 1381 956 ἠ
1416 887 1565 953 δόξα
1604 891 1690 956 εἰς
1729 888 1870 955 τοὺς

279 984 528 1049 αἰῶνας,
562 981 742 1052 ἀμήν.
773 978 893 1033 Κᾶν
918 977 1120 1031 τούτων
1161 977 1239 1031 ἔτι
1272 978 1490 1033 πλείονα
1533 979 1741 1048 λέγοιτο
1790 981 1870 1044 εἰς

290 1076 594 1144 δοξολογίαν
626 1073 722 1126 τοῦ
748 1070 867 1135 ἑνὸς
897 1072 992 1125 καὶ
1018 1070 1113 1123 ἐπὶ
1140 1070 1355 1124 πάντων
1380 1070 1514 1125 Θεοῦ
1544 1072 1637 1126 καὶ
1665 1072 1869 1126 τούτων

295 1170 543 1223 ἁπάντων
571 1164 680 1237 χρὴ
712 1167 851 1220 νοεῖν
882 1162 1069 1218 εἰκόνα
1116 1160 1254 1219 εἶναι
1294 1164 1386 1217 τὸν
1438 1165 1699 1236 μονογενῆ
1742 1164 1868 1220 Υἰὸν

292 1262 385 1319 τοῦ
428 1259 563 1313 Θεοῦ
595 1260 695 1329 οὐχ
724 1258 802 1321 ὠς
835 1257 1029 1328 ἀψύχῳ
1066 1257 1188 1331 ὕλῃ,
1218 1256 1331 1311 ἀλλ’
1365 1256 1442 1320 ὼς
1473 1260 1531 1311 ὲν
1566 1256 1679 1327 Υἱῷ
1708 1256 1869 1320 ζῶντι

295 1346 757 1422 μεμορφωμὲνηνο
789 1345 891 1399 κᾶν
924 1347 1086 1410 αὐτὸς
1114 1349 1142 1400 6
1190 1345 1380 1418 Σωτὴρ
1424 1347 1585 1417 μόνον
1613 1346 1868 1417 ἀληθινὸν

288 1441 423 1496 Θεὸν
469 1440 701 1513 διδάσκῃ
743 1434 882 1493 εἶναι
927 1439 1020 1493 τὸν
1046 1439 1266 1511 Πατέρα
1298 1438 1496 1507 λέγων,
1532 1440 1659 1493 Ἵνα
1700 1440 1897 1510 γινώ-’

288 1534 489 1589 σκωσί
534 1547 609 1587 σε
651 1532 759 1586 τὸν
812 1534 1005 1603 μόνον
1053 1532 1345 1601 ἀληθινὸν
1391 1531 1559 1597 Θεὸν,
1607 1532 1720 1587 ἀλλ’
1768 1535 1869 1588 οὐκ

294 1626 633 1697 ἀποκνητέον
661 1626 754 1679 καὶ
790 1625 949 1679 αὐτὸν
994 1624 1125 1678 Θεὸν
1168 1624 1417 1695 ἀληθινὸν
1458 1624 1759 1696 ὁμολογεῖν,
1792 1626 1869 1689 ὡς

290 1720 352 1772 ἐν
384 1719 575 1783 εἰκόνι,
618 1717 714 1771 καὶ
757 1716 912 1771 τοῦτο
955 1716 1310 1789 κεκτημένον·
1357 1717 1444 1770 ἴνα
1484 1719 1519 1788 ἡ
1564 1716 1659 1770 τοῦ
1705 1716 1867 1788 μόνου

296 1810 581 1884 προσθήκη
616 1809 759 1880 μόνῳ
790 1808 866 1879 τῷ
888 1809 1082 1880 Πατρὶ,
1109 1808 1185 1872 ὼς
1214 1808 1280 1863 ἂν
1311 1807 1422 1879 (31)
1455 1808 1745 1879 ἀρχετύπῳ
1772 1810 1869 1880 τῆς

296 1902 524 1966 εἰκόνος,
570 1899 801 1971 άρμόζῃ.
842 1899 1162 1968 Σαφέστατα
1194 1897 1325 1966 γοῦν
1353 1897 1538 1951 εἰκόνα
1577 1898 1670 1951 καὶ
1695 1900 1871 1952 ἀπαύ-

292 2008 488 2063 γασμα
511 1990 603 2045 τοῦ
628 1991 836 2061 [ἰατρὸς
860 1992 919 2043 ἐν
947 1992 1127 2062 μορφῇ
1151 2006 1212 2043 τε
1241 1989 1336 2043 τοῦ
1362 1988 1498 2042 Θεοῦ
1531 1985 1675 2043 εἶναι
1707 1991 1870 2045 αὑτὸν

298 2086 329 2137 6
371 2082 649 2146 θεσπέσιος
683 2079 886 2145 ἐδίδαξε
920 2081 1152 2147 Παῦλος,
1190 2080 1267 2145 ὡς
1295 2081 1382 2135 διὰ
1425 2080 1533 2134 τῶν
1563 2080 1871 2152 ἔμπροσθεν

298 2170 665 2225 ἀποδέδεικται
699 2186 711 2200 ·
785 2167 976 2243 ὥσπερ
1037 2166 1129 2223 οὖν
1206 2169 1327 2234 ἐνὸς
1387 2168 1697 2239 ὑφεστῶτος
1762 2172 1874 2224 lla-‘-

296 2261 443 2332 τρὸς,
491 2260 582 2314 καὶ
645 2259 765 2325 ἐνὸς
828 2259 958 2314 Υἱοῦ
1015 2259 1211 2330 φύντος
1244 2263 1309 2314 ὲκ
1359 2259 1453 2314 τοῦ
1500 2260 1711 2333 Πατρδς
1772 2262 1872 2316 οὐκ

294 2354 361 2408 ἄν
406 2370 491 2417 τις
528 2351 803 2425 εύφρονῶν
847 2351 991 2405 εἴποι
1020 2352 1114 2406 δύο
1154 2353 1397 2425 πατέρας
1438 2353 1724 2425 ὑπάρχειν,
1750 2354 1871 2409 οὐδὲ

287 2440 444 2508 ὐἱοὺς
480 2444 597 2500 δύο.
642 2444 752 2497 Καὶ
797 2443 989 2515 ὥσπερ
1048 2444 1312 2515 βασιλέως
1359 2446 1690 2517 κρατοῦντος
1733 2447 1869 2513 ἑνὸς,

294 2536 502 2599 εἰκόνος
532 2536 589 2589 δὲ
616 2536 780 2591 αὐτοῦ
831 2534 1109 2605 πανταχοῦ
1144 2537 1247 2607 γῆς
1291 2537 1706 2609 προφερομένης
1734 2538 1870 2609 (δε),

296 2627 397 2679 οὐκ
444 2626 508 2681 ἄν
552 2644 637 2691 τις
681 2626 974 2699 σωφρονῶν
1021 2627 1113 2680 δύο
1157 2628 1298 2681 εἴποι
1344 2628 1470 2693 τοὺς
1517 2627 1870 2699 κρατοῦντας,

296 2716 413 2770 ἁλλ’
439 2717 534 2771 ἒνα
561 2718 650 2771 τὸν
674 2720 769 2771 καὶ
787 2718 873 2771 διὰ
894 2720 995 2789 τῆς
1024 2719 1231 2783 εἰκόνος
1257 2718 1584 2790 τιμώμενον·
1611 2720 1751 2773 κατὰ
1782 2719 1873 2773 τὸν

299 2809 467 2862 αὑτὸν
480 2809 785 2880 τρόπον,ὼς
801 2810 893 2863 καὶ
912 2809 1171 2874 πολλάκις
1196 2810 1328 2881 ἡμῖν
1341 2809 1577 2882 εἴρηται,
1594 2811 1689 2864 καὶ
1704 2812 1737 2881 ἡ
1754 2811 1875 2863 Ἐκ-

300 2899 503 2970 κλησία
534 2899 627 2952 τοῦ
669 2899 802 2953 Θεοῦ
836 2901 930 2955 ἕνα
963 2900 1353 2972 παραλαϐοῦσα
1391 2900 1524 2955 Θεὸν
1570 2900 1747 2956 σέϐειν
1782 2902 1873 2955 τὸν

1972 434 2113 489 dicat
2156 435 2475 506 Apostolus,
2517 436 2776 491 deiﬁcans
2825 437 3073 505 Patrem,
3123 437 3227 504 Qui
3268 437 3449 493 beatus
3488 450 3538 495 et

1971 531 2114 586 solus
2152 542 2331 601 potens
2365 543 2438 587 est
2465 534 2530 586 ⁸⁸.
2563 533 2631 587 Ει
2678 548 2890 599 rursus,
2934 532 3034 599 Qui
3066 534 3210 587 solus
3241 533 3389 587 habet
3438 534 3541 588 im-

1969 622 2363 690 mortalitatem,
2394 625 2560 679 lucem
2600 625 2841 679 habitam
2890 620 3206 680 inaccessom
3231 626 3296 681 “.
3331 625 3398 681 Et
3440 628 3543 683 ite-

1972 729 2113 780 rum,
2158 713 2285 785 Regi
2315 726 2487 770 autem
2521 718 2857 781 swculorum,
2897 716 3316 785 incorruptibili,
3352 719 3540 774 invisi-

1972 803 2082 868 bili,
2126 804 2225 858 soli
2264 804 2367 858 Deo
2395 805 2459 859 ν.
2492 804 2555 859 Ει
2593 808 2809 870 iterum,
2855 804 2971 861 Soli
3014 808 3238 876 sapienti
3276 806 3403 871 Deo,
3441 824 3539 877 per

1970 894 2149 950 Jesum
2199 895 2465 951 Christum
2505 898 2574 951 sit
2622 898 2790 968 gloria
2837 898 2895 951 in
2942 898 3137 953 saecula
3188 898 3537 966 saeculorum,

1970 988 2133 1042 Amen
2168 988 2233 1043 “.
2289 987 2449 1042 Plura
2508 989 2683 1042 adhuc
2736 1003 2859 1043 cum
2916 997 3164 1058 poterant
3216 988 3433 1058 allegari
3482 989 3536 1044 in

1969 1079 2146 1135 Patris
2187 1080 2525 1151 doxnIOgiam
2553 1122 2568 1147 ,
2610 1082 2700 1151 qui
2736 1096 2873 1137 unus
2903 1090 3017 1146 est,
3064 1091 3118 1137 et
3164 1097 3324 1152 super
3355 1084 3535 1137 omnia

1972 1169 2144 1236 Dens,
2174 1187 2403 1242 quorum
2449 1175 2688 1227 omnium
2734 1187 2885 1227 mens
2925 1181 3041 1237 est,
3084 1181 3141 1227 ut
3176 1172 3538 1243 intelligamus

1968 1260 2164 1317 Filium
2217 1265 2551 1334 unigenitum
2602 1265 2692 1320 Dei
2744 1280 2866 1320 esse
2912 1264 3197 1335 imaginem
3248 1279 3352 1318 non
3393 1266 3537 1321 utin

1969 1354 2189 1408 materia
2227 1353 2471 1420 inanimi,
2511 1355 2605 1409 sed
2637 1364 2691 1409 ut
2725 1357 2778 1408 in
2818 1353 2954 1408 Filio
2985 1354 3107 1408 vivo
3149 1354 3535 1418 assimilatam;

1969 1445 2097 1515 quin
2139 1454 2192 1499 et
2233 1445 2347 1514 ipse
2379 1444 2635 1500 Servator
2672 1461 2793 1501 cum
2826 1447 2992 1501 Deum
3035 1462 3197 1500 unum
3239 1448 3411 1502 solum
3452 1462 3541 1501 ve-

1970 1549 2085 1587 rum
2118 1548 2237 1588 esse
2272 1534 2482 1599 doceat,
2530 1533 2799 1603 inquiens,
2839 1532 2907 1588 Ut
2950 1545 3259 1602 cognoscant
3294 1547 3342 1588 te
3379 1551 3541 1589 unum

1967 1625 2133 1679 solum
2161 1643 2337 1681 verum
2372 1630 2537 1681 Deum
2561 1627 2645 1694 ";
2681 1627 2775 1682 sed
2805 1642 2908 1681 non
2943 1638 3121 1682 tamen
3146 1643 3455 1697 gravemur,
3486 1638 3541 1683 et

1973 1734 2153 1773 verum
2185 1718 2348 1773 Deum
2377 1717 2646 1783 conﬁteri,
2675 1728 2731 1773 et
2759 1718 2954 1773 Filium
3001 1717 3162 1771 veluti
3206 1717 3257 1771 in
3306 1718 3540 1788 imagine

1973 1810 2343 1877 resultantem,
2392 1822 2454 1864 ut
2516 1811 2720 1865 additio
2768 1809 2859 1865 illa
2907 1810 3076 1875 solus,
3119 1809 3218 1864 soli
3260 1808 3404 1863 Patri
3443 1811 3541 1862 ad-

1971 1908 2200 1969 aptetur,
2221 1908 2407 1969 utpote
2420 1900 2510 1968 qui
2536 1898 2787 1968 imaginis
2811 1898 2881 1953 sit
2901 1898 3253 1967 arcltetypon.
3274 1895 3537 1963 Quocirca

1969 1991 2269 2046 clarissime
2293 1990 2527 2045 ostendit
2559 1990 2773 2044 divinus
2804 1988 3025 2055 Paulus,
3055 1989 3227 2059 ipsum
3255 2002 3373 2043 esse
3402 1987 3540 2041 ima-

1969 2085 2146 2154 ginem
2184 2081 2507 2147 ellluentem,
2556 2082 2727 2138 lucem
2773 2082 2982 2147 Patris,
3026 2091 3081 2137 et
3125 2084 3176 2135 in
3218 2081 3389 2135 forma
3444 2080 3539 2135 Ι)ιί

1969 2175 2277 2241 exstitisse;
2310 2175 2450 2245 quod
2488 2175 2543 2229 in
2574 2174 2942 2245 superioribus
2970 2172 3204 2243 positum
3250 2182 3334 2227 est
3372 2188 3400 2225 a
3442 2187 3543 2225 no-

1971 2269 2055 2323 bis
2092 2286 2108 2325 :
2152 2268 2319 2323 veluti
2363 2267 2530 2338 igitur
2571 2283 2694 2323 cum
2746 2280 2885 2321 unus
2954 2266 3217 2321 subsistat
3262 2263 3443 2332 Pater,
3487 2272 3543 2318 et

1971 2380 2109 2419 unus
2137 2366 2200 2419 de
2229 2363 2389 2418 Patre
2418 2363 2485 2419 sit
2514 2373 2666 2417 ortus
2692 2360 2884 2424 Filius,
2922 2372 3080 2414 nemo
3127 2358 3367 2429 prudens
3394 2355 3540 2411 δωτ-

1971 2456 2198 2512 moverit
2225 2454 2360 2510 duos
2393 2462 2597 2524 patres,
2635 2461 2729 2506 aut
2771 2451 2910 2505 filios
2951 2451 3116 2515 duos;
3143 2458 3198 2505 et
3237 2448 3400 2504 veluti
3450 2446 3542 2502 ubi

1971 2563 2069 2604 rex
2094 2561 2230 2602 unus
2264 2555 2349 2600 est
2383 2560 2505 2599 eum
2536 2542 2781 2613 imperio,
2811 2541 2968 2611 cujus
3006 2542 3180 2610 imago
3211 2540 3407 2609 ubique
3435 2548 3544 2593 ter-

1972 2657 2156 2697 rarum
2198 2640 2490 2702 deferatur,
2538 2650 2693 2690 nemo
2735 2634 2972 2704 prudens
3002 2633 3136 2687 duos
3182 2629 3379 2685 dixerit
3421 2643 3543 2684 esse

1974 2747 2164 2802 reges:
2194 2730 2285 2785 sed
2318 2743 2480 2784 unum
2525 2726 2614 2796 qui
2655 2740 2752 2796 per
2780 2734 2834 2780 et
2879 2724 2930 2778 in
2963 2723 3198 2793 imagine
3236 2737 3332 2777 sna
3371 2721 3542 2775 bono-

1972 2835 2143 2878 ratur.
2170 2820 2370 2877 Eodem
2404 2821 2562 2873 modo
2591 2828 2647 2872 ut
2683 2818 2796 2888 jam
2840 2814 3046 2886 pluries
3078 2814 3280 2868 dictum
3309 2823 3412 2877 est,
3442 2812 3544 2866 Ee-

1973 2913 2135 2968 clesia
2159 2912 2275 2977 Dei,
2300 2927 2419 2980 quae
2447 2910 2655 2980 accepit
2688 2909 2846 2963 unius
2862 2912 2919 2970 vlt
2938 2906 3274 2972 Deicultum,
3295 2904 3540 2959 eumdem

302 2993 489 3056 αὑτὸν,
524 2992 616 3045 καὶ
653 2992 738 3046 διὰ
770 2992 862 3046 τοῦ
894 2992 1044 3058 Υἰοῦ,
1102 2993 1177 3057 ὡς
1231 2993 1320 3046 διὰ
1363 2991 1504 3065 [τοῦ]
1536 2993 1643 3063 (55)
1668 2993 1872 3055 εἰκόνος

1977 3004 2140 3059 Deum
2186 3019 2283 3075 per
2314 3002 2509 3057 Filium
2554 3000 2839 3072 imaginem
2880 3013 3032 3053 suam
3074 2996 3281 3051 scilicet
3315 2996 3543 3051 adorare

307 3083 459 3155 μένει
489 3083 884 3154 προσκυνοῦσα.
916 3084 986 3137 *Α
1012 3084 1076 3155 δὴ
1105 3084 1197 3139 καὶ
1224 3085 1298 3157 μὴ
1326 3086 1504 3148 συνεὶς
1531 3084 1865 3156 Μάρκελλος,

302 3177 406 3250 τὴν
449 3176 629 3229 εἰκόνα
670 3174 763 3229 τοῦ
802 3174 934 3229 Θεοῦ
980 3176 1076 3230 τοῦ
1104 3177 1333 3247 ἀοράτου
1366 3175 1464 3247 τὴν
1502 3174 1702 3244 σάρκα
1732 3171 1870 3230 εἶναι

303 3268 401 3323 τοῦ
446 3269 693 3340 Σωτῆρος
732 3269 1067 3342 ἀπεφήνατο,
1100 3271 1166 3341 ἢν
1207 3271 1236 3324 6
1287 3269 1605 3334 ’Λπόστολος
1628 3267 1872 3339 μορφὴν

302 3360 459 3435 [tofi]
507 3361 729 3416 δούλου
784 3361 1069 3433 κέκληκεν·
1123 3363 1184 3415 οὐ
1228 3362 1601 3434 λογισάμενος,
1646 3362 1727 3415 ὅτι
1778 3359 1873 3414 καὶ

300 3456 501 3517 πάντες
526 3453 819 3526 ἄνθρωποι,
850 3455 988 3508 κατὰ
1010 3454 1105 3526 τὴν
1129 3454 1327 3525 σάρκα,
1350 3454 1442 3507 τοῦ
1470 3452 1721 3522 Σωτῆρος
1747 3467 1875 3519 τυγ-

299 3547 522 3617 χάνουσι
551 3546 991 3617 μεμορφωμένοι.
1027 3546 1137 3599 Καὶ
1172 3545 1234 3598 τὸ
1269 3546 1365 3617 μὲν
1396 3545 1555 3615 σῶμα
1597 3543 1625 3597 ὃ
1660 3542 1874 3612 ἀνείλη-

305 3652 404 3705 φεν
434 3637 462 3687 6
484 3636 693 3708 Σωτὴρ,
724 3635 825 3707 τῆς
852 3636 1147 3707 ἁγεννήτου
1171 3635 1266 3688 καὶ
1295 3636 1536 3707 ἀρρήτου
1563 3635 1657 3687 καὶ⁵
1682 3649 1877 3704 πατρι-

302 3727 411 3797 κῆς
442 3725 687 3797 θεότητος
722 3727 903 3781 εἰκόνα
936 3724 1072 3780 εἶναι
1105 3727 1513 3799 διῖσχυρίζεταιο
1547 3727 1639 3779 τὸν
1665 3725 1723 3779 δὲ
1748 3724 1874 3777 Υἱὸν

303 3820 401 3873 τοῦ
456 3820 587 3874 Θεοῦ
628 3821 719 3875 τὸν
768 3820 1050 3891 μονογενῆ,
1101 3818 1167 3873 δι’
1213 3813 1273 3873 οὗ
1314 3818 1385 3872 τὰ
1429 3818 1608 3873 πάντα
1646 3817 1873 3888 συνέστη

304 3914 544 3983 (narra
572 3910 682 3982 γὰρ
719 3912 793 3965 δι’
831 3910 1017 3965 αὐτοῦ
1050 3910 1307 3979 ἐγένετο,
1340 3909 1437 3963 καὶ
1478 3909 1659 3978 χωρὶς
1691 3909 1877 3963 αὐτοῦ

305 4004 533 4075 ἐγένετο
563 4003 705 4058 οὐδὲ
726 4003 833 4074 ἓν),
857 4005 1097 4075 ἀρνεῖται
1123 3999 1466 4056 εἷναινείκόνα
1494 4001 1589 4054 τοῦ
1614 4000 1749 4054 Θεοῦ
1784 4001 1879 4056 αύ-

306 4082 425 4162 ιταῖς
460 4096 746 4160 συλλαϐαῖς
782 4095 975 4165 λέγων,
1025 4114 1044 4149 ι
1092 4094 1302 4149 Οὐκοῦν
1334 4094 1619 4166 πρόδηλον,
1660 4094 1742 4147 ότι
1774 4093 1879 4166 πρὸ

315 4209 334 4243 ι
372 4190 468 4262 τῆς
513 4188 606 4243 τοῦ
658 4188 923 4260 ἡμετέρου
970 4187 1220 4260 σώματος
1263 4168 1606 4258 ἀναλήψεως,
1654 4187 1683 4240 6
1706 4185 1879 4256 Λόγος

316 4301 335 4335 ι
373 4282 496 4338 καθ’
549 4281 738 4336 ἑαυτὸν
788 4282 886 4334 οὐκ
931 4276 1000 4353 ἦν
1044 4278 1206 4333 εἰκὼν
1240 4279 1335 4333 τοῦ
1374 4280 1603 4350 ἀοράτου
1646 4277 1802 4334 Θεοῦ.
1854 4296 1873 4330 ι

1972 3103 2297 3168 perseverat.
2341 3091 2494 3158 Quod
2522 3106 2645 3146 cum
2690 3088 2971 3144 Marcellus
3002 3087 3305 3155 ignoraret,
3349 3084 3540 3153 imagi-

1972 3202 2095 3242 nem
2131 3185 2274 3241 illam
2307 3182 2397 3239 Dei
2432 3182 2715 3237 invisibilis
2743 3180 2878 3234 dixit
2920 3194 3042 3233 esse
3081 3192 3294 3231 carnem
3336 3173 3536 3229 Serva-

1974 3279 2126 3343 toris,
2154 3292 2312 3347 quam
2346 3273 2634 3345 Apostolus
2672 3273 2804 3327 serui
2853 3271 3080 3341 formam
3104 3268 3148 3298 "
3197 3266 3537 3321 nominavit:

1973 3369 2195 3425 minime
2231 3366 2537 3434 recogitans
2582 3365 2724 3434 quod
2764 3359 3057 3416 secundum
3091 3373 3309 3412 carnem
3350 3359 3547 3411 Serva-

1975 3460 2107 3516 toris
2132 3458 2376 3512 homines
2401 3453 2598 3524 singuli
2636 3452 2923 3521 imaginem
2956 3448 3379 3515 circumgestent
3405 3446 3542 3515 ejus.

1974 3553 2177 3620 Corpus
2223 3549 2403 3617 itaque
2453 3546 2594 3616 quod
2644 3542 2934 3611 assumpsit
2978 3539 3252 3601 Servatur,
3304 3536 3395 3590 ille
3425 3552 3547 3592 esse

1977 3644 2258 3716 ingenitas,
2307 3638 2630 3703 inellabilis,
2679 3644 2917 3707 paterna:
2982 3631 3205 3686 deitatis
3254 3628 3544 3699 imaginem

1976 3743 2249 3791 asseverat
2289 3750 2304 3787 :
2350 3730 2545 3787 Filium
2591 3740 2772 3783 autem
2822 3726 3193 3795 unigenitum,
3240 3736 3337 3791 per
3384 3734 3545 3789 quem

1976 3827 2155 3882 omnia
2186 3826 2504 3888 subsistunt,
2535 3821 2673 3876 Nam
2700 3819 2876 3875 omnia
2903 3833 2995 3887 per
3024 3815 3170 3869 illum
3204 3813 3347 3883 [acta
3375 3820 3498 3866 sunt
3525 3850 3543 3876 ,

1975 3929 2023 3972 et
2049 3917 2159 3972 sine
2186 3916 2277 3970 illo
2310 3919 2507 3985 [actum
2536 3921 2613 3968 est
2644 3908 2777 3965 nihil
2801 3909 2844 3940 '“
2867 3946 2885 3974 ,
2917 3912 3077 3977 negat
3108 3904 3396 3974 imaginem
3426 3917 3546 3957 esse

1979 4009 2111 4075 Dei,
2156 4008 2376 4064 totidem
2432 4007 2613 4060 verbis
2668 4003 2952 4059 scribens:
2994 4018 3013 4052 ι
3042 3998 3304 4066 Quocirca
3362 4006 3545 4065 patet,

1984 4122 2003 4155 ι
2048 4103 2189 4171 quod
2235 4110 2360 4156 ante
2400 4108 2735 4168 assumptum
2766 4110 2961 4163 corpus
2994 4102 3270 4154 nostrum,
3313 4088 3547 4143 Verbum

1986 4212 2006 4247 ι
2051 4210 2146 4264 per
2182 4207 2242 4249 se
2284 4207 2388 4248 non
2439 4199 2557 4245 erat
2607 4188 2782 4258 imago
2828 4186 3027 4241 Patris.
3054 4202 3073 4237 ι
3133 4180 3340 4238 Videsis
3384 4195 3545 4249 quant

1979 4295 2253 4359 pervertat
2326 4281 2729 4351 interpretando
2785 4276 3026 4348 Apostoli
3104 4284 3373 4336 mentem,
3420 4287 3544 4326 eum

320 4375 483 4448 Ὁρᾷς
515 4375 615 4446 ὅσῃ
646 4374 939 4445 διαστροφῇ
971 4372 1231 4444 κέχρηται
1259 4372 1356 4443 τῆς
1385 4370 1743 4443 άποστολικῆς
1786 4373 1874 4446 έρ-

1984 4379 2219 4435 Joannes
2246 4374 2570 4446 evangelista
2597 4370 2909 4443 mysterium
2940 4367 3090 4431 illud,
3119 4365 3259 4434 quod
3292 4361 3459 4455 Moysi
3493 4370 3550 4417 et

302 4468 558 4539 ’μηνεξας.
582 4466 737 4521 Οὕτω
754 4467 811 4520 δὲ
831 4465 923 4519 τοῦ
942 4463 1326 4535 εὐαγγελιστοῦ
1367 4464 1635 4528 Ἰωάννου,
1654 4465 1716 4518 τὸ
1737 4466 1884 4537 παρὰ

309 4563 502 4617 Μωσεῖ
557 4562 650 4615 καὶ
701 4564 814 4624 τοῖς
864 4560 1069 4623 λοιποῖς
1128 4562 1433 4632 προφήταις
1488 4560 1885 4632 κεκρυμμένως

310 4654 653 4725 ἐγνωσμένον
687 4654 1001 4725 μυστήριον,
1045 4652 1526 4723 εὐαγγελιζομένου
1559 4653 1653 4705 καὶ
1684 4654 1885 4706 ἀνακα-

311 4746 624 4810 λύπτοντος,
654 4743 865 4818 μεγάλῃ
885 4762 945 4797 τε
977 4745 1087 4816 (δι)
1124 4744 1486 4817 κηρύττοντος
1528 4742 1622 4815 βοῇ
1662 4744 1742 4797 τό·
1782 4744 1885 4797 Ἐν

224 4834 257 4863 ’
313 4838 472 4911 ἀρχῇ
489 4836 567 4909 ἦν
604 4843 636 4893 ὁ
662 4839 871 4909 Λόγος,
895 4838 993 4892 καὶ
1017 4841 1047 4892 ὀ
1068 4840 1257 4907 Λόγος
1285 4833 1363 4907 ἦν
1398 4836 1548 4904 πρὸς
1575 4835 1681 4889 τόν
1714 4835 1879 4901 Θεὸν,

315 4932 412 4986 καὶ
436 4930 578 4997 Θεὸς
594 4927 672 5001 ἦν
692 4934 723 4985 ό
740 4932 948 5000 Λόγος
981 4928 1177 4982 πάντα
1196 4928 1269 4982 δι’
1288 4928 1472 4982 αὐτοῦ
1494 4927 1728 4997 ἐγένετο
1745 4927 1880 4999 [(55)

314 5023 414 5078 καί
437 5025 613 5092 χωρὶς
640 5023 825 5078 αὐτοῦ
846 5021 1082 5092 ἐγένετο
1107 5020 1249 5075 οὐδὲ
1274 5019 1388 5093 ἕν],
1420 5021 1512 5073 καὶ
1540 5019 1886 5091 μαρτυρομέο

313 5134 431 5182 νου,
460 5117 542 5170 ὅτι
565 5112 633 5188 ἦν
661 5116 722 5170 τὸ
752 5115 865 5185 φῶς
897 5114 1125 5184 φωτίζον
1154 5113 1327 5167 πάντα
1350 5111 1633 5185 ἄνθρωπον
1661 5111 1886 5183 ἐρχόμε-

388 5326 448 5385 is
485 5320 579 5376 Ed.
611 5319 812 5384 Paris.,
842 5333 963 5389 pag.
996 5317 1121 5389 ιιε.
1146 5387 1181 5389 η
1210 5316 1253 5389 f’
1292 5314 1308 5368 l
1342 5312 1689 5389 Tim.vt,_i.’5_.

304 5406 465 5458 'xvn,
489 5393 542 5447 ὅ.
618 5386 913 5461 "Philipp.
940 5388 1070 5452 ",7.
1141 5386 1404 5450 "JoanJ,
1435 5386 1488 5439 5.

388 5567 505 5637 (51)
539 5565 710 5637 Vulgo
734 5566 882 5620 deest
913 5565 993 5620 άν.

396 5634 488 5703 (δὲ
540 5634 805 5705 Μβςπερι

400 5646 511 5775 (33$
544 5704 651 5760 Τοῦ
685 5721 792 5763 om.

400 5652 488 5703 to:
540 5652 646 5703 mp.
679 5652 805 5705 περι
852 5652 934 5707 ερ.

400 5652 511 5779 (33$
544 5704 651 5760 Τοῦ
685 5652 909 5763 confide
938 5714 989 5762 ct
1013 5719 1135 5761 mox
1165 5703 1341 5768 codd.;
1368 5716 1489 5757 mox
1519 5699 1678 5771 vulgo
1710 5696 1743 5752 ἃ
1765 5698 1843 5752 δέ.

1801 5312 1847 5345 ⁸⁸
1886 5311 2013 5366 ibid.
2044 5310 2131 5366 16.
2206 5310 2248 5342 ⁸⁷
2278 5309 2297 5364 1
2327 5308 2467 5362 'I'im.
2496 5305 2643 5374 1,17.
2720 5304 2765 5336 “
2802 5302 2958 5357 Rom.
2980 5315 3091 5367 xu,
3116 5299 3207 5355 27.

1564 5385 1608 5415 "
1646 5382 1804 5438 Joan.
1832 5399 1869 5447 ι,
1898 5383 1947 5446 ι,
1979 5384 2034 5436 5.
2108 5380 2155 5412 ⁷³
2196 5381 2325 5436 ibid.
2354 5379 2441 5434 10.

1981 4469 2256 4541 prophetis
2284 4463 2585 4522 abstrusius
2613 4470 2768 4529 erat,
2797 4460 3073 4530 cognitum
3110 4454 3456 4509 annuntiaret
3489 4462 3546 4506 et

1979 4561 2195 4617 efferret
2224 4572 2413 4627 magna
2446 4554 2787 4626 praedicantis
2821 4567 2951 4606 voce
2987 4566 3001 4603 :
3034 4546 3101 4602 In
3133 4546 3392 4615 principio
3436 4554 3548 4597 erat

1993 4651 2236 4716 Verbum,
2266 4662 2312 4704 et
2353 4647 2574 4702 Verbum
2616 4653 2727 4699 erat
2769 4641 2908 4711 apud
2958 4638 3142 4702 Deum,
3174 4648 3220 4690 et
3258 4636 3394 4689 Deus
3434 4644 3546 4688 erat

1990 4744 2213 4801 Verbum
2241 4759 2259 4798 .'
2290 4743 2467 4797 omnia
2510 4754 2601 4809 per
2636 4739 2807 4808 ipsum
2841 4736 2985 4805 facta
3024 4741 3176 4794 sunt,
3208 4742 3253 4783 et
3295 4732 3405 4782 sine
3436 4728 3547 4795 ipso

1988 4837 2187 4903 factum
2217 4844 2293 4889 est
2328 4831 2459 4886 nihil
2485 4832 2553 4897 ",
2583 4843 2811 4899 cumque
2838 4833 3062 4880 tesletur
3094 4837 3215 4876 eum
3246 4821 3427 4903 lucent
3450 4835 3515 4872 ex
3543 4852 3550 4858 -

1988 4902 2194 4984 stitisse
2238 4926 2626 4981 illuminantem
2666 4933 2883 4976 omnem
2930 4916 3199 4971 hominem
3245 4902 3546 4964 venientem

1990 5017 2043 5072 in
2081 5018 2220 5071 hunc
2252 5015 2550 5069 mundum:
2595 5009 2660 5064 In
2703 5007 2895 5061 mundo
2936 5014 3081 5070 erat,
3113 5015 3157 5056 et
3190 5001 3416 5057 mundus
3457 5015 3551 5068 per

1989 5108 2155 5177 i,.-snm
2202 5108 2372 5176 {actus
2411 5114 2518 5169 est,
2562 5112 2609 5159 et
2644 5100 2866 5155 mundus
2910 5113 3027 5151 eum
3070 5111 3172 5148 non
3217 5091 3451 5164 cognovit
3480 5091 3547 5150 ⁷³.

2060 5561 2173 5627 (36)
2201 5560 2369 5629 Vulgo
2404 5557 2612 5629 μεγάλῃ

2058 5619 2170 5702 (55}
2205 5619 2332 5686 Om:
2359 5619 2515 5687 codd.
2542 5619 2658 5685 Mox
2677 5619 2850 5683 "vulso
2876 5624 2990 5696 φῶς
3013 5619 3081 5697 ἦν
3112 5622 3191 5677 τὸ.

3308 5300 3353 5332 ⁸⁸
3387 5298 3556 5359 Joan.
3648 5344 3653 5349 .
