  <div class='ocr_page' id='page_1' title='image "/cluster/home/n/w/nwhite01/storage/ocr_20150623/24/hvd.32044073501801/492.png"; bbox 0 0 4086 6208; ppageno 0'>
   <div class='ocr_carea' id='block_1_1' title="bbox 324 214 2629 285">
    <p class='ocr_par' dir='ltr' id='par_1_1' title="bbox 324 214 2629 285">
     <span class='ocr_line' id='line_1_1' title="bbox 324 214 2629 285; baseline 0.003 -11"><span class='ocrx_word' id='word_1_1' title='bbox 324 214 439 274; x_wconf 61' lang='grc'><strong>⁷965</strong></span> <span class='ocrx_word' id='word_1_2' title='bbox 1196 280 1203 285; x_wconf 28' lang='grc'><strong><em>⁸</em></strong></span> <span class='ocrx_word' id='word_1_3' title='bbox 1292 217 1375 272; x_wconf 86' lang='lat' dir='ltr'><strong>DE</strong></span> <span class='ocrx_word' id='word_1_4' title='bbox 1416 218 1942 277; x_wconf 71' lang='lat' dir='ltr'><strong>ECCLESMSTICA</strong></span> <span class='ocrx_word' id='word_1_5' title='bbox 1981 224 2361 278; x_wconf 72' lang='lat' dir='ltr'><strong>TlllZOI.llCl.\</strong></span> <span class='ocrx_word' id='word_1_6' title='bbox 2402 226 2527 280; x_wconf 75' lang='lat' dir='ltr'><strong>LIB.</strong></span> <span class='ocrx_word' id='word_1_7' title='bbox 2572 224 2629 280; x_wconf 86' lang='grc'><strong>11.</strong></span> 
     </span>
    </p>
   </div>
   <div class='ocr_carea' id='block_1_2' title="bbox 957 329 1277 383">
    <p class='ocr_par' dir='ltr' id='par_1_2' title="bbox 957 329 1277 383">
     <span class='ocr_line' id='line_1_2' title="bbox 957 329 1277 383; baseline 0.003 -1"><span class='ocrx_word' id='word_1_8' title='bbox 957 329 1109 382; x_wconf 60' lang='grc' dir='ltr'><strong>ΚΕΦ»</strong></span> <span class='ocrx_word' id='word_1_9' title='bbox 1153 330 1277 383; x_wconf 80' lang='lat' dir='ltr'><strong>KE&#39;.</strong></span> 
     </span>
    </p>
   </div>
   <div class='ocr_carea' id='block_1_3' title="bbox 524 420 1722 492">
    <p class='ocr_par' dir='ltr' id='par_1_3' title="bbox 524 420 1722 492">
     <span class='ocr_line' id='line_1_3' title="bbox 524 420 1722 492; baseline -0.003 -17"><span class='ocrx_word' id='word_1_10' title='bbox 524 421 723 486; x_wconf 83' lang='grc' dir='ltr'><em>Ὅπως</em></span> <span class='ocrx_word' id='word_1_11' title='bbox 750 423 781 473; x_wconf 84' lang='grc' dir='ltr'><em>ὀ</em></span> <span class='ocrx_word' id='word_1_12' title='bbox 801 420 975 483; x_wconf 68' lang='grc' dir='ltr'>αὐτὸς</span> <span class='ocrx_word' id='word_1_13' title='bbox 1004 420 1189 485; x_wconf 79' lang='grc' dir='ltr'>ἑαυτῷ</span> <span class='ocrx_word' id='word_1_14' title='bbox 1214 422 1451 476; x_wconf 77' lang='grc' dir='ltr'><strong>ἐναντία</strong></span> <span class='ocrx_word' id='word_1_15' title='bbox 1484 423 1722 492; x_wconf 49' lang='grc' dir='ltr'>ἔγραψε,</span> 
     </span>
    </p>
   </div>
   <div class='ocr_carea' id='block_1_4' title="bbox 398 509 1890 588">
    <p class='ocr_par' dir='ltr' id='par_1_4' title="bbox 398 509 1890 588">
     <span class='ocr_line' id='line_1_4' title="bbox 398 509 1890 588; baseline 0.003 -23"><span class='ocrx_word' id='word_1_16' title='bbox 398 509 533 566; x_wconf 75' lang='grc' dir='ltr'>Εἶτα</span> <span class='ocrx_word' id='word_1_17' title='bbox 564 514 658 566; x_wconf 72' lang='grc' dir='ltr'><strong>καὶ</strong></span> <span class='ocrx_word' id='word_1_18' title='bbox 696 512 851 574; x_wconf 80' lang='grc' dir='ltr'>αὐτὸς</span> <span class='ocrx_word' id='word_1_19' title='bbox 888 511 1060 581; x_wconf 84' lang='grc' dir='ltr'>ἐαυτῷ</span> <span class='ocrx_word' id='word_1_20' title='bbox 1098 514 1354 567; x_wconf 86' lang='grc' dir='ltr'>τάναντία</span> <span class='ocrx_word' id='word_1_21' title='bbox 1386 516 1496 584; x_wconf 64' lang='grc'>(47)</span> <span class='ocrx_word' id='word_1_22' title='bbox 1538 517 1762 588; x_wconf 74' lang='grc' dir='ltr'>γράφων</span> <span class='ocrx_word' id='word_1_23' title='bbox 1792 535 1890 569; x_wconf 84' lang='grc' dir='ltr'><strong>ουκ</strong></span> 
     </span>
    </p>
   </div>
   <div class='ocr_carea' id='block_1_5' title="bbox 324 602 1889 678">
    <p class='ocr_par' dir='ltr' id='par_1_5' title="bbox 324 602 1889 678">
     <span class='ocr_line' id='line_1_5' title="bbox 324 602 1889 678; baseline 0.004 -25"><span class='ocrx_word' id='word_1_24' title='bbox 324 603 596 659; x_wconf 71' lang='grc' dir='ltr'>αἵσθεται.</span> <span class='ocrx_word' id='word_1_25' title='bbox 639 606 723 657; x_wconf 85' lang='grc' dir='ltr'>Ἐν</span> <span class='ocrx_word' id='word_1_26' title='bbox 750 602 950 671; x_wconf 80' lang='grc' dir='ltr'>ἑτέροις</span> <span class='ocrx_word' id='word_1_27' title='bbox 980 602 1077 671; x_wconf 83' lang='grc' dir='ltr'><strong>μὲν</strong></span> <span class='ocrx_word' id='word_1_28' title='bbox 1108 602 1214 673; x_wconf 85' lang='grc' dir='ltr'>γὰρ</span> <span class='ocrx_word' id='word_1_29' title='bbox 1246 604 1650 674; x_wconf 73' lang='grc' dir='ltr'>διῖεηίυρίζεται,</span> <span class='ocrx_word' id='word_1_30' title='bbox 1689 608 1889 678; x_wconf 83' lang='grc' dir='ltr'>μηδένα</span> 
     </span>
    </p>
   </div>
   <div class='ocr_carea' id='block_1_6' title="bbox 323 689 1884 765">
    <p class='ocr_par' dir='ltr' id='par_1_6' title="bbox 323 689 1884 765">
     <span class='ocr_line' id='line_1_6' title="bbox 323 689 1884 765; baseline 0.006 -25"><span class='ocrx_word' id='word_1_31' title='bbox 323 689 420 741; x_wconf 78' lang='grc' dir='ltr'><strong>τοῦ</strong></span> <span class='ocrx_word' id='word_1_32' title='bbox 468 692 726 762; x_wconf 80' lang='grc' dir='ltr'><strong>προτέρου</strong></span> <span class='ocrx_word' id='word_1_33' title='bbox 772 689 919 753; x_wconf 78' lang='grc' dir='ltr'>λαοῦ,</span> <span class='ocrx_word' id='word_1_34' title='bbox 954 691 1021 744; x_wconf 80' lang='grc' dir='ltr'>τὰ</span> <span class='ocrx_word' id='word_1_35' title='bbox 1070 692 1209 745; x_wconf 84' lang='grc' dir='ltr'><strong>κατά</strong></span> <span class='ocrx_word' id='word_1_36' title='bbox 1253 693 1341 745; x_wconf 88' lang='grc' dir='ltr'><strong>τὸν</strong></span> <span class='ocrx_word' id='word_1_37' title='bbox 1369 695 1539 761; x_wconf 87' lang='grc' dir='ltr'>Λόγον</span> <span class='ocrx_word' id='word_1_38' title='bbox 1576 699 1884 765; x_wconf 78' lang='grc' dir='ltr'>ἐγνωκέναι.</span> 
     </span>
    </p>
   </div>
   <div class='ocr_carea' id='block_1_7' title="bbox 324 776 1886 859">
    <p class='ocr_par' dir='ltr' id='par_1_7' title="bbox 324 776 1886 859">
     <span class='ocr_line' id='line_1_7' title="bbox 324 776 1886 859; baseline 0.006 -26"><span class='ocrx_word' id='word_1_39' title='bbox 324 781 639 853; x_wconf 78' lang='grc' dir='ltr'>Μυστηριον</span> <span class='ocrx_word' id='word_1_40' title='bbox 666 776 921 851; x_wconf 78' lang='grc' dir='ltr'>γάρεῖναι</span> <span class='ocrx_word' id='word_1_41' title='bbox 948 783 1455 855; x_wconf 80' lang='grc' dir='ltr'>ἀποκεκρυμμένον.</span> <span class='ocrx_word' id='word_1_42' title='bbox 1484 789 1684 859; x_wconf 66' lang='grc' dir='ltr'>Γράφει</span> <span class='ocrx_word' id='word_1_43' title='bbox 1706 790 1761 842; x_wconf 85' lang='grc' dir='ltr'><strong>δὲ</strong></span> <span class='ocrx_word' id='word_1_44' title='bbox 1787 784 1886 844; x_wconf 77' lang='grc' dir='ltr'>ὦδε</span> 
     </span>
    </p>
   </div>
   <div class='ocr_carea' id='block_1_8' title="bbox 329 872 1883 953">
    <p class='ocr_par' dir='ltr' id='par_1_8' title="bbox 329 872 1883 953">
     <span class='ocr_line' id='line_1_8' title="bbox 329 872 1883 953; baseline 0.009 -30"><span class='ocrx_word' id='word_1_45' title='bbox 329 874 518 936; x_wconf 82' lang='grc' dir='ltr'>αὑταῖς</span> <span class='ocrx_word' id='word_1_46' title='bbox 547 873 720 939; x_wconf 78' lang='grc' dir='ltr'>λέξεσι</span> <span class='ocrx_word' id='word_1_47' title='bbox 740 888 754 901; x_wconf 74' lang='grc'><strong>⁸</strong></span> <span class='ocrx_word' id='word_1_48' title='bbox 791 891 809 922; x_wconf 79' lang='grc' dir='ltr'><strong>ι</strong></span> <span class='ocrx_word' id='word_1_49' title='bbox 835 872 898 923; x_wconf 87' lang='grc' dir='ltr'>Τί</span> <span class='ocrx_word' id='word_1_50' title='bbox 924 874 1030 944; x_wconf 88' lang='grc' dir='ltr'><strong>γάρ</strong></span> <span class='ocrx_word' id='word_1_51' title='bbox 1055 874 1236 947; x_wconf 74' lang='grc' dir='ltr'>ἕτερον</span> <span class='ocrx_word' id='word_1_52' title='bbox 1271 872 1339 948; x_wconf 78' lang='grc' dir='ltr'>ἦν</span> <span class='ocrx_word' id='word_1_53' title='bbox 1368 880 1883 953; x_wconf 83' lang='grc' dir='ltr'>ἀποκεκρυμμένον,</span> 
     </span>
    </p>
   </div>
   <div class='ocr_carea' id='block_1_9' title="bbox 338 963 1887 1044">
    <p class='ocr_par' dir='ltr' id='par_1_9' title="bbox 338 963 1887 1044">
     <span class='ocr_line' id='line_1_9' title="bbox 338 963 1887 1044; baseline 0.01 -31"><span class='ocrx_word' id='word_1_54' title='bbox 338 982 355 1013; x_wconf 79' lang='grc' dir='ltr'><strong>ι</strong></span> <span class='ocrx_word' id='word_1_55' title='bbox 370 968 658 1035; x_wconf 73' lang='grc' dir='ltr'>μυστήριον</span> <span class='ocrx_word' id='word_1_56' title='bbox 679 963 712 1033; x_wconf 82' lang='grc' dir='ltr'>ἢ</span> <span class='ocrx_word' id='word_1_57' title='bbox 739 964 797 1016; x_wconf 88' lang='grc' dir='ltr'><strong>τὸ</strong></span> <span class='ocrx_word' id='word_1_58' title='bbox 823 964 962 1017; x_wconf 84' lang='grc' dir='ltr'>κατὰ</span> <span class='ocrx_word' id='word_1_59' title='bbox 983 965 1072 1019; x_wconf 88' lang='grc' dir='ltr'><strong>τὸν</strong></span> <span class='ocrx_word' id='word_1_60' title='bbox 1094 967 1262 1036; x_wconf 80' lang='grc' dir='ltr'>Λόγον</span> <span class='ocrx_word' id='word_1_61' title='bbox 1288 969 1459 1032; x_wconf 62' lang='lat' dir='ltr'><strong>mimo</strong></span> <span class='ocrx_word' id='word_1_62' title='bbox 1474 972 1529 1025; x_wconf 85' lang='grc' dir='ltr'><strong>δὲ</strong></span> <span class='ocrx_word' id='word_1_63' title='bbox 1548 973 1657 1043; x_wconf 71' lang='grc'><strong>(48)</strong></span> <span class='ocrx_word' id='word_1_64' title='bbox 1674 971 1739 1044; x_wconf 83' lang='grc' dir='ltr'>ἦν</span> <span class='ocrx_word' id='word_1_65' title='bbox 1754 976 1887 1029; x_wconf 81' lang='grc' dir='ltr'>ἀπο-</span> 
     </span>
    </p>
   </div>
   <div class='ocr_carea' id='block_1_10' title="bbox 335 1053 1887 1136">
    <p class='ocr_par' dir='ltr' id='par_1_10' title="bbox 335 1053 1887 1136">
     <span class='ocr_line' id='line_1_10' title="bbox 335 1053 1887 1136; baseline 0.011 -34"><span class='ocrx_word' id='word_1_66' title='bbox 335 1071 352 1102; x_wconf 78' lang='grc' dir='ltr'><strong>ι</strong></span> <span class='ocrx_word' id='word_1_67' title='bbox 376 1053 745 1123; x_wconf 68' lang='grc' dir='ltr'>κεκρυμμένον</span> <span class='ocrx_word' id='word_1_68' title='bbox 771 1054 830 1105; x_wconf 84' lang='grc' dir='ltr'>ὲν</span> <span class='ocrx_word' id='word_1_69' title='bbox 856 1054 933 1123; x_wconf 79' lang='grc' dir='ltr'><strong>τῷ</strong></span> <span class='ocrx_word' id='word_1_70' title='bbox 951 1055 1087 1125; x_wconf 85' lang='grc' dir='ltr'><strong>Θεῷ,</strong></span> <span class='ocrx_word' id='word_1_71' title='bbox 1124 1059 1271 1111; x_wconf 78' lang='grc' dir='ltr'>τουτὶ</span> <span class='ocrx_word' id='word_1_72' title='bbox 1304 1061 1565 1133; x_wconf 84' lang='grc' dir='ltr'>πρότερον</span> <span class='ocrx_word' id='word_1_73' title='bbox 1600 1064 1659 1116; x_wconf 87' lang='grc' dir='ltr'><strong>τὸ</strong></span> <span class='ocrx_word' id='word_1_74' title='bbox 1687 1066 1887 1136; x_wconf 80' lang='grc' dir='ltr'>μυστή-</span> 
     </span>
    </p>
   </div>
   <div class='ocr_carea' id='block_1_11' title="bbox 333 1143 1885 1224">
    <p class='ocr_par' dir='ltr' id='par_1_11' title="bbox 333 1143 1885 1224">
     <span class='ocr_line' id='line_1_11' title="bbox 333 1143 1885 1224; baseline 0.01 -30"><span class='ocrx_word' id='word_1_75' title='bbox 333 1161 353 1193; x_wconf 74' lang='grc' dir='ltr'><strong>ι</strong></span> <span class='ocrx_word' id='word_1_76' title='bbox 383 1161 510 1213; x_wconf 85' lang='grc' dir='ltr'>ριον,</span> <span class='ocrx_word' id='word_1_77' title='bbox 534 1143 673 1197; x_wconf 84' lang='grc' dir='ltr'>ὥστε</span> <span class='ocrx_word' id='word_1_78' title='bbox 713 1145 914 1215; x_wconf 84' lang='grc' dir='ltr'><strong>μηδένα</strong></span> <span class='ocrx_word' id='word_1_79' title='bbox 957 1148 1050 1199; x_wconf 79' lang='grc' dir='ltr'><strong>τοῦ</strong></span> <span class='ocrx_word' id='word_1_80' title='bbox 1085 1150 1345 1221; x_wconf 79' lang='grc' dir='ltr'>προτέρου</span> <span class='ocrx_word' id='word_1_81' title='bbox 1382 1152 1531 1217; x_wconf 83' lang='grc' dir='ltr'>λαοῦ,</span> <span class='ocrx_word' id='word_1_82' title='bbox 1589 1156 1773 1224; x_wconf 70' lang='grc' dir='ltr'>σαφῶς</span> <span class='ocrx_word' id='word_1_83' title='bbox 1819 1158 1885 1211; x_wconf 84' lang='grc' dir='ltr'>τὰ</span> 
     </span>
    </p>
   </div>
   <div class='ocr_carea' id='block_1_12' title="bbox 332 1232 1886 1316">
    <p class='ocr_par' dir='ltr' id='par_1_12' title="bbox 332 1232 1886 1316">
     <span class='ocr_line' id='line_1_12' title="bbox 332 1232 1886 1316; baseline 0.012 -34"><span class='ocrx_word' id='word_1_84' title='bbox 332 1248 351 1282; x_wconf 71' lang='grc' dir='ltr'><strong>ι</strong></span> <span class='ocrx_word' id='word_1_85' title='bbox 368 1232 501 1284; x_wconf 84' lang='grc' dir='ltr'><strong>κατὰ</strong></span> <span class='ocrx_word' id='word_1_86' title='bbox 522 1232 610 1285; x_wconf 86' lang='grc' dir='ltr'><strong>τὸν</strong></span> <span class='ocrx_word' id='word_1_87' title='bbox 638 1233 808 1301; x_wconf 86' lang='grc' dir='ltr'>Λόγον</span> <span class='ocrx_word' id='word_1_88' title='bbox 829 1234 1049 1287; x_wconf 74' lang='grc' dir='ltr'>εἰδέναι·</span> <span class='ocrx_word' id='word_1_89' title='bbox 1080 1237 1191 1289; x_wconf 85' lang='grc' dir='ltr'>ἀλλ’</span> <span class='ocrx_word' id='word_1_90' title='bbox 1220 1240 1384 1309; x_wconf 79' lang='grc' dir='ltr'>ἡμᾶς,</span> <span class='ocrx_word' id='word_1_91' title='bbox 1410 1242 1503 1294; x_wconf 81' lang='grc' dir='ltr'>τοῦ</span> <span class='ocrx_word' id='word_1_92' title='bbox 1535 1243 1761 1298; x_wconf 89' lang='grc' dir='ltr'>πλούτου</span> <span class='ocrx_word' id='word_1_93' title='bbox 1789 1248 1886 1316; x_wconf 84' lang='grc' dir='ltr'><strong>τῆς</strong></span> 
     </span>
    </p>
   </div>
   <div class='ocr_carea' id='block_1_13' title="bbox 330 1321 1883 1407">
    <p class='ocr_par' dir='ltr' id='par_1_13' title="bbox 330 1321 1883 1407">
     <span class='ocr_line' id='line_1_13' title="bbox 330 1321 1883 1407; baseline 0.014 -35"><span class='ocrx_word' id='word_1_94' title='bbox 330 1339 349 1372; x_wconf 78' lang='grc' dir='ltr'><strong>ι</strong></span> <span class='ocrx_word' id='word_1_95' title='bbox 376 1321 528 1393; x_wconf 80' lang='grc' dir='ltr'>δόξης</span> <span class='ocrx_word' id='word_1_96' title='bbox 584 1324 678 1376; x_wconf 76' lang='grc' dir='ltr'><strong>καὶ</strong></span> <span class='ocrx_word' id='word_1_97' title='bbox 721 1323 812 1377; x_wconf 80' lang='grc' dir='ltr'>τοῦ</span> <span class='ocrx_word' id='word_1_98' title='bbox 862 1326 1347 1400; x_wconf 84' lang='grc' dir='ltr'>ἀποκεκρυμμένου</span> <span class='ocrx_word' id='word_1_99' title='bbox 1410 1337 1703 1407; x_wconf 75' lang='grc' dir='ltr'>μυστηρίου</span> <span class='ocrx_word' id='word_1_100' title='bbox 1750 1340 1883 1393; x_wconf 82' lang='grc' dir='ltr'>ἀπο-</span> 
     </span>
    </p>
   </div>
   <div class='ocr_carea' id='block_1_14' title="bbox 329 1412 1885 1499">
    <p class='ocr_par' dir='ltr' id='par_1_14' title="bbox 329 1412 1885 1499">
     <span class='ocr_line' id='line_1_14' title="bbox 329 1412 1885 1499; baseline 0.013 -35"><span class='ocrx_word' id='word_1_101' title='bbox 329 1429 351 1464; x_wconf 73' lang='grc'><strong>(</strong></span> <span class='ocrx_word' id='word_1_102' title='bbox 375 1412 556 1467; x_wconf 90' lang='grc' dir='ltr'>λαύειν</span> <span class='ocrx_word' id='word_1_103' title='bbox 576 1416 711 1469; x_wconf 87' lang='grc' dir='ltr'>νυνί.</span> <span class='ocrx_word' id='word_1_104' title='bbox 740 1436 757 1466; x_wconf 76' lang='grc' dir='ltr'><strong>ι</strong></span> <span class='ocrx_word' id='word_1_105' title='bbox 780 1417 888 1469; x_wconf 79' lang='grc' dir='ltr'>Καὶ</span> <span class='ocrx_word' id='word_1_106' title='bbox 916 1414 1067 1483; x_wconf 77' lang='grc' dir='ltr'>αὖθις</span> <span class='ocrx_word' id='word_1_107' title='bbox 1099 1421 1357 1490; x_wconf 78' lang='grc' dir='ltr'>ἐπιλέγει,</span> <span class='ocrx_word' id='word_1_108' title='bbox 1378 1445 1395 1475; x_wconf 77' lang='grc' dir='ltr'><strong>ι</strong></span> <span class='ocrx_word' id='word_1_109' title='bbox 1422 1426 1477 1477; x_wconf 88' lang='lat' dir='ltr'><strong>&#39;U</strong></span> <span class='ocrx_word' id='word_1_110' title='bbox 1493 1427 1547 1480; x_wconf 84' lang='grc' dir='ltr'>δὲ</span> <span class='ocrx_word' id='word_1_111' title='bbox 1584 1430 1723 1499; x_wconf 75' lang='grc' dir='ltr'>ἱερὸς</span> <span class='ocrx_word' id='word_1_112' title='bbox 1752 1430 1885 1483; x_wconf 88' lang='grc' dir='ltr'>ἀπό-</span> 
     </span>
    </p>
   </div>
   <div class='ocr_carea' id='block_1_15' title="bbox 330 1504 1884 1591">
    <p class='ocr_par' dir='ltr' id='par_1_15' title="bbox 330 1504 1884 1591">
     <span class='ocr_line' id='line_1_15' title="bbox 330 1504 1884 1591; baseline 0.014 -36"><span class='ocrx_word' id='word_1_113' title='bbox 330 1522 349 1554; x_wconf 78' lang='grc' dir='ltr'><strong>ι</strong></span> <span class='ocrx_word' id='word_1_114' title='bbox 368 1504 549 1569; x_wconf 88' lang='grc' dir='ltr'>στολός</span> <span class='ocrx_word' id='word_1_115' title='bbox 574 1523 633 1558; x_wconf 89' lang='grc' dir='ltr'><strong>τε</strong></span> <span class='ocrx_word' id='word_1_116' title='bbox 664 1509 755 1561; x_wconf 75' lang='grc' dir='ltr'><strong>καὶ</strong></span> <span class='ocrx_word' id='word_1_117' title='bbox 784 1508 1024 1580; x_wconf 75' lang='grc' dir='ltr'>μαθητὴς</span> <span class='ocrx_word' id='word_1_118' title='bbox 1050 1512 1140 1563; x_wconf 81' lang='grc' dir='ltr'>τοῦ</span> <span class='ocrx_word' id='word_1_119' title='bbox 1168 1515 1371 1585; x_wconf 83' lang='grc' dir='ltr'>Κυρίου</span> <span class='ocrx_word' id='word_1_120' title='bbox 1408 1518 1673 1589; x_wconf 79' lang='grc' dir='ltr'><strong>Ἰωάννης,</strong></span> <span class='ocrx_word' id='word_1_121' title='bbox 1701 1522 1884 1591; x_wconf 74' lang='grc' dir='ltr'>σαφῶς</span> 
     </span>
    </p>
   </div>
   <div class='ocr_carea' id='block_1_16' title="bbox 327 1597 1881 1684">
    <p class='ocr_par' dir='ltr' id='par_1_16' title="bbox 327 1597 1881 1684">
     <span class='ocr_line' id='line_1_16' title="bbox 327 1597 1881 1684; baseline 0.014 -37"><span class='ocrx_word' id='word_1_122' title='bbox 327 1613 344 1644; x_wconf 77' lang='grc' dir='ltr'><strong>ι</strong></span> <span class='ocrx_word' id='word_1_123' title='bbox 368 1597 462 1649; x_wconf 76' lang='grc' dir='ltr'><strong>καὶ</strong></span> <span class='ocrx_word' id='word_1_124' title='bbox 507 1597 796 1669; x_wconf 77' lang='grc' dir='ltr'>διαρρήδην</span> <span class='ocrx_word' id='word_1_125' title='bbox 822 1602 878 1652; x_wconf 81' lang='grc' dir='ltr'>ἐν</span> <span class='ocrx_word' id='word_1_126' title='bbox 922 1602 1060 1684; x_wconf 72' lang='grc' dir='ltr'>ἀρχῇ</span> <span class='ocrx_word' id='word_1_127' title='bbox 1097 1604 1191 1657; x_wconf 69' lang='grc' dir='ltr'>τοῦ</span> <span class='ocrx_word' id='word_1_128' title='bbox 1231 1607 1559 1678; x_wconf 77' lang='grc' dir='ltr'>Εὑαγγελίου</span> <span class='ocrx_word' id='word_1_129' title='bbox 1597 1612 1881 1678; x_wconf 73' lang='grc' dir='ltr'>διδάσκων,</span> 
     </span>
    </p>
   </div>
   <div class='ocr_carea' id='block_1_17' title="bbox 3447 224 3551 282">
    <p class='ocr_par' dir='ltr' id='par_1_17' title="bbox 3447 224 3551 282">
     <span class='ocr_line' id='line_1_17' title="bbox 3447 224 3551 282; baseline -0.029 -1"><span class='ocrx_word' id='word_1_130' title='bbox 3447 224 3551 282; x_wconf 79' lang='grc'><strong>966</strong></span> 
     </span>
    </p>
   </div>
   <div class='ocr_carea' id='block_1_18' title="bbox 2596 337 2941 391">
    <p class='ocr_par' dir='ltr' id='par_1_18' title="bbox 2596 337 2941 391">
     <span class='ocr_line' id='line_1_18' title="bbox 2596 337 2941 391; baseline 0.006 -2"><span class='ocrx_word' id='word_1_131' title='bbox 2596 337 2745 391; x_wconf 76' lang='lat' dir='ltr'><strong>CAP.</strong></span> <span class='ocrx_word' id='word_1_132' title='bbox 2783 337 2941 391; x_wconf 74' lang='lat' dir='ltr'><strong>XXV.</strong></span> 
     </span>
    </p>
   </div>
   <div class='ocr_carea' id='block_1_19' title="bbox 2259 427 3280 497">
    <p class='ocr_par' dir='ltr' id='par_1_19' title="bbox 2259 427 3280 497">
     <span class='ocr_line' id='line_1_19' title="bbox 2259 427 3280 497; baseline 0.001 -18"><span class='ocrx_word' id='word_1_133' title='bbox 2259 427 2496 493; x_wconf 79' lang='lat' dir='ltr'><strong>Qualiter</strong></span> <span class='ocrx_word' id='word_1_134' title='bbox 2522 429 2621 482; x_wconf 82' lang='lat' dir='ltr'><strong>sibi</strong></span> <span class='ocrx_word' id='word_1_135' title='bbox 2654 430 2749 497; x_wconf 78' lang='lat' dir='ltr'><strong>ipsi</strong></span> <span class='ocrx_word' id='word_1_136' title='bbox 2781 428 3042 481; x_wconf 78' lang='lat' dir='ltr'><strong>contraria</strong></span> <span class='ocrx_word' id='word_1_137' title='bbox 3070 427 3280 481; x_wconf 79' lang='lat' dir='ltr'><strong>scribat.</strong></span> 
     </span>
    </p>
   </div>
   <div class='ocr_carea' id='block_1_20' title="bbox 2061 516 3547 589">
    <p class='ocr_par' dir='ltr' id='par_1_20' title="bbox 2061 516 3547 589">
     <span class='ocr_line' id='line_1_20' title="bbox 2061 516 3547 589; baseline 0 -19"><span class='ocrx_word' id='word_1_138' title='bbox 2061 516 2173 570; x_wconf 82' lang='lat' dir='ltr'><strong>Non</strong></span> <span class='ocrx_word' id='word_1_139' title='bbox 2225 520 2468 587; x_wconf 83' lang='lat' dir='ltr'><strong>intelligit</strong></span> <span class='ocrx_word' id='word_1_140' title='bbox 2500 535 2660 588; x_wconf 91' lang='lat' dir='ltr'><strong>porro</strong></span> <span class='ocrx_word' id='word_1_141' title='bbox 2692 521 2834 589; x_wconf 89' lang='lat' dir='ltr'><strong>quod</strong></span> <span class='ocrx_word' id='word_1_142' title='bbox 2879 518 2977 571; x_wconf 82' lang='lat' dir='ltr'><strong>sibi</strong></span> <span class='ocrx_word' id='word_1_143' title='bbox 3010 518 3107 584; x_wconf 85' lang='lat' dir='ltr'><strong>ipsi</strong></span> <span class='ocrx_word' id='word_1_144' title='bbox 3137 518 3547 572; x_wconf 88' lang='lat' dir='ltr'><strong>contradictoria</strong></span> 
     </span>
    </p>
   </div>
   <div class='ocr_carea' id='block_1_21' title="bbox 1991 606 3549 677">
    <p class='ocr_par' dir='ltr' id='par_1_21' title="bbox 1991 606 3549 677">
     <span class='ocr_line' id='line_1_21' title="bbox 1991 606 3549 677; baseline -0.003 -14"><span class='ocrx_word' id='word_1_145' title='bbox 1991 611 2198 665; x_wconf 88' lang='lat' dir='ltr'><strong>scribit.</strong></span> <span class='ocrx_word' id='word_1_146' title='bbox 2236 609 2445 664; x_wconf 78' lang='lat' dir='ltr'><strong>Alicubi</strong></span> <span class='ocrx_word' id='word_1_147' title='bbox 2486 610 2749 677; x_wconf 84' lang='lat' dir='ltr'><strong>siquidem</strong></span> <span class='ocrx_word' id='word_1_148' title='bbox 2782 617 3157 663; x_wconf 82' lang='lat' dir='ltr'><strong>asseveranter</strong></span> <span class='ocrx_word' id='word_1_149' title='bbox 3192 607 3398 671; x_wconf 92' lang='lat' dir='ltr'><strong>statuit,</strong></span> <span class='ocrx_word' id='word_1_150' title='bbox 3430 606 3549 660; x_wconf 84' lang='lat' dir='ltr'><strong>nul-</strong></span> 
     </span>
    </p>
   </div>
   <div class='ocr_carea' id='block_1_22' title="bbox 1991 696 3549 769">
    <p class='ocr_par' dir='ltr' id='par_1_22' title="bbox 1991 696 3549 769">
     <span class='ocr_line' id='line_1_22' title="bbox 1991 696 3549 769; baseline -0.002 -17"><span class='ocrx_word' id='word_1_151' title='bbox 1991 701 2096 752; x_wconf 91' lang='lat' dir='ltr'><strong>lum</strong></span> <span class='ocrx_word' id='word_1_152' title='bbox 2148 701 2356 769; x_wconf 89' lang='lat' dir='ltr'><strong>penitus</strong></span> <span class='ocrx_word' id='word_1_153' title='bbox 2395 701 2460 755; x_wconf 79' lang='lat' dir='ltr'><strong>de</strong></span> <span class='ocrx_word' id='word_1_154' title='bbox 2503 700 2721 768; x_wconf 88' lang='lat' dir='ltr'><strong>antiquo</strong></span> <span class='ocrx_word' id='word_1_155' title='bbox 2776 699 2865 753; x_wconf 92' lang='lat' dir='ltr'><strong>illo</strong></span> <span class='ocrx_word' id='word_1_156' title='bbox 2917 697 3109 766; x_wconf 79' lang='lat' dir='ltr'><strong>papulo</strong></span> <span class='ocrx_word' id='word_1_157' title='bbox 3158 696 3442 765; x_wconf 80' lang='lat' dir='ltr'><strong>quidquam</strong></span> <span class='ocrx_word' id='word_1_158' title='bbox 3482 698 3549 749; x_wconf 88' lang='lat' dir='ltr'><strong>de</strong></span> 
     </span>
    </p>
   </div>
   <div class='ocr_carea' id='block_1_23' title="bbox 1992 787 3549 859">
    <p class='ocr_par' dir='ltr' id='par_1_23' title="bbox 1992 787 3549 859">
     <span class='ocr_line' id='line_1_23' title="bbox 1992 787 3549 859; baseline -0.003 -16"><span class='ocrx_word' id='word_1_159' title='bbox 1992 790 2165 847; x_wconf 80' lang='lat' dir='ltr'><strong>Verbo</strong></span> <span class='ocrx_word' id='word_1_160' title='bbox 2196 793 2527 859; x_wconf 78' lang='lat' dir='ltr'><strong>cognovisse.</strong></span> <span class='ocrx_word' id='word_1_161' title='bbox 2577 791 2710 844; x_wconf 86' lang='lat' dir='ltr'><strong>Nam</strong></span> <span class='ocrx_word' id='word_1_162' title='bbox 2741 799 2855 844; x_wconf 88' lang='lat' dir='ltr'><strong>erat</strong></span> <span class='ocrx_word' id='word_1_163' title='bbox 2879 789 3193 858; x_wconf 78' lang='lat' dir='ltr'><strong>mysterium</strong></span> <span class='ocrx_word' id='word_1_164' title='bbox 3234 794 3291 849; x_wconf 56' lang='lat' dir='ltr'><strong>Et</strong></span> <span class='ocrx_word' id='word_1_165' title='bbox 3319 787 3549 840; x_wconf 89' lang='lat' dir='ltr'><strong>abscon-</strong></span> 
     </span>
    </p>
   </div>
   <div class='ocr_carea' id='block_1_24' title="bbox 1989 878 3547 952">
    <p class='ocr_par' dir='ltr' id='par_1_24' title="bbox 1989 878 3547 952">
     <span class='ocr_line' id='line_1_24' title="bbox 1989 878 3547 952; baseline -0.004 -17"><span class='ocrx_word' id='word_1_166' title='bbox 1989 879 2175 947; x_wconf 77' lang='lat' dir='ltr'><strong>ditum,</strong></span> <span class='ocrx_word' id='word_1_167' title='bbox 2205 884 2396 952; x_wconf 90' lang='lat' dir='ltr'><strong>inquit.</strong></span> <span class='ocrx_word' id='word_1_168' title='bbox 2432 882 2604 935; x_wconf 89' lang='lat' dir='ltr'><strong>Verba</strong></span> <span class='ocrx_word' id='word_1_169' title='bbox 2636 882 2750 951; x_wconf 76' lang='lat' dir='ltr'><strong>ejus</strong></span> <span class='ocrx_word' id='word_1_170' title='bbox 2774 889 2898 935; x_wconf 91' lang='lat' dir='ltr'><strong>sunt</strong></span> <span class='ocrx_word' id='word_1_171' title='bbox 2932 879 3021 950; x_wconf 84' lang='lat' dir='ltr'><strong>[R.</strong></span> <span class='ocrx_word' id='word_1_172' title='bbox 3048 879 3207 945; x_wconf 82' lang='lat' dir='ltr'><strong>XLV,</strong></span> <span class='ocrx_word' id='word_1_173' title='bbox 3244 879 3366 932; x_wconf 93' lang='lat' dir='ltr'><strong>coll.</strong></span> <span class='ocrx_word' id='word_1_174' title='bbox 3396 895 3449 941; x_wconf 84' lang='lat' dir='ltr'><strong>p.</strong></span> <span class='ocrx_word' id='word_1_175' title='bbox 3476 878 3547 929; x_wconf 66' lang='lat' dir='ltr'><strong>4t)</strong></span> 
     </span>
    </p>
   </div>
   <div class='ocr_carea' id='block_1_25' title="bbox 1990 972 3543 1045">
    <p class='ocr_par' dir='ltr' id='par_1_25' title="bbox 1990 972 3543 1045">
     <span class='ocr_line' id='line_1_25' title="bbox 1990 972 3543 1045; baseline -0.003 -20"><span class='ocrx_word' id='word_1_176' title='bbox 1990 972 2053 1045; x_wconf 91' lang='lat' dir='ltr'><strong>D]</strong></span> <span class='ocrx_word' id='word_1_177' title='bbox 2087 990 2100 1026; x_wconf 86' lang='lat'><strong>:</strong></span> <span class='ocrx_word' id='word_1_178' title='bbox 2144 993 2160 1024; x_wconf 76' lang='grc' dir='ltr'><strong>ι</strong></span> <span class='ocrx_word' id='word_1_179' title='bbox 2187 973 2320 1039; x_wconf 73' lang='lat' dir='ltr'><strong>Quid</strong></span> <span class='ocrx_word' id='word_1_180' title='bbox 2349 973 2491 1026; x_wconf 82' lang='lat' dir='ltr'><strong>aliud</strong></span> <span class='ocrx_word' id='word_1_181' title='bbox 2518 982 2632 1026; x_wconf 82' lang='lat' dir='ltr'><strong>erat</strong></span> <span class='ocrx_word' id='word_1_182' title='bbox 2663 975 2973 1042; x_wconf 76' lang='lat' dir='ltr'><strong>mysterium</strong></span> <span class='ocrx_word' id='word_1_183' title='bbox 2999 972 3123 1025; x_wconf 88' lang='lat' dir='ltr'><strong>illud</strong></span> <span class='ocrx_word' id='word_1_184' title='bbox 3148 973 3543 1029; x_wconf 82' lang='lat' dir='ltr'><strong>absconditum,</strong></span> 
     </span>
    </p>
   </div>
   <div class='ocr_carea' id='block_1_26' title="bbox 1992 1062 3542 1132">
    <p class='ocr_par' dir='ltr' id='par_1_26' title="bbox 1992 1062 3542 1132">
     <span class='ocr_line' id='line_1_26' title="bbox 1992 1062 3542 1132; baseline -0.001 -19"><span class='ocrx_word' id='word_1_185' title='bbox 1992 1083 2010 1113; x_wconf 70' lang='grc' dir='ltr'><strong>ι</strong></span> <span class='ocrx_word' id='word_1_186' title='bbox 2036 1079 2191 1132; x_wconf 85' lang='lat' dir='ltr'><strong>quam</strong></span> <span class='ocrx_word' id='word_1_187' title='bbox 2223 1064 2346 1118; x_wconf 90' lang='lat' dir='ltr'><strong>illud</strong></span> <span class='ocrx_word' id='word_1_188' title='bbox 2383 1064 2444 1117; x_wconf 88' lang='lat' dir='ltr'><strong>de</strong></span> <span class='ocrx_word' id='word_1_189' title='bbox 2473 1063 2684 1117; x_wconf 88' lang='lat' dir='ltr'><strong>Verbo?</strong></span> <span class='ocrx_word' id='word_1_190' title='bbox 2738 1063 2866 1116; x_wconf 82' lang='lat' dir='ltr'><strong>Nam</strong></span> <span class='ocrx_word' id='word_1_191' title='bbox 2900 1072 3017 1116; x_wconf 87' lang='lat' dir='ltr'><strong>erat</strong></span> <span class='ocrx_word' id='word_1_192' title='bbox 3081 1064 3179 1116; x_wconf 89' lang='lat' dir='ltr'><strong>hoc</strong></span> <span class='ocrx_word' id='word_1_193' title='bbox 3228 1062 3542 1132; x_wconf 83' lang='lat' dir='ltr'><strong>mysterium</strong></span> 
     </span>
    </p>
   </div>
   <div class='ocr_carea' id='block_1_27' title="bbox 1992 1154 3545 1224">
    <p class='ocr_par' dir='ltr' id='par_1_27' title="bbox 1992 1154 3545 1224">
     <span class='ocr_line' id='line_1_27' title="bbox 1992 1154 3545 1224; baseline 0.001 -19"><span class='ocrx_word' id='word_1_194' title='bbox 1992 1176 2008 1205; x_wconf 74' lang='grc' dir='ltr'><strong>ι</strong></span> <span class='ocrx_word' id='word_1_195' title='bbox 2034 1156 2166 1209; x_wconf 88' lang='lat' dir='ltr'><strong>adeo</strong></span> <span class='ocrx_word' id='word_1_196' title='bbox 2192 1155 2314 1208; x_wconf 84' lang='lat' dir='ltr'><strong>olim</strong></span> <span class='ocrx_word' id='word_1_197' title='bbox 2349 1156 2398 1209; x_wconf 93' lang='lat' dir='ltr'><strong>in</strong></span> <span class='ocrx_word' id='word_1_198' title='bbox 2438 1156 2547 1209; x_wconf 92' lang='lat' dir='ltr'><strong>Deo</strong></span> <span class='ocrx_word' id='word_1_199' title='bbox 2572 1156 2964 1220; x_wconf 79' lang='lat' dir='ltr'><strong>absconditum,</strong></span> <span class='ocrx_word' id='word_1_200' title='bbox 3000 1163 3058 1208; x_wconf 92' lang='lat' dir='ltr'><strong>ut</strong></span> <span class='ocrx_word' id='word_1_201' title='bbox 3089 1168 3119 1208; x_wconf 90' lang='lat' dir='ltr'><strong>e</strong></span> <span class='ocrx_word' id='word_1_202' title='bbox 3142 1155 3305 1224; x_wconf 88' lang='lat' dir='ltr'><strong>priori</strong></span> <span class='ocrx_word' id='word_1_203' title='bbox 3336 1154 3424 1207; x_wconf 91' lang='lat' dir='ltr'><strong>illo</strong></span> <span class='ocrx_word' id='word_1_204' title='bbox 3450 1168 3545 1223; x_wconf 91' lang='lat' dir='ltr'><strong>po-</strong></span> 
     </span>
    </p>
   </div>
   <div class='ocr_carea' id='block_1_28' title="bbox 1991 1246 3544 1315">
    <p class='ocr_par' dir='ltr' id='par_1_28' title="bbox 1991 1246 3544 1315">
     <span class='ocr_line' id='line_1_28' title="bbox 1991 1246 3544 1315; baseline 0.003 -20"><span class='ocrx_word' id='word_1_205' title='bbox 1991 1265 2008 1295; x_wconf 86' lang='grc'><em>‹</em></span> <span class='ocrx_word' id='word_1_206' title='bbox 2032 1247 2174 1313; x_wconf 84' lang='lat' dir='ltr'><strong>pulo,</strong></span> <span class='ocrx_word' id='word_1_207' title='bbox 2205 1246 2375 1301; x_wconf 91' lang='lat' dir='ltr'><strong>nullus</strong></span> <span class='ocrx_word' id='word_1_208' title='bbox 2402 1246 2557 1315; x_wconf 87' lang='lat' dir='ltr'><strong>plane</strong></span> <span class='ocrx_word' id='word_1_209' title='bbox 2589 1248 2688 1301; x_wconf 91' lang='lat' dir='ltr'><strong>hoc</strong></span> <span class='ocrx_word' id='word_1_210' title='bbox 2722 1250 2893 1315; x_wconf 89' lang='lat' dir='ltr'><strong>ipsum</strong></span> <span class='ocrx_word' id='word_1_211' title='bbox 2936 1246 3271 1315; x_wconf 79' lang='lat' dir='ltr'><strong>intelligeret.</strong></span> <span class='ocrx_word' id='word_1_212' title='bbox 3305 1246 3407 1300; x_wconf 90' lang='lat' dir='ltr'><strong>Sed</strong></span> <span class='ocrx_word' id='word_1_213' title='bbox 3449 1261 3544 1299; x_wconf 90' lang='lat' dir='ltr'><strong>no-</strong></span> 
     </span>
    </p>
   </div>
   <div class='ocr_carea' id='block_1_29' title="bbox 1992 1335 3543 1404">
    <p class='ocr_par' dir='ltr' id='par_1_29' title="bbox 1992 1335 3543 1404">
     <span class='ocr_line' id='line_1_29' title="bbox 1992 1335 3543 1404; baseline 0.003 -18"><span class='ocrx_word' id='word_1_214' title='bbox 1992 1338 2113 1390; x_wconf 70' lang='lat' dir='ltr'><strong>cbis</strong></span> <span class='ocrx_word' id='word_1_215' title='bbox 2155 1335 2263 1404; x_wconf 86' lang='lat' dir='ltr'><strong>jam</strong></span> <span class='ocrx_word' id='word_1_216' title='bbox 2310 1352 2560 1392; x_wconf 86' lang='lat' dir='ltr'><strong>concessa</strong></span> <span class='ocrx_word' id='word_1_217' title='bbox 2617 1348 2697 1391; x_wconf 89' lang='lat' dir='ltr'><strong>est</strong></span> <span class='ocrx_word' id='word_1_218' title='bbox 2759 1337 2941 1392; x_wconf 83' lang='lat' dir='ltr'><strong>fruitio</strong></span> <span class='ocrx_word' id='word_1_219' title='bbox 2997 1338 3302 1391; x_wconf 88' lang='lat' dir='ltr'><strong>divitiarum</strong></span> <span class='ocrx_word' id='word_1_220' title='bbox 3363 1337 3543 1404; x_wconf 65' lang='lat' dir='ltr'><strong>gloriae</strong></span> 
     </span>
    </p>
   </div>
   <div class='ocr_carea' id='block_1_30' title="bbox 1991 1428 3542 1501">
    <p class='ocr_par' dir='ltr' id='par_1_30' title="bbox 1991 1428 3542 1501">
     <span class='ocr_line' id='line_1_30' title="bbox 1991 1428 3542 1501; baseline 0.001 -23"><span class='ocrx_word' id='word_1_221' title='bbox 1991 1448 2008 1478; x_wconf 77' lang='grc' dir='ltr'><strong>ι</strong></span> <span class='ocrx_word' id='word_1_222' title='bbox 2037 1428 2221 1497; x_wconf 77' lang='lat' dir='ltr'><strong>ipsius,</strong></span> <span class='ocrx_word' id='word_1_223' title='bbox 2258 1438 2311 1484; x_wconf 87' lang='lat' dir='ltr'><strong>et</strong></span> <span class='ocrx_word' id='word_1_224' title='bbox 2362 1429 2599 1501; x_wconf 84' lang='lat' dir='ltr'><strong>mysterii</strong></span> <span class='ocrx_word' id='word_1_225' title='bbox 2635 1429 2776 1484; x_wconf 89' lang='lat' dir='ltr'><strong>illius</strong></span> <span class='ocrx_word' id='word_1_226' title='bbox 2821 1429 3259 1484; x_wconf 85' lang='lat' dir='ltr'><strong>recomlitissimi.</strong></span> <span class='ocrx_word' id='word_1_227' title='bbox 3288 1447 3305 1479; x_wconf 79' lang='grc' dir='ltr'><strong>ι</strong></span> <span class='ocrx_word' id='word_1_228' title='bbox 3349 1430 3542 1480; x_wconf 81' lang='lat' dir='ltr'><strong>Statim</strong></span> 
     </span>
    </p>
   </div>
   <div class='ocr_carea' id='block_1_31' title="bbox 1985 1517 3539 1591">
    <p class='ocr_par' dir='ltr' id='par_1_31' title="bbox 1985 1517 3539 1591">
     <span class='ocr_line' id='line_1_31' title="bbox 1985 1517 3539 1591; baseline 0 -20"><span class='ocrx_word' id='word_1_229' title='bbox 1985 1537 2114 1574; x_wconf 82' lang='lat' dir='ltr'><strong>vero</strong></span> <span class='ocrx_word' id='word_1_230' title='bbox 2174 1520 2438 1574; x_wconf 82' lang='lat' dir='ltr'><strong>subinfert</strong></span> <span class='ocrx_word' id='word_1_231' title='bbox 2473 1519 2564 1591; x_wconf 75' lang='grc' dir='ltr'>[ιι.</span> <span class='ocrx_word' id='word_1_232' title='bbox 2598 1518 2758 1573; x_wconf 74' lang='lat' dir='ltr'><strong>XLVI</strong></span> <span class='ocrx_word' id='word_1_233' title='bbox 2806 1519 2927 1576; x_wconf 90' lang='lat' dir='ltr'><strong>coll.</strong></span> <span class='ocrx_word' id='word_1_234' title='bbox 2982 1534 3037 1588; x_wconf 90' lang='lat' dir='ltr'><strong>p.</strong></span> <span class='ocrx_word' id='word_1_235' title='bbox 3085 1520 3153 1573; x_wconf 81' lang='grc'>56</span> <span class='ocrx_word' id='word_1_236' title='bbox 3199 1520 3240 1573; x_wconf 84' lang='grc' dir='ltr'><strong>Ι)</strong></span> <span class='ocrx_word' id='word_1_237' title='bbox 3292 1519 3390 1573; x_wconf 82' lang='grc'><strong>118</strong></span> <span class='ocrx_word' id='word_1_238' title='bbox 3418 1517 3480 1589; x_wconf 80' lang='lat' dir='ltr'><strong>C]</strong></span> <span class='ocrx_word' id='word_1_239' title='bbox 3527 1538 3539 1572; x_wconf 92' lang='lat'>:</span> 
     </span>
    </p>
   </div>
   <div class='ocr_carea' id='block_1_32' title="bbox 1992 1608 3544 1680">
    <p class='ocr_par' dir='ltr' id='par_1_32' title="bbox 1992 1608 3544 1680">
     <span class='ocr_line' id='line_1_32' title="bbox 1992 1608 3544 1680; baseline 0.002 -20"><span class='ocrx_word' id='word_1_240' title='bbox 1992 1608 2417 1666; x_wconf 74' lang='lat' dir='ltr'><strong>«Sanctissimus</strong></span> <span class='ocrx_word' id='word_1_241' title='bbox 2465 1627 2590 1666; x_wconf 87' lang='lat' dir='ltr'><strong>vero</strong></span> <span class='ocrx_word' id='word_1_242' title='bbox 2639 1611 2928 1680; x_wconf 84' lang='lat' dir='ltr'><strong>apostolus,</strong></span> <span class='ocrx_word' id='word_1_243' title='bbox 2977 1620 3030 1665; x_wconf 88' lang='lat' dir='ltr'><strong>el</strong></span> <span class='ocrx_word' id='word_1_244' title='bbox 3060 1610 3267 1664; x_wconf 90' lang='lat' dir='ltr'><strong>Domini</strong></span> <span class='ocrx_word' id='word_1_245' title='bbox 3310 1610 3544 1679; x_wconf 86' lang='lat' dir='ltr'><strong>discipu-</strong></span> 
     </span>
    </p>
   </div>
   <div class='ocr_carea' id='block_1_33' title="bbox 322 1682 1877 1773">
    <p class='ocr_par' dir='ltr' id='par_1_33' title="bbox 322 1682 1877 1772">
     <span class='ocr_line' id='line_1_33' title="bbox 322 1682 1877 1772; baseline 0.014 -35"><span class='ocrx_word' id='word_1_246' title='bbox 322 1705 339 1735; x_wconf 78' lang='grc' dir='ltr'><strong>ι</strong></span> <span class='ocrx_word' id='word_1_247' title='bbox 364 1686 439 1751; x_wconf 83' lang='grc' dir='ltr'><strong>ὡς</strong></span> <span class='ocrx_word' id='word_1_248' title='bbox 450 1690 806 1759; x_wconf 80' lang='grc' dir='ltr'>ἀγνοούμενον</span> <span class='ocrx_word' id='word_1_249' title='bbox 827 1693 883 1743; x_wconf 85' lang='grc' dir='ltr'>ὲν</span> <span class='ocrx_word' id='word_1_250' title='bbox 906 1682 1207 1765; x_wconf 84' lang='grc' dir='ltr'>ἀνθρώποις</span> <span class='ocrx_word' id='word_1_251' title='bbox 1227 1700 1506 1772; x_wconf 79' lang='grc' dir='ltr'>πρότερον,</span> <span class='ocrx_word' id='word_1_252' title='bbox 1535 1704 1703 1771; x_wconf 80' lang='grc' dir='ltr'>Λόγον</span> <span class='ocrx_word' id='word_1_253' title='bbox 1721 1706 1877 1759; x_wconf 81' lang='grc' dir='ltr'>αὐτὸν</span> 
     </span>
    </p>
   </div>
   <div class='ocr_carea' id='block_1_34' title="bbox 1978 1682 3544 1773">
    <p class='ocr_par' dir='ltr' id='par_1_34' title="bbox 1989 1703 3544 1773">
     <span class='ocr_line' id='line_1_34' title="bbox 1989 1703 3544 1773; baseline 0.001 -19"><span class='ocrx_word' id='word_1_254' title='bbox 1989 1724 2004 1754; x_wconf 82' lang='grc' dir='ltr'><strong>ι</strong></span> <span class='ocrx_word' id='word_1_255' title='bbox 2032 1704 2109 1756; x_wconf 90' lang='lat' dir='ltr'><strong>lus</strong></span> <span class='ocrx_word' id='word_1_256' title='bbox 2134 1704 2386 1768; x_wconf 80' lang='lat' dir='ltr'><strong>Joannes,</strong></span> <span class='ocrx_word' id='word_1_257' title='bbox 2429 1704 2654 1758; x_wconf 76' lang='lat' dir='ltr'><strong>exertim</strong></span> <span class='ocrx_word' id='word_1_258' title='bbox 2687 1711 2742 1757; x_wconf 88' lang='lat' dir='ltr'><strong>et</strong></span> <span class='ocrx_word' id='word_1_259' title='bbox 2784 1713 2968 1773; x_wconf 87' lang='lat' dir='ltr'><strong>aperte</strong></span> <span class='ocrx_word' id='word_1_260' title='bbox 2996 1703 3046 1756; x_wconf 94' lang='lat' dir='ltr'><strong>in</strong></span> <span class='ocrx_word' id='word_1_261' title='bbox 3081 1714 3271 1765; x_wconf 77' lang='lat' dir='ltr'><strong>exortu</strong></span> <span class='ocrx_word' id='word_1_262' title='bbox 3310 1703 3544 1769; x_wconf 76' lang='lat' dir='ltr'><strong>Evange-</strong></span> 
     </span>
    </p>
   </div>
   <div class='ocr_carea' id='block_1_35' title="bbox 322 1777 1879 1868">
    <p class='ocr_par' dir='ltr' id='par_1_35' title="bbox 322 1777 1879 1868">
     <span class='ocr_line' id='line_1_35' title="bbox 322 1777 1879 1868; baseline 0.015 -39"><span class='ocrx_word' id='word_1_263' title='bbox 322 1797 338 1827; x_wconf 82' lang='grc' dir='ltr'><strong>ι</strong></span> <span class='ocrx_word' id='word_1_264' title='bbox 366 1777 461 1830; x_wconf 78' lang='grc' dir='ltr'>τοῦ</span> <span class='ocrx_word' id='word_1_265' title='bbox 499 1783 930 1855; x_wconf 83' lang='grc' dir='ltr'>παντοκράτορος</span> <span class='ocrx_word' id='word_1_266' title='bbox 965 1785 1264 1856; x_wconf 80' lang='grc' dir='ltr'>ὀνομάζων,</span> <span class='ocrx_word' id='word_1_267' title='bbox 1297 1792 1464 1858; x_wconf 75' lang='grc' dir='ltr'>οὕτως</span> <span class='ocrx_word' id='word_1_268' title='bbox 1488 1794 1612 1867; x_wconf 57' lang='grc' dir='ltr'>ἔτη,</span> <span class='ocrx_word' id='word_1_269' title='bbox 1658 1798 1751 1850; x_wconf 84' lang='grc' dir='ltr'><strong>Ἐν</strong></span> <span class='ocrx_word' id='word_1_270' title='bbox 1786 1801 1879 1868; x_wconf 80' lang='grc' dir='ltr'>ἀρ-</span> 
     </span>
    </p>
   </div>
   <div class='ocr_carea' id='block_1_36' title="bbox 322 1868 1879 1961">
    <p class='ocr_par' dir='ltr' id='par_1_36' title="bbox 322 1868 1879 1961">
     <span class='ocr_line' id='line_1_36' title="bbox 322 1868 1879 1961; baseline 0.017 -43"><span class='ocrx_word' id='word_1_271' title='bbox 322 1888 340 1918; x_wconf 71' lang='grc' dir='ltr'>α</span> <span class='ocrx_word' id='word_1_272' title='bbox 366 1869 448 1939; x_wconf 73' lang='grc' dir='ltr'><strong>χιῇ</strong></span> <span class='ocrx_word' id='word_1_273' title='bbox 470 1868 549 1941; x_wconf 82' lang='grc' dir='ltr'><strong>ἦν</strong></span> <span class='ocrx_word' id='word_1_274' title='bbox 576 1876 607 1925; x_wconf 85' lang='grc' dir='ltr'><strong>ό</strong></span> <span class='ocrx_word' id='word_1_275' title='bbox 635 1875 840 1943; x_wconf 80' lang='grc' dir='ltr'>Λόγος.</span> <span class='ocrx_word' id='word_1_276' title='bbox 872 1896 890 1927; x_wconf 77' lang='grc' dir='ltr'><strong>ι</strong></span> <span class='ocrx_word' id='word_1_277' title='bbox 938 1879 1025 1931; x_wconf 85' lang='grc' dir='ltr'>Ἐν</span> <span class='ocrx_word' id='word_1_278' title='bbox 1058 1880 1265 1945; x_wconf 81' lang='grc' dir='ltr'>τούτοις</span> <span class='ocrx_word' id='word_1_279' title='bbox 1289 1884 1387 1953; x_wconf 83' lang='grc' dir='ltr'><strong>μὲν</strong></span> <span class='ocrx_word' id='word_1_280' title='bbox 1417 1883 1509 1940; x_wconf 80' lang='grc' dir='ltr'><strong>οὖν</strong></span> <span class='ocrx_word' id='word_1_281' title='bbox 1534 1889 1879 1961; x_wconf 81' lang='grc' dir='ltr'>ἀποκεκρυμ-</span> 
     </span>
    </p>
   </div>
   <div class='ocr_carea' id='block_1_37' title="bbox 319 1963 1878 2049">
    <p class='ocr_par' dir='ltr' id='par_1_37' title="bbox 319 1963 1878 2049">
     <span class='ocr_line' id='line_1_37' title="bbox 319 1963 1878 2049; baseline 0.014 -36"><span class='ocrx_word' id='word_1_282' title='bbox 319 1963 475 2032; x_wconf 86' lang='grc' dir='ltr'>μένον</span> <span class='ocrx_word' id='word_1_283' title='bbox 502 1966 796 2035; x_wconf 87' lang='grc' dir='ltr'>μυστήριον</span> <span class='ocrx_word' id='word_1_284' title='bbox 841 1967 1127 2039; x_wconf 79' lang='grc' dir='ltr'>διορίζεται</span> <span class='ocrx_word' id='word_1_285' title='bbox 1158 1968 1292 2027; x_wconf 82' lang='grc' dir='ltr'>εἶναι</span> <span class='ocrx_word' id='word_1_286' title='bbox 1314 1976 1393 2040; x_wconf 83' lang='grc' dir='ltr'><strong>τὸ,</strong></span> <span class='ocrx_word' id='word_1_287' title='bbox 1430 1978 1556 2048; x_wconf 78' lang='grc' dir='ltr'>περὶ</span> <span class='ocrx_word' id='word_1_288' title='bbox 1587 1980 1679 2032; x_wconf 82' lang='grc' dir='ltr'>τοῦ</span> <span class='ocrx_word' id='word_1_289' title='bbox 1710 1982 1878 2049; x_wconf 84' lang='grc' dir='ltr'>Λόγον</span> 
     </span>
    </p>
   </div>
   <div class='ocr_carea' id='block_1_38' title="bbox 304 2055 1880 2141">
    <p class='ocr_par' dir='ltr' id='par_1_38' title="bbox 304 2055 1880 2141">
     <span class='ocr_line' id='line_1_38' title="bbox 304 2055 1880 2141; baseline 0.013 -37"><span class='ocrx_word' id='word_1_290' title='bbox 304 2055 457 2123; x_wconf 71' lang='grc' dir='ltr'>ἐχειν</span> <span class='ocrx_word' id='word_1_291' title='bbox 475 2055 564 2107; x_wconf 88' lang='grc' dir='ltr'><strong>τὸν</strong></span> <span class='ocrx_word' id='word_1_292' title='bbox 588 2056 737 2122; x_wconf 85' lang='grc' dir='ltr'>Θεὸν,</span> <span class='ocrx_word' id='word_1_293' title='bbox 772 2060 827 2110; x_wconf 84' lang='grc' dir='ltr'>ὲν</span> <span class='ocrx_word' id='word_1_294' title='bbox 859 2059 914 2111; x_wconf 83' lang='grc' dir='ltr'>δὲ</span> <span class='ocrx_word' id='word_1_295' title='bbox 942 2064 1061 2124; x_wconf 83' lang='grc' dir='ltr'>ταῖς</span> <span class='ocrx_word' id='word_1_296' title='bbox 1090 2063 1289 2134; x_wconf 83' lang='grc' dir='ltr'>ἀρτίως</span> <span class='ocrx_word' id='word_1_297' title='bbox 1315 2068 1729 2135; x_wconf 86' lang='grc' dir='ltr'>παρατεθείσαις</span> <span class='ocrx_word' id='word_1_298' title='bbox 1753 2089 1880 2141; x_wconf 84' lang='grc' dir='ltr'>προ-</span> 
     </span>
    </p>
   </div>
   <div class='ocr_carea' id='block_1_39' title="bbox 317 2148 1875 2230">
    <p class='ocr_par' dir='ltr' id='par_1_39' title="bbox 317 2148 1875 2230">
     <span class='ocr_line' id='line_1_39' title="bbox 317 2148 1875 2230; baseline 0.01 -34"><span class='ocrx_word' id='word_1_299' title='bbox 317 2148 570 2216; x_wconf 83' lang='grc' dir='ltr'>φητικαῖς</span> <span class='ocrx_word' id='word_1_300' title='bbox 597 2150 816 2215; x_wconf 82' lang='grc' dir='ltr'>φωναῖς,</span> <span class='ocrx_word' id='word_1_301' title='bbox 838 2150 1013 2214; x_wconf 86' lang='grc' dir='ltr'>πάσας</span> <span class='ocrx_word' id='word_1_302' title='bbox 1036 2152 1131 2215; x_wconf 80' lang='grc' dir='ltr'>τὰς</span> <span class='ocrx_word' id='word_1_303' title='bbox 1158 2154 1305 2218; x_wconf 84' lang='grc' dir='ltr'>θείας</span> <span class='ocrx_word' id='word_1_304' title='bbox 1330 2156 1548 2226; x_wconf 75' lang='grc' dir='ltr'>Γραφὰς</span> <span class='ocrx_word' id='word_1_305' title='bbox 1569 2160 1875 2230; x_wconf 81' lang='grc' dir='ltr'>κηρύττειν,</span> 
     </span>
    </p>
   </div>
   <div class='ocr_carea' id='block_1_40' title="bbox 315 2240 1876 2321">
    <p class='ocr_par' dir='ltr' id='par_1_40' title="bbox 315 2240 1876 2321">
     <span class='ocr_line' id='line_1_40' title="bbox 315 2240 1876 2321; baseline 0.009 -30"><span class='ocrx_word' id='word_1_306' title='bbox 315 2240 383 2292; x_wconf 86' lang='grc' dir='ltr'><strong>τά</strong></span> <span class='ocrx_word' id='word_1_307' title='bbox 430 2241 557 2311; x_wconf 81' lang='grc' dir='ltr'><strong>περὶ</strong></span> <span class='ocrx_word' id='word_1_308' title='bbox 606 2241 768 2295; x_wconf 82' lang='grc' dir='ltr'>αὐτοῦ</span> <span class='ocrx_word' id='word_1_309' title='bbox 821 2244 1116 2315; x_wconf 85' lang='grc' dir='ltr'>συνίστησι,</span> <span class='ocrx_word' id='word_1_310' title='bbox 1158 2246 1251 2299; x_wconf 69' lang='grc' dir='ltr'><strong>καὶ¹</strong></span> <span class='ocrx_word' id='word_1_311' title='bbox 1302 2248 1518 2316; x_wconf 86' lang='grc' dir='ltr'>συνάγει</span> <span class='ocrx_word' id='word_1_312' title='bbox 1550 2252 1678 2321; x_wconf 76' lang='grc' dir='ltr'>περὶ</span> <span class='ocrx_word' id='word_1_313' title='bbox 1706 2253 1876 2319; x_wconf 89' lang='grc' dir='ltr'>Λόγου</span> 
     </span>
    </p>
   </div>
   <div class='ocr_carea' id='block_1_41' title="bbox 315 2329 1880 2409">
    <p class='ocr_par' dir='ltr' id='par_1_41' title="bbox 315 2329 1880 2409">
     <span class='ocr_line' id='line_1_41' title="bbox 315 2329 1880 2409; baseline 0.008 -29"><span class='ocrx_word' id='word_1_314' title='bbox 315 2329 469 2393; x_wconf 79' lang='grc' dir='ltr'>Θεοῦ,</span> <span class='ocrx_word' id='word_1_315' title='bbox 501 2329 756 2393; x_wconf 78' lang='grc' dir='ltr'>πλείστας</span> <span class='ocrx_word' id='word_1_316' title='bbox 776 2332 907 2393; x_wconf 81' lang='grc' dir='ltr'>ὅσας</span> <span class='ocrx_word' id='word_1_317' title='bbox 938 2334 1260 2406; x_wconf 89' lang='grc' dir='ltr'>μαρτυρίας.</span> <span class='ocrx_word' id='word_1_318' title='bbox 1285 2336 1396 2388; x_wconf 83' lang='grc' dir='ltr'>Ούκ</span> <span class='ocrx_word' id='word_1_319' title='bbox 1425 2333 1531 2408; x_wconf 87' lang='grc' dir='ltr'>ἆρα</span> <span class='ocrx_word' id='word_1_320' title='bbox 1559 2334 1625 2409; x_wconf 82' lang='grc' dir='ltr'>ἦν</span> <span class='ocrx_word' id='word_1_321' title='bbox 1659 2340 1880 2407; x_wconf 84' lang='grc' dir='ltr'>ἀγνοού-</span> 
     </span>
    </p>
   </div>
   <div class='ocr_carea' id='block_1_42' title="bbox 316 2421 1876 2499">
    <p class='ocr_par' dir='ltr' id='par_1_42' title="bbox 316 2421 1876 2499">
     <span class='ocr_line' id='line_1_42' title="bbox 316 2421 1876 2499; baseline 0.008 -27"><span class='ocrx_word' id='word_1_322' title='bbox 316 2438 474 2490; x_wconf 85' lang='grc' dir='ltr'>μενος</span> <span class='ocrx_word' id='word_1_323' title='bbox 500 2421 577 2491; x_wconf 80' lang='grc' dir='ltr'>τῴ</span> <span class='ocrx_word' id='word_1_324' title='bbox 610 2423 856 2495; x_wconf 84' lang='grc' dir='ltr'>προτέρῳ</span> <span class='ocrx_word' id='word_1_325' title='bbox 882 2423 1014 2494; x_wconf 81' lang='grc' dir='ltr'><strong>λαῷ’</strong></span> <span class='ocrx_word' id='word_1_326' title='bbox 1046 2428 1243 2489; x_wconf 87' lang='grc' dir='ltr'>πάντες</span> <span class='ocrx_word' id='word_1_327' title='bbox 1272 2428 1379 2499; x_wconf 82' lang='grc' dir='ltr'><strong>γὰρ</strong></span> <span class='ocrx_word' id='word_1_328' title='bbox 1406 2431 1581 2492; x_wconf 74' lang='grc' dir='ltr'>αὐτοὶ,</span> <span class='ocrx_word' id='word_1_329' title='bbox 1618 2433 1741 2495; x_wconf 75' lang='grc' dir='ltr'>τοὺς</span> <span class='ocrx_word' id='word_1_330' title='bbox 1768 2450 1876 2485; x_wconf 81' lang='grc' dir='ltr'>τοι·</span> 
     </span>
    </p>
   </div>
   <div class='ocr_carea' id='block_1_43' title="bbox 310 2510 1880 2594">
    <p class='ocr_par' dir='ltr' id='par_1_43' title="bbox 310 2510 1880 2594">
     <span class='ocr_line' id='line_1_43' title="bbox 310 2510 1880 2594; baseline 0.009 -31"><span class='ocrx_word' id='word_1_331' title='bbox 310 2510 496 2576; x_wconf 90' lang='grc' dir='ltr'>ούτους</span> <span class='ocrx_word' id='word_1_332' title='bbox 528 2513 717 2582; x_wconf 85' lang='grc' dir='ltr'>λόγους</span> <span class='ocrx_word' id='word_1_333' title='bbox 749 2515 942 2585; x_wconf 65' lang='grc' dir='ltr'><strong>⁴ᾔδεσαν</strong></span> <span class='ocrx_word' id='word_1_334' title='bbox 980 2516 1083 2569; x_wconf 86' lang='grc' dir='ltr'><strong>ἀνά</strong></span> <span class='ocrx_word' id='word_1_335' title='bbox 1110 2518 1298 2587; x_wconf 84' lang='grc' dir='ltr'>στόμα,</span> <span class='ocrx_word' id='word_1_336' title='bbox 1337 2522 1429 2573; x_wconf 76' lang='grc' dir='ltr'><strong>καὶ</strong></span> <span class='ocrx_word' id='word_1_337' title='bbox 1453 2521 1540 2575; x_wconf 84' lang='grc' dir='ltr'>διὰ</span> <span class='ocrx_word' id='word_1_338' title='bbox 1574 2526 1788 2594; x_wconf 71' lang='grc' dir='ltr'>μνήμης</span> <span class='ocrx_word' id='word_1_339' title='bbox 1812 2525 1880 2577; x_wconf 68' lang='grc' dir='ltr'>τὰ</span> 
     </span>
    </p>
   </div>
   <div class='ocr_carea' id='block_1_44' title="bbox 312 2606 1877 2686">
    <p class='ocr_par' dir='ltr' id='par_1_44' title="bbox 312 2606 1877 2686">
     <span class='ocr_line' id='line_1_44' title="bbox 312 2606 1877 2686; baseline 0.01 -30"><span class='ocrx_word' id='word_1_340' title='bbox 312 2607 621 2675; x_wconf 76' lang='grc' dir='ltr'>προφητικά</span> <span class='ocrx_word' id='word_1_341' title='bbox 642 2606 794 2675; x_wconf 90' lang='grc' dir='ltr'>λόγια</span> <span class='ocrx_word' id='word_1_342' title='bbox 818 2609 1091 2680; x_wconf 77' lang='grc' dir='ltr'>φέροντες.</span> <span class='ocrx_word' id='word_1_343' title='bbox 1126 2611 1282 2664; x_wconf 86' lang='grc' dir='ltr'>Ἀλλά</span> <span class='ocrx_word' id='word_1_344' title='bbox 1302 2614 1389 2666; x_wconf 90' lang='grc' dir='ltr'><strong>τὸν</strong></span> <span class='ocrx_word' id='word_1_345' title='bbox 1417 2619 1742 2686; x_wconf 83' lang='grc' dir='ltr'>γραμματέα</span> <span class='ocrx_word' id='word_1_346' title='bbox 1772 2619 1877 2670; x_wconf 82' lang='grc' dir='ltr'><strong>τῶν</strong></span> 
     </span>
    </p>
   </div>
   <div class='ocr_carea' id='block_1_45' title="bbox 326 2696 1876 2775">
    <p class='ocr_par' dir='ltr' id='par_1_45' title="bbox 326 2696 1876 2775">
     <span class='ocr_line' id='line_1_45' title="bbox 326 2696 1876 2775; baseline 0.01 -28"><span class='ocrx_word' id='word_1_347' title='bbox 326 2696 585 2749; x_wconf 84' lang='grc' dir='ltr'>Ἰουδαίων</span> <span class='ocrx_word' id='word_1_348' title='bbox 611 2701 741 2769; x_wconf 81' lang='grc' dir='ltr'>ἡμῖν</span> <span class='ocrx_word' id='word_1_349' title='bbox 771 2702 799 2753; x_wconf 98' lang='lat'><strong>6</strong></span> <span class='ocrx_word' id='word_1_350' title='bbox 831 2702 1147 2771; x_wconf 86' lang='grc' dir='ltr'>Χριστιανὸς</span> <span class='ocrx_word' id='word_1_351' title='bbox 1178 2705 1517 2775; x_wconf 85' lang='grc' dir='ltr'>προῖσχεται·</span> <span class='ocrx_word' id='word_1_352' title='bbox 1546 2708 1642 2760; x_wconf 81' lang='grc' dir='ltr'><strong>οὐκ</strong></span> <span class='ocrx_word' id='word_1_353' title='bbox 1668 2710 1876 2762; x_wconf 87' lang='grc' dir='ltr'>ἀκούων</span> 
     </span>
    </p>
   </div>
   <div class='ocr_carea' id='block_1_46' title="bbox 309 2784 1874 2865">
    <p class='ocr_par' dir='ltr' id='par_1_46' title="bbox 309 2784 1874 2865">
     <span class='ocr_line' id='line_1_46' title="bbox 309 2784 1874 2865; baseline 0.012 -29"><span class='ocrx_word' id='word_1_354' title='bbox 309 2784 404 2837; x_wconf 77' lang='grc' dir='ltr'>τοῦ</span> <span class='ocrx_word' id='word_1_355' title='bbox 428 2787 673 2859; x_wconf 71' lang='grc' dir='ltr'>Σωτῆρος</span> <span class='ocrx_word' id='word_1_356' title='bbox 700 2790 968 2859; x_wconf 87' lang='grc' dir='ltr'>λέγοντος,</span> <span class='ocrx_word' id='word_1_357' title='bbox 1002 2794 1145 2846; x_wconf 76' lang='grc' dir='ltr'><strong>Οὐαὶ</strong></span> <span class='ocrx_word' id='word_1_358' title='bbox 1182 2794 1340 2863; x_wconf 77' lang='grc' dir='ltr'>ὑμῖν,</span> <span class='ocrx_word' id='word_1_359' title='bbox 1373 2799 1745 2865; x_wconf 77' lang='grc' dir='ltr'>γραμματεῖς,</span> <span class='ocrx_word' id='word_1_360' title='bbox 1779 2801 1874 2854; x_wconf 78' lang='grc' dir='ltr'><strong>καί</strong></span> 
     </span>
    </p>
   </div>
   <div class='ocr_carea' id='block_1_47' title="bbox 307 2878 1877 2964">
    <p class='ocr_par' dir='ltr' id='par_1_47' title="bbox 307 2878 1877 2964">
     <span class='ocr_line' id='line_1_47' title="bbox 307 2878 1877 2964; baseline 0.01 -35"><span class='ocrx_word' id='word_1_361' title='bbox 307 2878 615 2945; x_wconf 80' lang='grc' dir='ltr'>Φαρισαῖοι</span> <span class='ocrx_word' id='word_1_362' title='bbox 638 2883 965 2949; x_wconf 73' lang='grc' dir='ltr'>ὑποκριταὶ,</span> <span class='ocrx_word' id='word_1_363' title='bbox 1006 2884 1270 2955; x_wconf 80' lang='grc' dir='ltr'>θαυμάζει</span> <span class='ocrx_word' id='word_1_364' title='bbox 1300 2904 1357 2939; x_wconf 88' lang='grc' dir='ltr'><strong>τε</strong></span> <span class='ocrx_word' id='word_1_365' title='bbox 1401 2889 1560 2941; x_wconf 76' lang='grc' dir='ltr'>αὑτὸν</span> <span class='ocrx_word' id='word_1_366' title='bbox 1594 2890 1697 2961; x_wconf 67' lang='grc'><strong>(49)</strong></span> <span class='ocrx_word' id='word_1_367' title='bbox 1731 2892 1877 2964; x_wconf 82' lang='grc' dir='ltr'>ὅρκῳ</span> 
     </span>
    </p>
   </div>
   <div class='ocr_carea' id='block_1_48' title="bbox 308 2971 1875 3044">
    <p class='ocr_par' dir='ltr' id='par_1_48' title="bbox 308 2971 1875 3044">
     <span class='ocr_line' id='line_1_48' title="bbox 308 2971 1875 3044; baseline 0.011 -23"><span class='ocrx_word' id='word_1_368' title='bbox 308 2971 669 3041; x_wconf 82' lang='grc' dir='ltr'>πιστούμενον</span> <span class='ocrx_word' id='word_1_369' title='bbox 717 2975 795 3027; x_wconf 82' lang='grc' dir='ltr'><strong>ὅτι</strong></span> <span class='ocrx_word' id='word_1_370' title='bbox 836 2974 938 3041; x_wconf 83' lang='grc' dir='ltr'><strong>Εἷς</strong></span> <span class='ocrx_word' id='word_1_371' title='bbox 976 2977 1146 3030; x_wconf 78' lang='grc' dir='ltr'>ἐστιν</span> <span class='ocrx_word' id='word_1_372' title='bbox 1184 2982 1216 3032; x_wconf 87' lang='grc' dir='ltr'><strong>ό</strong></span> <span class='ocrx_word' id='word_1_373' title='bbox 1263 2980 1424 3044; x_wconf 79' lang='grc' dir='ltr'>Θεὸς,</span> <span class='ocrx_word' id='word_1_374' title='bbox 1472 2982 1567 3034; x_wconf 79' lang='grc' dir='ltr'>καὶ</span> <span class='ocrx_word' id='word_1_375' title='bbox 1610 2985 1720 3037; x_wconf 82' lang='grc' dir='ltr'>οὐκ</span> <span class='ocrx_word' id='word_1_376' title='bbox 1746 2986 1875 3038; x_wconf 79' lang='grc' dir='ltr'>ἐστι</span> 
     </span>
    </p>
   </div>
   <div class='ocr_carea' id='block_1_49' title="bbox 307 3059 1875 3142">
    <p class='ocr_par' dir='ltr' id='par_1_49' title="bbox 307 3059 1875 3142">
     <span class='ocr_line' id='line_1_49' title="bbox 307 3059 1875 3142; baseline 0.009 -29"><span class='ocrx_word' id='word_1_377' title='bbox 307 3059 479 3126; x_wconf 71' lang='grc' dir='ltr'><strong>πλὴν</strong></span> <span class='ocrx_word' id='word_1_378' title='bbox 520 3063 722 3127; x_wconf 79' lang='grc' dir='ltr'>αὑτοῦ,</span> <span class='ocrx_word' id='word_1_379' title='bbox 757 3064 853 3117; x_wconf 78' lang='grc' dir='ltr'><strong>οὐκ</strong></span> <span class='ocrx_word' id='word_1_380' title='bbox 884 3065 1059 3131; x_wconf 88' lang='grc' dir='ltr'>εἰδὼς,</span> <span class='ocrx_word' id='word_1_381' title='bbox 1098 3068 1177 3121; x_wconf 84' lang='grc' dir='ltr'>ὃτι</span> <span class='ocrx_word' id='word_1_382' title='bbox 1211 3069 1303 3122; x_wconf 75' lang='grc' dir='ltr'><strong>καὶ</strong></span> <span class='ocrx_word' id='word_1_383' title='bbox 1347 3070 1414 3122; x_wconf 84' lang='grc' dir='ltr'><strong>τά</strong></span> <span class='ocrx_word' id='word_1_384' title='bbox 1460 3070 1740 3142; x_wconf 79' lang='grc' dir='ltr'>ιδαιμόνια</span> <span class='ocrx_word' id='word_1_385' title='bbox 1789 3093 1875 3129; x_wconf 89' lang='grc' dir='ltr'>πι-</span> 
     </span>
    </p>
   </div>
   <div class='ocr_carea' id='block_1_50' title="bbox 314 3149 1874 3228">
    <p class='ocr_par' dir='ltr' id='par_1_50' title="bbox 314 3149 1874 3228">
     <span class='ocr_line' id='line_1_50' title="bbox 314 3149 1874 3228; baseline 0.01 -28"><span class='ocrx_word' id='word_1_386' title='bbox 314 3169 332 3199; x_wconf 78' lang='grc' dir='ltr'><strong>ι</strong></span> <span class='ocrx_word' id='word_1_387' title='bbox 358 3149 629 3213; x_wconf 85' lang='grc' dir='ltr'>στεύουσι,</span> <span class='ocrx_word' id='word_1_388' title='bbox 660 3154 750 3205; x_wconf 74' lang='grc' dir='ltr'><strong>καὶ</strong></span> <span class='ocrx_word' id='word_1_389' title='bbox 778 3155 1070 3222; x_wconf 83' lang='grc' dir='ltr'>φρίττουσι.</span> <span class='ocrx_word' id='word_1_390' title='bbox 1099 3175 1119 3209; x_wconf 72' lang='grc' dir='ltr'><strong>ι</strong></span> <span class='ocrx_word' id='word_1_391' title='bbox 1162 3157 1326 3228; x_wconf 86' lang='grc' dir='ltr'>Τήρει</span> <span class='ocrx_word' id='word_1_392' title='bbox 1360 3159 1414 3211; x_wconf 85' lang='grc' dir='ltr'><strong>δὲ</strong></span> <span class='ocrx_word' id='word_1_393' title='bbox 1435 3160 1579 3223; x_wconf 84' lang='grc' dir='ltr'>ὅπως</span> <span class='ocrx_word' id='word_1_394' title='bbox 1613 3162 1669 3227; x_wconf 80' lang='grc' dir='ltr'><strong>ἐξ</strong></span> <span class='ocrx_word' id='word_1_395' title='bbox 1698 3163 1874 3216; x_wconf 78' lang='grc' dir='ltr'>αὐτῶν</span> 
     </span>
    </p>
   </div>
   <div class='ocr_carea' id='block_1_51' title="bbox 306 3243 1869 3322">
    <p class='ocr_par' dir='ltr' id='par_1_51' title="bbox 306 3243 1869 3322">
     <span class='ocr_line' id='line_1_51' title="bbox 306 3243 1869 3322; baseline 0.01 -30"><span class='ocrx_word' id='word_1_396' title='bbox 306 3243 416 3296; x_wconf 80' lang='grc' dir='ltr'>τῶν</span> <span class='ocrx_word' id='word_1_397' title='bbox 441 3245 789 3313; x_wconf 77' lang='grc' dir='ltr'>προφητικῶν</span> <span class='ocrx_word' id='word_1_398' title='bbox 814 3246 1060 3317; x_wconf 85' lang='grc' dir='ltr'>Γραφῶν,</span> <span class='ocrx_word' id='word_1_399' title='bbox 1092 3249 1156 3302; x_wconf 77' lang='grc' dir='ltr'><strong>τὰ</strong></span> <span class='ocrx_word' id='word_1_400' title='bbox 1191 3252 1314 3322; x_wconf 81' lang='grc' dir='ltr'>περὶ</span> <span class='ocrx_word' id='word_1_401' title='bbox 1339 3251 1509 3318; x_wconf 87' lang='grc' dir='ltr'>Λόγου</span> <span class='ocrx_word' id='word_1_402' title='bbox 1534 3253 1750 3322; x_wconf 86' lang='grc' dir='ltr'>συνάγει</span> <span class='ocrx_word' id='word_1_403' title='bbox 1776 3255 1869 3308; x_wconf 67' lang='grc' dir='ltr'>τοῦ</span> 
     </span>
    </p>
   </div>
   <div class='ocr_carea' id='block_1_52' title="bbox 306 3333 1873 3405">
    <p class='ocr_par' dir='ltr' id='par_1_52' title="bbox 306 3333 1873 3405">
     <span class='ocr_line' id='line_1_52' title="bbox 306 3333 1873 3405; baseline 0.01 -21"><span class='ocrx_word' id='word_1_404' title='bbox 306 3333 415 3385; x_wconf 82' lang='grc' dir='ltr'>τῶν</span> <span class='ocrx_word' id='word_1_405' title='bbox 444 3336 728 3405; x_wconf 86' lang='grc' dir='ltr'>πρακτέων</span> <span class='ocrx_word' id='word_1_406' title='bbox 767 3338 1171 3396; x_wconf 61' lang='grc' dir='ltr'>διδασκαλικῶν</span> <span class='ocrx_word' id='word_1_407' title='bbox 1206 3343 1263 3396; x_wconf 83' lang='grc' dir='ltr'>ὃν</span> <span class='ocrx_word' id='word_1_408' title='bbox 1304 3346 1395 3398; x_wconf 80' lang='grc' dir='ltr'><strong>καὶ</strong></span> <span class='ocrx_word' id='word_1_409' title='bbox 1442 3347 1704 3399; x_wconf 84' lang='grc' dir='ltr'>Ἰουδαίων</span> <span class='ocrx_word' id='word_1_410' title='bbox 1749 3351 1873 3400; x_wconf 79' lang='grc' dir='ltr'>παῖ-</span> 
     </span>
    </p>
   </div>
   <div class='ocr_carea' id='block_1_53' title="bbox 292 3424 1874 3509">
    <p class='ocr_par' dir='ltr' id='par_1_53' title="bbox 292 3424 1874 3509">
     <span class='ocr_line' id='line_1_53' title="bbox 292 3424 1874 3509; baseline 0.011 -34"><span class='ocrx_word' id='word_1_411' title='bbox 292 3424 390 3487; x_wconf 77' lang='grc' dir='ltr'><strong>δες</strong></span> <span class='ocrx_word' id='word_1_412' title='bbox 419 3427 701 3498; x_wconf 78' lang='grc' dir='ltr'>γνωρίζειν</span> <span class='ocrx_word' id='word_1_413' title='bbox 727 3431 1146 3502; x_wconf 86' lang='grc' dir='ltr'>ὁμολογήσουσιν</span> <span class='ocrx_word' id='word_1_414' title='bbox 1174 3435 1306 3505; x_wconf 83' lang='grc'>(50),</span> <span class='ocrx_word' id='word_1_415' title='bbox 1334 3437 1426 3490; x_wconf 82' lang='grc' dir='ltr'>ἆτε</span> <span class='ocrx_word' id='word_1_416' title='bbox 1452 3438 1557 3508; x_wconf 90' lang='grc' dir='ltr'><strong>πρὸ</strong></span> <span class='ocrx_word' id='word_1_417' title='bbox 1584 3440 1615 3509; x_wconf 75' lang='grc' dir='ltr'><strong>ἡ</strong></span> <span class='ocrx_word' id='word_1_418' title='bbox 1626 3437 1741 3508; x_wconf 82' lang='grc' dir='ltr'><strong>μῶν</strong></span> <span class='ocrx_word' id='word_1_419' title='bbox 1759 3438 1874 3491; x_wconf 79' lang='grc' dir='ltr'>τοῦ·</span> 
     </span>
    </p>
   </div>
   <div class='ocr_carea' id='block_1_54' title="bbox 303 3518 1872 3591">
    <p class='ocr_par' dir='ltr' id='par_1_54' title="bbox 303 3518 1872 3591">
     <span class='ocr_line' id='line_1_54' title="bbox 303 3518 1872 3591; baseline 0.011 -25"><span class='ocrx_word' id='word_1_420' title='bbox 303 3532 395 3567; x_wconf 85' lang='grc' dir='ltr'><strong>τον</strong></span> <span class='ocrx_word' id='word_1_421' title='bbox 448 3518 866 3590; x_wconf 75' lang='grc' dir='ltr'>παρειληφότες.</span> <span class='ocrx_word' id='word_1_422' title='bbox 929 3524 1067 3577; x_wconf 79' lang='grc' dir='ltr'>Ἀλλ’</span> <span class='ocrx_word' id='word_1_423' title='bbox 1100 3527 1220 3579; x_wconf 81' lang='grc' dir='ltr'>οὐδὲ</span> <span class='ocrx_word' id='word_1_424' title='bbox 1260 3527 1420 3590; x_wconf 78' lang='grc' dir='ltr'>αὐτὸς</span> <span class='ocrx_word' id='word_1_425' title='bbox 1462 3528 1744 3591; x_wconf 77' lang='grc' dir='ltr'>Σαὸἐλλιος</span> <span class='ocrx_word' id='word_1_426' title='bbox 1783 3530 1872 3583; x_wconf 89' lang='grc' dir='ltr'><strong>τὸν</strong></span> 
     </span>
    </p>
   </div>
   <div class='ocr_carea' id='block_1_55' title="bbox 306 3608 1871 3685">
    <p class='ocr_par' dir='ltr' id='par_1_55' title="bbox 306 3608 1871 3685">
     <span class='ocr_line' id='line_1_55' title="bbox 306 3608 1871 3685; baseline 0.01 -28"><span class='ocrx_word' id='word_1_427' title='bbox 306 3608 542 3661; x_wconf 79' lang='grc' dir='ltr'>τοιοῦτον</span> <span class='ocrx_word' id='word_1_428' title='bbox 576 3612 756 3679; x_wconf 68' lang='grc' dir='ltr'>ἠγνόει</span> <span class='ocrx_word' id='word_1_429' title='bbox 778 3614 967 3682; x_wconf 88' lang='grc' dir='ltr'>Λόγον.</span> <span class='ocrx_word' id='word_1_430' title='bbox 1004 3618 1126 3681; x_wconf 83' lang='grc' dir='ltr'><strong>Πῶς</strong></span> <span class='ocrx_word' id='word_1_431' title='bbox 1145 3614 1236 3671; x_wconf 79' lang='grc' dir='ltr'><strong>οὖν</strong></span> <span class='ocrx_word' id='word_1_432' title='bbox 1265 3620 1545 3685; x_wconf 87' lang='grc' dir='ltr'>Ἰουδαίους</span> <span class='ocrx_word' id='word_1_433' title='bbox 1573 3622 1664 3674; x_wconf 70' lang='grc' dir='ltr'>καὶ</span> <span class='ocrx_word' id='word_1_434' title='bbox 1686 3621 1871 3675; x_wconf 61' lang='lat' dir='ltr'><strong>mea.</strong></span> 
     </span>
    </p>
   </div>
   <div class='ocr_carea' id='block_1_56' title="bbox 307 3697 1871 3782">
    <p class='ocr_par' dir='ltr' id='par_1_56' title="bbox 307 3697 1871 3782">
     <span class='ocr_line' id='line_1_56' title="bbox 307 3697 1871 3782; baseline 0.011 -33"><span class='ocrx_word' id='word_1_435' title='bbox 307 3697 419 3750; x_wconf 88' lang='grc' dir='ltr'>λιον</span> <span class='ocrx_word' id='word_1_436' title='bbox 464 3700 695 3766; x_wconf 84' lang='grc' dir='ltr'>κόπτων,</span> <span class='ocrx_word' id='word_1_437' title='bbox 738 3704 808 3775; x_wconf 84' lang='grc' dir='ltr'>μὴ</span> <span class='ocrx_word' id='word_1_438' title='bbox 844 3707 1133 3774; x_wconf 81' lang='grc' dir='ltr'>ἐγνωκέναι</span> <span class='ocrx_word' id='word_1_439' title='bbox 1185 3710 1274 3761; x_wconf 88' lang='grc' dir='ltr'><strong>τὸν</strong></span> <span class='ocrx_word' id='word_1_440' title='bbox 1320 3711 1487 3779; x_wconf 86' lang='grc' dir='ltr'>Λόγον</span> <span class='ocrx_word' id='word_1_441' title='bbox 1545 3712 1667 3782; x_wconf 71' lang='grc' dir='ltr'>ἔφη,</span> <span class='ocrx_word' id='word_1_442' title='bbox 1702 3713 1765 3765; x_wconf 88' lang='grc' dir='ltr'>δι’</span> <span class='ocrx_word' id='word_1_443' title='bbox 1798 3707 1871 3764; x_wconf 82' lang='grc' dir='ltr'>ὧν</span> 
     </span>
    </p>
   </div>
   <div class='ocr_carea' id='block_1_57' title="bbox 312 3789 1869 3871">
    <p class='ocr_par' dir='ltr' id='par_1_57' title="bbox 312 3789 1869 3871">
     <span class='ocr_line' id='line_1_57' title="bbox 312 3789 1869 3871; baseline 0.011 -31"><span class='ocrx_word' id='word_1_444' title='bbox 312 3789 625 3861; x_wconf 79' lang='grc' dir='ltr'>παρεθέμην</span> <span class='ocrx_word' id='word_1_445' title='bbox 653 3792 816 3846; x_wconf 74' lang='grc' dir='ltr'>αὐτοῦ</span> <span class='ocrx_word' id='word_1_446' title='bbox 852 3797 1077 3865; x_wconf 84' lang='grc' dir='ltr'>φωνῶν;</span> <span class='ocrx_word' id='word_1_447' title='bbox 1126 3800 1233 3850; x_wconf 76' lang='grc' dir='ltr'>Καὶ</span> <span class='ocrx_word' id='word_1_448' title='bbox 1275 3800 1457 3871; x_wconf 78' lang='grc' dir='ltr'>ἐπειδὴ</span> <span class='ocrx_word' id='word_1_449' title='bbox 1494 3802 1869 3871; x_wconf 76' lang='grc' dir='ltr'>ἀποπέφανται</span> 
     </span>
    </p>
   </div>
   <div class='ocr_carea' id='block_1_58' title="bbox 306 3882 1870 3959">
    <p class='ocr_par' dir='ltr' id='par_1_58' title="bbox 306 3882 1870 3959">
     <span class='ocr_line' id='line_1_58' title="bbox 306 3882 1870 3959; baseline 0.01 -27"><span class='ocrx_word' id='word_1_450' title='bbox 306 3882 334 3932; x_wconf 92' lang='lat'><strong>6</strong></span> <span class='ocrx_word' id='word_1_451' title='bbox 359 3883 538 3946; x_wconf 75' lang='grc' dir='ltr'>αὐτὸς,</span> <span class='ocrx_word' id='word_1_452' title='bbox 580 3884 666 3938; x_wconf 79' lang='grc' dir='ltr'><strong>διὰ</strong></span> <span class='ocrx_word' id='word_1_453' title='bbox 705 3886 811 3940; x_wconf 82' lang='grc' dir='ltr'><strong>τῶν</strong></span> <span class='ocrx_word' id='word_1_454' title='bbox 839 3888 1160 3959; x_wconf 77' lang='grc' dir='ltr'>ἔμπροσθεν,</span> <span class='ocrx_word' id='word_1_455' title='bbox 1206 3892 1279 3955; x_wconf 83' lang='grc' dir='ltr'>ὡς</span> <span class='ocrx_word' id='word_1_456' title='bbox 1320 3892 1489 3955; x_wconf 71' lang='grc' dir='ltr'>οὐδεὶς</span> <span class='ocrx_word' id='word_1_457' title='bbox 1522 3893 1739 3946; x_wconf 75' lang='grc' dir='ltr'>ἐδύνατο</span> <span class='ocrx_word' id='word_1_458' title='bbox 1780 3896 1870 3947; x_wconf 88' lang='grc' dir='ltr'><strong>τὸν</strong></span> 
     </span>
    </p>
   </div>
   <div class='ocr_carea' id='block_1_59' title="bbox 307 3966 1865 4059">
    <p class='ocr_par' dir='ltr' id='par_1_59' title="bbox 307 3966 1865 4059">
     <span class='ocr_line' id='line_1_59' title="bbox 307 3966 1865 4059; baseline 0.01 -35"><span class='ocrx_word' id='word_1_459' title='bbox 307 3972 437 4026; x_wconf 88' lang='grc' dir='ltr'>Θεὸν</span> <span class='ocrx_word' id='word_1_460' title='bbox 480 3976 694 4037; x_wconf 79' lang='grc' dir='ltr'>εἰδέναι,</span> <span class='ocrx_word' id='word_1_461' title='bbox 727 3980 844 4032; x_wconf 79' lang='grc' dir='ltr'>οὐδὲ</span> <span class='ocrx_word' id='word_1_462' title='bbox 872 3982 962 4034; x_wconf 87' lang='grc' dir='ltr'><strong>τὸν</strong></span> <span class='ocrx_word' id='word_1_463' title='bbox 993 3982 1160 4049; x_wconf 87' lang='grc' dir='ltr'>Λόγον</span> <span class='ocrx_word' id='word_1_464' title='bbox 1187 3982 1466 4053; x_wconf 81' lang='grc' dir='ltr'>γνωρίζειν</span> <span class='ocrx_word' id='word_1_465' title='bbox 1494 3966 1656 4039; x_wconf 76' lang='grc' dir='ltr'><strong>αύτοῦ</strong></span> <span class='ocrx_word' id='word_1_466' title='bbox 1710 3988 1757 4038; x_wconf 87' lang='grc' dir='ltr'><strong>εί</strong></span> <span class='ocrx_word' id='word_1_467' title='bbox 1793 3988 1865 4059; x_wconf 85' lang='grc' dir='ltr'>μὴ</span> 
     </span>
    </p>
   </div>
   <div class='ocr_carea' id='block_1_60' title="bbox 307 4062 1868 4147">
    <p class='ocr_par' dir='ltr' id='par_1_60' title="bbox 307 4062 1868 4147">
     <span class='ocr_line' id='line_1_60' title="bbox 307 4062 1868 4147; baseline 0.009 -32"><span class='ocrx_word' id='word_1_468' title='bbox 307 4062 402 4134; x_wconf 77' lang='grc' dir='ltr'>τὴν</span> <span class='ocrx_word' id='word_1_469' title='bbox 441 4067 621 4121; x_wconf 80' lang='grc' dir='ltr'>εἰκόνα</span> <span class='ocrx_word' id='word_1_470' title='bbox 671 4069 877 4139; x_wconf 76' lang='grc' dir='ltr'>εἰλήφει</span> <span class='ocrx_word' id='word_1_471' title='bbox 905 4071 997 4123; x_wconf 82' lang='grc' dir='ltr'>τοῦ</span> <span class='ocrx_word' id='word_1_472' title='bbox 1055 4073 1282 4144; x_wconf 85' lang='grc' dir='ltr'>ἀοράτου</span> <span class='ocrx_word' id='word_1_473' title='bbox 1323 4072 1477 4137; x_wconf 79' lang='grc' dir='ltr'>Θεοῦ,</span> <span class='ocrx_word' id='word_1_474' title='bbox 1534 4075 1730 4147; x_wconf 84' lang='grc' dir='ltr'>δηλαδὴ</span> <span class='ocrx_word' id='word_1_475' title='bbox 1772 4077 1868 4147; x_wconf 81' lang='grc' dir='ltr'><strong>τὴν</strong></span> 
     </span>
    </p>
   </div>
   <div class='ocr_carea' id='block_1_61' title="bbox 309 4154 1867 4236">
    <p class='ocr_par' dir='ltr' id='par_1_61' title="bbox 309 4154 1867 4236">
     <span class='ocr_line' id='line_1_61' title="bbox 309 4154 1867 4236; baseline 0.01 -30"><span class='ocrx_word' id='word_1_476' title='bbox 309 4154 501 4224; x_wconf 88' lang='grc' dir='ltr'>σάρκα,</span> <span class='ocrx_word' id='word_1_477' title='bbox 536 4158 612 4221; x_wconf 83' lang='grc' dir='ltr'>ὡς</span> <span class='ocrx_word' id='word_1_478' title='bbox 644 4160 801 4224; x_wconf 69' lang='grc' dir='ltr'>αὐτὸς</span> <span class='ocrx_word' id='word_1_479' title='bbox 829 4161 967 4232; x_wconf 75' lang='grc' dir='ltr'><strong>ἔφη’</strong></span> <span class='ocrx_word' id='word_1_480' title='bbox 1020 4162 1127 4230; x_wconf 79' lang='grc' dir='ltr'>(διὰ</span> <span class='ocrx_word' id='word_1_481' title='bbox 1172 4164 1336 4233; x_wconf 91' lang='grc' dir='ltr'>μόνης</span> <span class='ocrx_word' id='word_1_482' title='bbox 1367 4164 1474 4235; x_wconf 84' lang='grc' dir='ltr'>γὰρ</span> <span class='ocrx_word' id='word_1_483' title='bbox 1525 4166 1622 4236; x_wconf 85' lang='grc' dir='ltr'>τῆς</span> <span class='ocrx_word' id='word_1_484' title='bbox 1663 4168 1867 4232; x_wconf 87' lang='grc' dir='ltr'>εἰκόνος</span> 
     </span>
    </p>
   </div>
   <div class='ocr_carea' id='block_1_62' title="bbox 304 4247 1868 4323">
    <p class='ocr_par' dir='ltr' id='par_1_62' title="bbox 304 4247 1868 4323">
     <span class='ocr_line' id='line_1_62' title="bbox 304 4247 1868 4323; baseline 0.008 -26"><span class='ocrx_word' id='word_1_485' title='bbox 304 4247 659 4318; x_wconf 78' lang='grc' dir='ltr'>γνωρίζεσθαι</span> <span class='ocrx_word' id='word_1_486' title='bbox 699 4250 790 4304; x_wconf 90' lang='grc' dir='ltr'><strong>τὸν</strong></span> <span class='ocrx_word' id='word_1_487' title='bbox 821 4251 951 4304; x_wconf 85' lang='grc' dir='ltr'>Θεὸν</span> <span class='ocrx_word' id='word_1_488' title='bbox 984 4253 1075 4305; x_wconf 81' lang='grc' dir='ltr'><strong>καὶ</strong></span> <span class='ocrx_word' id='word_1_489' title='bbox 1106 4252 1195 4305; x_wconf 86' lang='grc' dir='ltr'><strong>τὸν</strong></span> <span class='ocrx_word' id='word_1_490' title='bbox 1242 4254 1426 4317; x_wconf 85' lang='grc' dir='ltr'>τούτου</span> <span class='ocrx_word' id='word_1_491' title='bbox 1470 4255 1639 4323; x_wconf 90' lang='grc' dir='ltr'>Λόγον</span> <span class='ocrx_word' id='word_1_492' title='bbox 1679 4257 1868 4310; x_wconf 86' lang='grc' dir='ltr'>διετεί-</span> 
     </span>
    </p>
   </div>
   <div class='ocr_carea' id='block_1_63' title="bbox 306 4340 1938 4428">
    <p class='ocr_par' dir='ltr' id='par_1_63' title="bbox 306 4340 1938 4428">
     <span class='ocr_line' id='line_1_63' title="bbox 306 4340 1938 4428; baseline 0.008 -39"><span class='ocrx_word' id='word_1_493' title='bbox 306 4356 450 4402; x_wconf 90' lang='grc' dir='ltr'>νατο,</span> <span class='ocrx_word' id='word_1_494' title='bbox 482 4340 579 4411; x_wconf 82' lang='grc' dir='ltr'>τὴν</span> <span class='ocrx_word' id='word_1_495' title='bbox 614 4342 790 4413; x_wconf 90' lang='grc' dir='ltr'>σάρκα</span> <span class='ocrx_word' id='word_1_496' title='bbox 826 4343 996 4413; x_wconf 87' lang='grc' dir='ltr'>λέγων</span> <span class='ocrx_word' id='word_1_497' title='bbox 1050 4342 1304 4417; x_wconf 80' lang='grc' dir='ltr'>εἶναιτὴν</span> <span class='ocrx_word' id='word_1_498' title='bbox 1338 4347 1517 4400; x_wconf 84' lang='grc' dir='ltr'>εἰκόνα</span> <span class='ocrx_word' id='word_1_499' title='bbox 1621 4350 1861 4422; x_wconf 80' lang='grc' dir='ltr'>ὑπομνη-</span> <span class='ocrx_word' id='word_1_500' title='bbox 1897 4374 1938 4428; x_wconf 76' lang='lat' dir='ltr'><strong>D</strong></span> 
     </span>
    </p>
   </div>
   <div class='ocr_carea' id='block_1_64' title="bbox 308 4428 1901 4510">
    <p class='ocr_par' dir='ltr' id='par_1_64' title="bbox 308 4428 1901 4510">
     <span class='ocr_line' id='line_1_64' title="bbox 308 4428 1901 4510; baseline 0.006 -31"><span class='ocrx_word' id='word_1_501' title='bbox 308 4428 455 4482; x_wconf 83' lang='grc' dir='ltr'>στέον</span> <span class='ocrx_word' id='word_1_502' title='bbox 503 4430 589 4483; x_wconf 74' lang='grc' dir='ltr'>διὰ</span> <span class='ocrx_word' id='word_1_503' title='bbox 622 4432 728 4485; x_wconf 84' lang='grc' dir='ltr'><strong>τῶν</strong></span> <span class='ocrx_word' id='word_1_504' title='bbox 778 4436 1149 4505; x_wconf 89' lang='grc' dir='ltr'>προκειμένων</span> <span class='ocrx_word' id='word_1_505' title='bbox 1195 4436 1269 4499; x_wconf 86' lang='grc' dir='ltr'>ὡς</span> <span class='ocrx_word' id='word_1_506' title='bbox 1293 4435 1413 4506; x_wconf 88' lang='grc' dir='ltr'>δίχα</span> <span class='ocrx_word' id='word_1_507' title='bbox 1465 4437 1561 4508; x_wconf 84' lang='grc' dir='ltr'>τῆς</span> <span class='ocrx_word' id='word_1_508' title='bbox 1604 4440 1901 4510; x_wconf 78' lang='grc' dir='ltr'>ὲνσάρκουο</span> 
     </span>
    </p>
   </div>
   <div class='ocr_carea' id='block_1_65' title="bbox 306 4521 1867 4594">
    <p class='ocr_par' dir='ltr' id='par_1_65' title="bbox 306 4521 1867 4594">
     <span class='ocr_line' id='line_1_65' title="bbox 306 4521 1867 4594; baseline 0.007 -24"><span class='ocrx_word' id='word_1_509' title='bbox 306 4521 598 4589; x_wconf 79' lang='grc' dir='ltr'>παρουσίας</span> <span class='ocrx_word' id='word_1_510' title='bbox 628 4523 861 4577; x_wconf 84' lang='grc' dir='ltr'>Ἰουδαῖοι</span> <span class='ocrx_word' id='word_1_511' title='bbox 911 4526 1108 4589; x_wconf 82' lang='grc' dir='ltr'>πάντες</span> <span class='ocrx_word' id='word_1_512' title='bbox 1153 4526 1242 4579; x_wconf 83' lang='grc' dir='ltr'><strong>τὸν</strong></span> <span class='ocrx_word' id='word_1_513' title='bbox 1266 4525 1418 4594; x_wconf 89' lang='grc' dir='ltr'>λόγον</span> <span class='ocrx_word' id='word_1_514' title='bbox 1461 4526 1552 4579; x_wconf 82' lang='grc' dir='ltr'>τοῦ</span> <span class='ocrx_word' id='word_1_515' title='bbox 1585 4527 1740 4591; x_wconf 80' lang='grc' dir='ltr'>Θεοῦ,</span> <span class='ocrx_word' id='word_1_516' title='bbox 1774 4529 1867 4581; x_wconf 76' lang='grc' dir='ltr'><strong>καὶ</strong></span> 
     </span>
    </p>
   </div>
   <div class='ocr_carea' id='block_1_66' title="bbox 300 4610 1865 4690">
    <p class='ocr_par' dir='ltr' id='par_1_66' title="bbox 300 4610 1865 4690">
     <span class='ocr_line' id='line_1_66' title="bbox 300 4610 1865 4690; baseline 0.008 -30"><span class='ocrx_word' id='word_1_517' title='bbox 300 4610 423 4673; x_wconf 82' lang='grc' dir='ltr'>τοὺς</span> <span class='ocrx_word' id='word_1_518' title='bbox 463 4611 652 4680; x_wconf 91' lang='grc' dir='ltr'>λόγους</span> <span class='ocrx_word' id='word_1_519' title='bbox 682 4615 805 4677; x_wconf 77' lang='grc' dir='ltr'>τοὺς</span> <span class='ocrx_word' id='word_1_520' title='bbox 843 4617 900 4667; x_wconf 83' lang='grc' dir='ltr'><strong>ἐν</strong></span> <span class='ocrx_word' id='word_1_521' title='bbox 924 4620 1041 4679; x_wconf 83' lang='grc' dir='ltr'>ταῖς</span> <span class='ocrx_word' id='word_1_522' title='bbox 1073 4621 1432 4688; x_wconf 82' lang='grc' dir='ltr'>προφητικαῖς</span> <span class='ocrx_word' id='word_1_523' title='bbox 1459 4623 1715 4690; x_wconf 83' lang='grc' dir='ltr'>γραφαῖς,</span> <span class='ocrx_word' id='word_1_524' title='bbox 1758 4619 1865 4671; x_wconf 84' lang='grc' dir='ltr'><strong>τῶν</strong></span> 
     </span>
    </p>
   </div>
   <div class='ocr_carea' id='block_1_67' title="bbox 302 4701 1867 4782">
    <p class='ocr_par' dir='ltr' id='par_1_67' title="bbox 302 4701 1867 4782">
     <span class='ocr_line' id='line_1_67' title="bbox 302 4701 1867 4782; baseline 0.009 -31"><span class='ocrx_word' id='word_1_525' title='bbox 302 4701 460 4754; x_wconf 80' lang='grc' dir='ltr'>ὁσίων</span> <span class='ocrx_word' id='word_1_526' title='bbox 500 4704 675 4775; x_wconf 79' lang='grc' dir='ltr'>ἔργων</span> <span class='ocrx_word' id='word_1_527' title='bbox 734 4709 1216 4778; x_wconf 78' lang='grc' dir='ltr'>παραγγελτικοὺς,</span> <span class='ocrx_word' id='word_1_528' title='bbox 1262 4711 1501 4781; x_wconf 79' lang='grc' dir='ltr'>ἀκριϐῶς</span> <span class='ocrx_word' id='word_1_529' title='bbox 1554 4712 1765 4782; x_wconf 62' lang='grc' dir='ltr'><strong>⁴ᾔδεσαν,</strong></span> <span class='ocrx_word' id='word_1_530' title='bbox 1810 4714 1867 4777; x_wconf 78' lang='grc' dir='ltr'>ἐξ</span> 
     </span>
    </p>
   </div>
   <div class='ocr_carea' id='block_1_68' title="bbox 302 4790 1866 4871">
    <p class='ocr_par' dir='ltr' id='par_1_68' title="bbox 302 4790 1866 4871">
     <span class='ocr_line' id='line_1_68' title="bbox 302 4790 1866 4871; baseline 0.01 -30"><span class='ocrx_word' id='word_1_531' title='bbox 302 4790 523 4846; x_wconf 83' lang='grc' dir='ltr'>ἁπαλῶν</span> <span class='ocrx_word' id='word_1_532' title='bbox 575 4797 778 4867; x_wconf 83' lang='grc' dir='ltr'>ὀνύχων</span> <span class='ocrx_word' id='word_1_533' title='bbox 827 4799 1045 4863; x_wconf 88' lang='grc' dir='ltr'>τούτους</span> <span class='ocrx_word' id='word_1_534' title='bbox 1091 4801 1587 4871; x_wconf 86' lang='grc' dir='ltr'>καταμελετῶντες·</span> <span class='ocrx_word' id='word_1_535' title='bbox 1636 4806 1727 4855; x_wconf 73' lang='grc' dir='ltr'><strong>καὶ</strong></span> <span class='ocrx_word' id='word_1_536' title='bbox 1777 4805 1866 4858; x_wconf 86' lang='grc' dir='ltr'><strong>τὸν</strong></span> 
     </span>
    </p>
   </div>
   <div class='ocr_carea' id='block_1_69' title="bbox 300 4882 1860 4964">
    <p class='ocr_par' dir='ltr' id='par_1_69' title="bbox 300 4882 1860 4964">
     <span class='ocr_line' id='line_1_69' title="bbox 300 4882 1860 4964; baseline 0.01 -32"><span class='ocrx_word' id='word_1_537' title='bbox 300 4882 433 4935; x_wconf 65' lang='grc' dir='ltr'>Θεὸι</span> <span class='ocrx_word' id='word_1_538' title='bbox 459 4885 765 4957; x_wconf 82' lang='grc' dir='ltr'>ὡμολόγουν</span> <span class='ocrx_word' id='word_1_539' title='bbox 788 4891 876 4944; x_wconf 92' lang='grc' dir='ltr'><strong>τὸν</strong></span> <span class='ocrx_word' id='word_1_540' title='bbox 902 4892 1114 4945; x_wconf 87' lang='grc' dir='ltr'>πάντων</span> <span class='ocrx_word' id='word_1_541' title='bbox 1145 4892 1369 4962; x_wconf 79' lang='grc' dir='ltr'>ποιητὴν</span> <span class='ocrx_word' id='word_1_542' title='bbox 1395 4893 1487 4945; x_wconf 76' lang='grc' dir='ltr'><strong>καὶ</strong></span> <span class='ocrx_word' id='word_1_543' title='bbox 1507 4892 1827 4964; x_wconf 84' lang='grc' dir='ltr'>δημιουργόν</span> <span class='ocrx_word' id='word_1_544' title='bbox 1847 4913 1860 4925; x_wconf 90' lang='grc'><strong>·</strong></span> 
     </span>
    </p>
   </div>
   <div class='ocr_carea' id='block_1_70' title="bbox 300 4974 1869 5053">
    <p class='ocr_par' dir='ltr' id='par_1_70' title="bbox 300 4974 1869 5053">
     <span class='ocr_line' id='line_1_70' title="bbox 300 4974 1869 5053; baseline 0.008 -28"><span class='ocrx_word' id='word_1_545' title='bbox 300 4974 488 5048; x_wconf 79' lang='grc' dir='ltr'>ὥσπερ</span> <span class='ocrx_word' id='word_1_546' title='bbox 521 4976 613 5035; x_wconf 82' lang='grc' dir='ltr'><strong>οὖν</strong></span> <span class='ocrx_word' id='word_1_547' title='bbox 654 4983 746 5033; x_wconf 76' lang='grc' dir='ltr'>καὶ</span> <span class='ocrx_word' id='word_1_548' title='bbox 768 4982 1144 5053; x_wconf 80' lang='grc' dir='ltr'>γραμματεὺς,</span> <span class='ocrx_word' id='word_1_549' title='bbox 1177 4984 1204 5035; x_wconf 96' lang='lat'><strong>6</strong></span> <span class='ocrx_word' id='word_1_550' title='bbox 1231 4983 1296 5035; x_wconf 85' lang='grc' dir='ltr'>δι’</span> <span class='ocrx_word' id='word_1_551' title='bbox 1326 4983 1487 5053; x_wconf 79' lang='grc' dir='ltr'>ὅρκου</span> <span class='ocrx_word' id='word_1_552' title='bbox 1517 4983 1869 5053; x_wconf 84' lang='grc' dir='ltr'>πιστούμενος</span> 
     </span>
    </p>
   </div>
   <div class='ocr_carea' id='block_1_71' title="bbox 381 5183 1100 5259">
    <p class='ocr_par' dir='ltr' id='par_1_71' title="bbox 381 5183 1100 5259">
     <span class='ocr_line' id='line_1_71' title="bbox 381 5183 1100 5259; baseline 0.007 -22"><span class='ocrx_word' id='word_1_553' title='bbox 381 5188 437 5245; x_wconf 67' lang='grc' dir='ltr'><strong>&gt;Ι&lt;</strong></span> <span class='ocrx_word' id='word_1_554' title='bbox 473 5183 570 5239; x_wconf 87' lang='lat' dir='ltr'><strong>Ed.</strong></span> <span class='ocrx_word' id='word_1_555' title='bbox 599 5184 772 5243; x_wconf 83' lang='lat' dir='ltr'><strong>Paris.</strong></span> <span class='ocrx_word' id='word_1_556' title='bbox 826 5203 941 5259; x_wconf 87' lang='lat' dir='ltr'><strong>pag.</strong></span> <span class='ocrx_word' id='word_1_557' title='bbox 979 5189 1100 5242; x_wconf 70' lang='lat' dir='ltr'><strong>1H.</strong></span> 
     </span>
    </p>
   </div>
   <div class='ocr_carea' id='block_1_72' title="bbox 365 5430 933 5501">
    <p class='ocr_par' dir='ltr' id='par_1_72' title="bbox 365 5430 933 5501">
     <span class='ocr_line' id='line_1_72' title="bbox 365 5430 933 5501; baseline 0.005 -18"><span class='ocrx_word' id='word_1_558' title='bbox 365 5430 476 5501; x_wconf 64' lang='grc'><strong>(47)</strong></span> <span class='ocrx_word' id='word_1_559' title='bbox 519 5430 687 5501; x_wconf 74' lang='lat' dir='ltr'><strong>Vulgo</strong></span> <span class='ocrx_word' id='word_1_560' title='bbox 716 5432 933 5486; x_wconf 73' lang='grc' dir='ltr'>ἐναντία</span> 
     </span>
    </p>
   </div>
   <div class='ocr_carea' id='block_1_73' title="bbox 390 5500 1002 5575">
    <p class='ocr_par' dir='ltr' id='par_1_73' title="bbox 390 5500 1002 5575">
     <span class='ocr_line' id='line_1_73' title="bbox 390 5500 1002 5575; baseline 0.011 -24"><span class='ocrx_word' id='word_1_561' title='bbox 511 5500 680 5575; x_wconf 73' lang='lat' dir='ltr'><strong>Vulgo</strong></span> <span class='ocrx_word' id='word_1_562' title='bbox 695 5502 853 5575; x_wconf 67' lang='grc' dir='ltr'><strong>⁸οὕτω</strong></span> <span class='ocrx_word' id='word_1_563' title='bbox 875 5506 1002 5575; x_wconf 86' lang='grc' dir='ltr'>γάρ.</span> 
     </span>
    </p>
   </div>
   <div class='ocr_carea' id='block_1_74' title="bbox 358 5506 1851 5644">
    <p class='ocr_par' dir='ltr' id='par_1_74' title="bbox 358 5506 1851 5644">
     <span class='ocr_line' id='line_1_74' title="bbox 390 5506 1002 5575; baseline 0.011 -23"><span class='ocrx_word' id='word_1_564' title='bbox 390 5506 476 5567; x_wconf 63' lang='grc' dir='ltr'><strong>ιῑδ)</strong></span> <span class='ocrx_word' id='word_1_565' title='bbox 513 5506 680 5569; x_wconf 80' lang='lat' dir='ltr'><strong>Vulgo</strong></span> <span class='ocrx_word' id='word_1_566' title='bbox 712 5506 853 5555; x_wconf 76' lang='grc' dir='ltr'>οὕτω</span> <span class='ocrx_word' id='word_1_567' title='bbox 875 5506 1002 5575; x_wconf 86' lang='grc' dir='ltr'>γάρ.</span> 
     </span>
     <span class='ocr_line' id='line_1_75' title="bbox 358 5506 1851 5644; baseline 0.003 -18"><span class='ocrx_word' id='word_1_568' title='bbox 358 5506 475 5644; x_wconf 57' lang='grc' dir='ltr'><strong>ίᾶθ)</strong></span> <span class='ocrx_word' id='word_1_569' title='bbox 508 5569 829 5639; x_wconf 70' lang='grc' dir='ltr'>Θαιιμάζῖετε</span> <span class='ocrx_word' id='word_1_570' title='bbox 856 5575 1057 5629; x_wconf 79' lang='grc' dir='ltr'>αὐτόν.</span> <span class='ocrx_word' id='word_1_571' title='bbox 1097 5575 1228 5642; x_wconf 85' lang='lat' dir='ltr'><strong>lmo,</strong></span> <span class='ocrx_word' id='word_1_572' title='bbox 1265 5572 1528 5644; x_wconf 72' lang='grc' dir='ltr'>θαυμάζει</span> <span class='ocrx_word' id='word_1_573' title='bbox 1559 5591 1636 5627; x_wconf 87' lang='grc' dir='ltr'>τε.</span> <span class='ocrx_word' id='word_1_574' title='bbox 1666 5574 1851 5631; x_wconf 81' lang='lat' dir='ltr'><strong>Admi-</strong></span> 
     </span>
    </p>
   </div>
   <div class='ocr_carea' id='block_1_75' title="bbox 1980 1789 3546 1863">
    <p class='ocr_par' dir='ltr' id='par_1_75' title="bbox 1980 1789 3546 1863">
     <span class='ocr_line' id='line_1_76' title="bbox 1980 1789 3546 1863; baseline -0.002 -19"><span class='ocrx_word' id='word_1_575' title='bbox 1980 1813 2002 1843; x_wconf 81' lang='grc'><strong><em>‹</em></strong></span> <span class='ocrx_word' id='word_1_576' title='bbox 2029 1794 2103 1855; x_wconf 92' lang='lat' dir='ltr'><strong>lii,</strong></span> <span class='ocrx_word' id='word_1_577' title='bbox 2138 1794 2298 1848; x_wconf 79' lang='lat' dir='ltr'><strong>veluti</strong></span> <span class='ocrx_word' id='word_1_578' title='bbox 2331 1794 2420 1863; x_wconf 91' lang='lat' dir='ltr'><strong>qui</strong></span> <span class='ocrx_word' id='word_1_579' title='bbox 2454 1793 2668 1846; x_wconf 85' lang='lat' dir='ltr'><strong>doceret</strong></span> <span class='ocrx_word' id='word_1_580' title='bbox 2708 1791 2850 1861; x_wconf 91' lang='lat' dir='ltr'><strong>quod</strong></span> <span class='ocrx_word' id='word_1_581' title='bbox 2910 1791 3055 1859; x_wconf 90' lang='lat' dir='ltr'><strong>prius</strong></span> <span class='ocrx_word' id='word_1_582' title='bbox 3087 1789 3431 1860; x_wconf 80' lang='lat' dir='ltr'><strong>ignorabatur</strong></span> <span class='ocrx_word' id='word_1_583' title='bbox 3470 1789 3546 1841; x_wconf 90' lang='lat' dir='ltr'><strong>in.</strong></span> 
     </span>
    </p>
   </div>
   <div class='ocr_carea' id='block_1_76' title="bbox 1985 1883 3543 1954">
    <p class='ocr_par' dir='ltr' id='par_1_76' title="bbox 1985 1883 3543 1954">
     <span class='ocr_line' id='line_1_77' title="bbox 1985 1883 3543 1954; baseline -0.004 -13"><span class='ocrx_word' id='word_1_584' title='bbox 1985 1908 2001 1938; x_wconf 79' lang='grc' dir='ltr'><strong>ι</strong></span> <span class='ocrx_word' id='word_1_585' title='bbox 2030 1898 2109 1942; x_wconf 84' lang='lat' dir='ltr'><strong>ter</strong></span> <span class='ocrx_word' id='word_1_586' title='bbox 2138 1888 2399 1952; x_wconf 85' lang='lat' dir='ltr'><strong>homines,</strong></span> <span class='ocrx_word' id='word_1_587' title='bbox 2438 1886 2669 1941; x_wconf 85' lang='lat' dir='ltr'><strong>Verbum</strong></span> <span class='ocrx_word' id='word_1_588' title='bbox 2724 1884 3108 1954; x_wconf 86' lang='lat' dir='ltr'><strong>omnipotentis</strong></span> <span class='ocrx_word' id='word_1_589' title='bbox 3145 1897 3265 1935; x_wconf 90' lang='lat' dir='ltr'><strong>eum</strong></span> <span class='ocrx_word' id='word_1_590' title='bbox 3300 1883 3543 1935; x_wconf 85' lang='lat' dir='ltr'><strong>nominat</strong></span> 
     </span>
    </p>
   </div>
   <div class='ocr_carea' id='block_1_77' title="bbox 1985 1972 3539 2047">
    <p class='ocr_par' dir='ltr' id='par_1_77' title="bbox 1985 1972 3539 2047">
     <span class='ocr_line' id='line_1_78' title="bbox 1985 1972 3539 2047; baseline -0.003 -18"><span class='ocrx_word' id='word_1_591' title='bbox 1985 1997 2003 2028; x_wconf 73' lang='grc' dir='ltr'><strong>ι</strong></span> <span class='ocrx_word' id='word_1_592' title='bbox 2034 1979 2106 2031; x_wconf 88' lang='lat' dir='ltr'><strong>ita</strong></span> <span class='ocrx_word' id='word_1_593' title='bbox 2160 1978 2425 2047; x_wconf 88' lang='lat' dir='ltr'><strong>inquiens,</strong></span> <span class='ocrx_word' id='word_1_594' title='bbox 2466 1976 2533 2029; x_wconf 88' lang='lat' dir='ltr'><strong>In</strong></span> <span class='ocrx_word' id='word_1_595' title='bbox 2586 1976 2839 2044; x_wconf 85' lang='lat' dir='ltr'><strong>principio</strong></span> <span class='ocrx_word' id='word_1_596' title='bbox 2884 1984 2995 2027; x_wconf 83' lang='lat' dir='ltr'><strong>erat</strong></span> <span class='ocrx_word' id='word_1_597' title='bbox 3052 1972 3268 2027; x_wconf 82' lang='lat' dir='ltr'><strong>Verbum</strong></span> <span class='ocrx_word' id='word_1_598' title='bbox 3290 1974 3355 2026; x_wconf 74' lang='grc' dir='ltr'><strong>θ’.</strong></span> <span class='ocrx_word' id='word_1_599' title='bbox 3389 1992 3408 2025; x_wconf 68' lang='grc' dir='ltr'><strong>ι</strong></span> <span class='ocrx_word' id='word_1_600' title='bbox 3464 1972 3539 2026; x_wconf 85' lang='lat' dir='ltr'><strong>Ita</strong></span> 
     </span>
    </p>
   </div>
   <div class='ocr_carea' id='block_1_78' title="bbox 1979 2064 3541 2136">
    <p class='ocr_par' dir='ltr' id='par_1_78' title="bbox 1979 2064 3541 2136">
     <span class='ocr_line' id='line_1_79' title="bbox 1979 2064 3541 2136; baseline -0.004 -13"><span class='ocrx_word' id='word_1_601' title='bbox 1979 2070 2250 2123; x_wconf 82' lang='lat' dir='ltr'><strong>contendit</strong></span> <span class='ocrx_word' id='word_1_602' title='bbox 2288 2070 2331 2122; x_wconf 93' lang='lat' dir='ltr'><strong>is</strong></span> <span class='ocrx_word' id='word_1_603' title='bbox 2352 2084 2447 2136; x_wconf 91' lang='lat' dir='ltr'><strong>per</strong></span> <span class='ocrx_word' id='word_1_604' title='bbox 2478 2068 2576 2120; x_wconf 91' lang='lat' dir='ltr'><strong>ista</strong></span> <span class='ocrx_word' id='word_1_605' title='bbox 2618 2065 2989 2120; x_wconf 87' lang='lat' dir='ltr'><strong>absconditum</strong></span> <span class='ocrx_word' id='word_1_606' title='bbox 3033 2065 3343 2135; x_wconf 83' lang='lat' dir='ltr'><strong>mysterium</strong></span> <span class='ocrx_word' id='word_1_607' title='bbox 3376 2064 3541 2117; x_wconf 81' lang='lat' dir='ltr'><strong>fuisse</strong></span> 
     </span>
    </p>
   </div>
   <div class='ocr_carea' id='block_1_79' title="bbox 1980 2154 3540 2222">
    <p class='ocr_par' dir='ltr' id='par_1_79' title="bbox 1980 2154 3540 2222">
     <span class='ocr_line' id='line_1_80' title="bbox 1980 2154 3540 2222; baseline -0.004 -11"><span class='ocrx_word' id='word_1_608' title='bbox 1980 2159 2129 2221; x_wconf 89' lang='lat' dir='ltr'><strong>illud,</strong></span> <span class='ocrx_word' id='word_1_609' title='bbox 2154 2159 2318 2212; x_wconf 91' lang='lat' dir='ltr'><strong>Deum</strong></span> <span class='ocrx_word' id='word_1_610' title='bbox 2350 2157 2599 2211; x_wconf 83' lang='lat' dir='ltr'><strong>habuisse</strong></span> <span class='ocrx_word' id='word_1_611' title='bbox 2632 2156 2890 2211; x_wconf 79' lang='lat' dir='ltr'><strong>Verbum.</strong></span> <span class='ocrx_word' id='word_1_612' title='bbox 2930 2154 3237 2222; x_wconf 83' lang='lat' dir='ltr'><strong>Scripturas</strong></span> <span class='ocrx_word' id='word_1_613' title='bbox 3268 2169 3395 2207; x_wconf 88' lang='lat' dir='ltr'><strong>vero</strong></span> <span class='ocrx_word' id='word_1_614' title='bbox 3423 2169 3540 2205; x_wconf 88' lang='lat' dir='ltr'><strong>om-</strong></span> 
     </span>
    </p>
   </div>
   <div class='ocr_carea' id='block_1_80' title="bbox 1980 2244 3538 2318">
    <p class='ocr_par' dir='ltr' id='par_1_80' title="bbox 1980 2244 3538 2318">
     <span class='ocr_line' id='line_1_81' title="bbox 1980 2244 3538 2318; baseline -0.003 -14"><span class='ocrx_word' id='word_1_615' title='bbox 1980 2264 2075 2304; x_wconf 90' lang='lat' dir='ltr'><strong>nes</strong></span> <span class='ocrx_word' id='word_1_616' title='bbox 2098 2262 2268 2318; x_wconf 88' lang='lat' dir='ltr'><strong>nuper</strong></span> <span class='ocrx_word' id='word_1_617' title='bbox 2298 2248 2575 2312; x_wconf 81' lang='lat' dir='ltr'><strong>recitatas,</strong></span> <span class='ocrx_word' id='word_1_618' title='bbox 2597 2256 2651 2299; x_wconf 90' lang='lat' dir='ltr'><strong>et</strong></span> <span class='ocrx_word' id='word_1_619' title='bbox 2669 2245 2940 2315; x_wconf 88' lang='lat' dir='ltr'><strong>appositas</strong></span> <span class='ocrx_word' id='word_1_620' title='bbox 2958 2244 3337 2313; x_wconf 67' lang='lat' dir='ltr'><strong>prophetarum</strong></span> <span class='ocrx_word' id='word_1_621' title='bbox 3357 2260 3538 2311; x_wconf 84' lang='lat' dir='ltr'><strong>voces,</strong></span> 
     </span>
    </p>
   </div>
   <div class='ocr_carea' id='block_1_81' title="bbox 1980 2333 3537 2407">
    <p class='ocr_par' dir='ltr' id='par_1_81' title="bbox 1980 2333 3537 2407">
     <span class='ocr_line' id='line_1_82' title="bbox 1980 2333 3537 2407; baseline -0.001 -17"><span class='ocrx_word' id='word_1_622' title='bbox 1980 2339 2277 2407; x_wconf 72' lang='lat' dir='ltr'><strong>prtedieare</strong></span> <span class='ocrx_word' id='word_1_623' title='bbox 2298 2337 2410 2391; x_wconf 88' lang='lat' dir='ltr'><strong>vult</strong></span> <span class='ocrx_word' id='word_1_624' title='bbox 2435 2352 2554 2406; x_wconf 73' lang='lat' dir='ltr'><strong>qua:</strong></span> <span class='ocrx_word' id='word_1_625' title='bbox 2585 2343 2711 2390; x_wconf 89' lang='lat' dir='ltr'><strong>sunt</strong></span> <span class='ocrx_word' id='word_1_626' title='bbox 2734 2335 2802 2390; x_wconf 91' lang='lat' dir='ltr'><strong>de</strong></span> <span class='ocrx_word' id='word_1_627' title='bbox 2824 2333 3020 2401; x_wconf 84' lang='lat' dir='ltr'><strong>Verbo,</strong></span> <span class='ocrx_word' id='word_1_628' title='bbox 3040 2350 3174 2403; x_wconf 90' lang='lat' dir='ltr'><strong>quas</strong></span> <span class='ocrx_word' id='word_1_629' title='bbox 3197 2337 3456 2403; x_wconf 87' lang='lat' dir='ltr'><strong>plurimas</strong></span> <span class='ocrx_word' id='word_1_630' title='bbox 3484 2337 3537 2389; x_wconf 85' lang='lat' dir='ltr'><strong>in</strong></span> 
     </span>
    </p>
   </div>
   <div class='ocr_carea' id='block_1_82' title="bbox 1982 2424 3539 2498">
    <p class='ocr_par' dir='ltr' id='par_1_82' title="bbox 1982 2424 3539 2498">
     <span class='ocr_line' id='line_1_83' title="bbox 1982 2424 3539 2498; baseline -0.005 -13"><span class='ocrx_word' id='word_1_631' title='bbox 1982 2431 2134 2498; x_wconf 85' lang='lat' dir='ltr'><strong>bujus</strong></span> <span class='ocrx_word' id='word_1_632' title='bbox 2154 2430 2228 2483; x_wconf 88' lang='lat' dir='ltr'><strong>rei</strong></span> <span class='ocrx_word' id='word_1_633' title='bbox 2250 2429 2607 2484; x_wconf 86' lang='lat' dir='ltr'><strong>testimonium</strong></span> <span class='ocrx_word' id='word_1_634' title='bbox 2623 2426 2979 2482; x_wconf 82' lang='lat' dir='ltr'><strong>coacervavit.</strong></span> <span class='ocrx_word' id='word_1_635' title='bbox 2999 2424 3074 2479; x_wconf 88' lang='lat' dir='ltr'><strong>Ita</strong></span> <span class='ocrx_word' id='word_1_636' title='bbox 3094 2442 3196 2480; x_wconf 91' lang='lat' dir='ltr'><strong>non</strong></span> <span class='ocrx_word' id='word_1_637' title='bbox 3213 2435 3329 2481; x_wconf 89' lang='lat' dir='ltr'><strong>erat</strong></span> <span class='ocrx_word' id='word_1_638' title='bbox 3342 2427 3539 2495; x_wconf 90' lang='lat' dir='ltr'><strong>popqu</strong></span> 
     </span>
    </p>
   </div>
   <div class='ocr_carea' id='block_1_83' title="bbox 1980 2516 3537 2589">
    <p class='ocr_par' dir='ltr' id='par_1_83' title="bbox 1980 2516 3537 2589">
     <span class='ocr_line' id='line_1_84' title="bbox 1980 2516 3537 2589; baseline -0.001 -17"><span class='ocrx_word' id='word_1_639' title='bbox 1980 2519 2052 2572; x_wconf 84' lang='lat' dir='ltr'><strong>illi</strong></span> <span class='ocrx_word' id='word_1_640' title='bbox 2093 2518 2257 2589; x_wconf 90' lang='lat' dir='ltr'><strong>priori</strong></span> <span class='ocrx_word' id='word_1_641' title='bbox 2286 2520 2585 2587; x_wconf 78' lang='lat' dir='ltr'><strong>ignoratum</strong></span> <span class='ocrx_word' id='word_1_642' title='bbox 2619 2517 2720 2570; x_wconf 88' lang='lat' dir='ltr'><strong>hoc</strong></span> <span class='ocrx_word' id='word_1_643' title='bbox 2754 2516 3064 2586; x_wconf 83' lang='lat' dir='ltr'><strong>mysterium</strong></span> <span class='ocrx_word' id='word_1_644' title='bbox 3098 2516 3362 2570; x_wconf 87' lang='lat' dir='ltr'><strong>:universi</strong></span> <span class='ocrx_word' id='word_1_645' title='bbox 3392 2517 3537 2570; x_wconf 84' lang='lat' dir='ltr'><strong>enim</strong></span> 
     </span>
    </p>
   </div>
   <div class='ocr_carea' id='block_1_84' title="bbox 1979 2607 3539 2674">
    <p class='ocr_par' dir='ltr' id='par_1_84' title="bbox 1979 2607 3539 2674">
     <span class='ocr_line' id='line_1_85' title="bbox 1979 2607 3539 2674; baseline -0.001 -11"><span class='ocrx_word' id='word_1_646' title='bbox 1979 2617 2257 2673; x_wconf 87' lang='lat' dir='ltr'><strong>noverant,</strong></span> <span class='ocrx_word' id='word_1_647' title='bbox 2292 2615 2343 2661; x_wconf 88' lang='lat' dir='ltr'><strong>et</strong></span> <span class='ocrx_word' id='word_1_648' title='bbox 2373 2608 2634 2660; x_wconf 89' lang='lat' dir='ltr'><strong>memoria</strong></span> <span class='ocrx_word' id='word_1_649' title='bbox 2668 2608 2925 2661; x_wconf 86' lang='lat' dir='ltr'><strong>tenebant</strong></span> <span class='ocrx_word' id='word_1_650' title='bbox 2969 2614 3021 2660; x_wconf 89' lang='lat' dir='ltr'><strong>et</strong></span> <span class='ocrx_word' id='word_1_651' title='bbox 3068 2620 3163 2659; x_wconf 84' lang='lat' dir='ltr'><strong>ore</strong></span> <span class='ocrx_word' id='word_1_652' title='bbox 3207 2607 3539 2674; x_wconf 89' lang='lat' dir='ltr'><strong>usurpabant</strong></span> 
     </span>
    </p>
   </div>
   <div class='ocr_carea' id='block_1_85' title="bbox 1978 2697 3537 2770">
    <p class='ocr_par' dir='ltr' id='par_1_85' title="bbox 1978 2697 3537 2770">
     <span class='ocr_line' id='line_1_86' title="bbox 1978 2697 3537 2770; baseline -0.002 -16"><span class='ocrx_word' id='word_1_653' title='bbox 1978 2701 2362 2770; x_wconf 85' lang='lat' dir='ltr'><strong>prophetarum</strong></span> <span class='ocrx_word' id='word_1_654' title='bbox 2386 2700 2472 2753; x_wconf 89' lang='lat' dir='ltr'><strong>illa</strong></span> <span class='ocrx_word' id='word_1_655' title='bbox 2492 2700 2730 2755; x_wconf 85' lang='lat' dir='ltr'><strong>oracula.</strong></span> <span class='ocrx_word' id='word_1_656' title='bbox 2747 2702 2816 2752; x_wconf 81' lang='lat' dir='ltr'><strong>At</strong></span> <span class='ocrx_word' id='word_1_657' title='bbox 2846 2700 2986 2755; x_wconf 85' lang='lat' dir='ltr'><strong>enim</strong></span> <span class='ocrx_word' id='word_1_658' title='bbox 3005 2700 3138 2752; x_wconf 88' lang='lat' dir='ltr'><strong>etde</strong></span> <span class='ocrx_word' id='word_1_659' title='bbox 3154 2697 3353 2753; x_wconf 73' lang='lat' dir='ltr'><strong>Judmis</strong></span> <span class='ocrx_word' id='word_1_660' title='bbox 3383 2699 3537 2753; x_wconf 80' lang='lat' dir='ltr'><strong>nobis</strong></span> 
     </span>
    </p>
   </div>
   <div class='ocr_carea' id='block_1_86' title="bbox 1978 2790 3536 2861">
    <p class='ocr_par' dir='ltr' id='par_1_86' title="bbox 1978 2790 3536 2861">
     <span class='ocr_line' id='line_1_87' title="bbox 1978 2790 3536 2861; baseline -0.002 -15"><span class='ocrx_word' id='word_1_661' title='bbox 1978 2793 2207 2847; x_wconf 82' lang='lat' dir='ltr'><strong>scribam</strong></span> <span class='ocrx_word' id='word_1_662' title='bbox 2245 2801 2594 2861; x_wconf 69' lang='lat' dir='ltr'><strong>reprmscntat</strong></span> <span class='ocrx_word' id='word_1_663' title='bbox 2629 2790 2967 2845; x_wconf 87' lang='lat' dir='ltr'><strong>Christianus</strong></span> <span class='ocrx_word' id='word_1_664' title='bbox 3002 2805 3122 2844; x_wconf 93' lang='lat' dir='ltr'><strong>cum</strong></span> <span class='ocrx_word' id='word_1_665' title='bbox 3162 2790 3233 2843; x_wconf 91' lang='lat' dir='ltr'><strong>sit</strong></span> <span class='ocrx_word' id='word_1_666' title='bbox 3269 2807 3282 2843; x_wconf 92' lang='lat'><strong>:</strong></span> <span class='ocrx_word' id='word_1_667' title='bbox 3318 2807 3421 2843; x_wconf 89' lang='lat' dir='ltr'><strong>non</strong></span> <span class='ocrx_word' id='word_1_668' title='bbox 3455 2801 3536 2843; x_wconf 86' lang='lat' dir='ltr'><strong>at-</strong></span> 
     </span>
    </p>
   </div>
   <div class='ocr_carea' id='block_1_87' title="bbox 1981 2877 3535 2951">
    <p class='ocr_par' dir='ltr' id='par_1_87' title="bbox 1981 2877 3535 2951">
     <span class='ocr_line' id='line_1_88' title="bbox 1981 2877 3535 2951; baseline -0.004 -15"><span class='ocrx_word' id='word_1_669' title='bbox 1981 2885 2203 2938; x_wconf 89' lang='lat' dir='ltr'><strong>tendens</strong></span> <span class='ocrx_word' id='word_1_670' title='bbox 2237 2882 2378 2951; x_wconf 87' lang='lat' dir='ltr'><strong>quod</strong></span> <span class='ocrx_word' id='word_1_671' title='bbox 2420 2883 2677 2935; x_wconf 89' lang='lat' dir='ltr'><strong>Servator</strong></span> <span class='ocrx_word' id='word_1_672' title='bbox 2723 2881 2878 2946; x_wconf 80' lang='lat' dir='ltr'><strong>dixit,</strong></span> <span class='ocrx_word' id='word_1_673' title='bbox 2935 2878 3020 2934; x_wconf 80' lang='lat' dir='ltr'><strong>Va:</strong></span> <span class='ocrx_word' id='word_1_674' title='bbox 3054 2880 3217 2941; x_wconf 83' lang='lat' dir='ltr'><strong>vobis,</strong></span> <span class='ocrx_word' id='word_1_675' title='bbox 3255 2877 3452 2933; x_wconf 74' lang='lat' dir='ltr'><strong>Scriba:</strong></span> <span class='ocrx_word' id='word_1_676' title='bbox 3486 2891 3535 2933; x_wconf 83' lang='lat' dir='ltr'><strong>et</strong></span> 
     </span>
    </p>
   </div>
   <div class='ocr_carea' id='block_1_88' title="bbox 1984 2972 3533 3043">
    <p class='ocr_par' dir='ltr' id='par_1_88' title="bbox 1984 2972 3533 3043">
     <span class='ocr_line' id='line_1_89' title="bbox 1984 2972 3533 3043; baseline 0 -17"><span class='ocrx_word' id='word_1_677' title='bbox 1984 2973 2236 3028; x_wconf 73' lang='lat' dir='ltr'><strong>Phariswi</strong></span> <span class='ocrx_word' id='word_1_678' title='bbox 2283 2973 2566 3043; x_wconf 82' lang='lat' dir='ltr'><strong>hypocrin</strong></span> <span class='ocrx_word' id='word_1_679' title='bbox 2587 2974 2653 3025; x_wconf 82' lang='grc'><strong>⁸³.</strong></span> <span class='ocrx_word' id='word_1_680' title='bbox 2694 2972 2951 3041; x_wconf 87' lang='lat' dir='ltr'><strong>lllumque</strong></span> <span class='ocrx_word' id='word_1_681' title='bbox 2996 2974 3219 3041; x_wconf 86' lang='lat' dir='ltr'><strong>suspicit</strong></span> <span class='ocrx_word' id='word_1_682' title='bbox 3245 2974 3385 3041; x_wconf 82' lang='lat' dir='ltr'><strong>quod</strong></span> <span class='ocrx_word' id='word_1_683' title='bbox 3414 2990 3533 3026; x_wconf 88' lang='lat' dir='ltr'><strong>cum</strong></span> 
     </span>
    </p>
   </div>
   <div class='ocr_carea' id='block_1_89' title="bbox 1972 3063 3532 3136">
    <p class='ocr_par' dir='ltr' id='par_1_89' title="bbox 1972 3063 3532 3136">
     <span class='ocr_line' id='line_1_90' title="bbox 1972 3063 3532 3136; baseline -0.001 -18"><span class='ocrx_word' id='word_1_684' title='bbox 1972 3066 2317 3136; x_wconf 78' lang='lat' dir='ltr'><strong>jurejurando</strong></span> <span class='ocrx_word' id='word_1_685' title='bbox 2345 3065 2563 3131; x_wconf 79' lang='lat' dir='ltr'><strong>dixerit,</strong></span> <span class='ocrx_word' id='word_1_686' title='bbox 2591 3063 2743 3130; x_wconf 83' lang='lat' dir='ltr'><strong>Quod</strong></span> <span class='ocrx_word' id='word_1_687' title='bbox 2767 3080 2899 3117; x_wconf 80' lang='lat' dir='ltr'><strong>unus</strong></span> <span class='ocrx_word' id='word_1_688' title='bbox 2933 3063 3068 3118; x_wconf 79' lang='lat' dir='ltr'><strong>Deus</strong></span> <span class='ocrx_word' id='word_1_689' title='bbox 3094 3075 3140 3117; x_wconf 80' lang='lat' dir='ltr'><strong>et</strong></span> <span class='ocrx_word' id='word_1_690' title='bbox 3168 3074 3358 3133; x_wconf 61' lang='lat' dir='ltr'><strong>prieter</strong></span> <span class='ocrx_word' id='word_1_691' title='bbox 3392 3082 3532 3127; x_wconf 80' lang='lat' dir='ltr'><strong>eum,</strong></span> 
     </span>
    </p>
   </div>
   <div class='ocr_carea' id='block_1_90' title="bbox 1975 3153 3537 3222">
    <p class='ocr_par' dir='ltr' id='par_1_90' title="bbox 1975 3153 3537 3222">
     <span class='ocr_line' id='line_1_91' title="bbox 1975 3153 3537 3222; baseline 0 -15"><span class='ocrx_word' id='word_1_692' title='bbox 1975 3172 2076 3209; x_wconf 89' lang='lat' dir='ltr'><strong>non</strong></span> <span class='ocrx_word' id='word_1_693' title='bbox 2100 3164 2173 3209; x_wconf 81' lang='lat' dir='ltr'><strong>est</strong></span> <span class='ocrx_word' id='word_1_694' title='bbox 2201 3153 2354 3210; x_wconf 77' lang='lat' dir='ltr'><strong>alius.</strong></span> <span class='ocrx_word' id='word_1_695' title='bbox 2385 3153 2546 3220; x_wconf 84' lang='lat' dir='ltr'><strong>Quasi</strong></span> <span class='ocrx_word' id='word_1_696' title='bbox 2564 3153 2795 3208; x_wconf 90' lang='lat' dir='ltr'><strong>nesciret</strong></span> <span class='ocrx_word' id='word_1_697' title='bbox 2818 3154 2957 3222; x_wconf 91' lang='lat' dir='ltr'><strong>quod</strong></span> <span class='ocrx_word' id='word_1_698' title='bbox 2984 3163 3038 3205; x_wconf 89' lang='lat' dir='ltr'><strong>et</strong></span> <span class='ocrx_word' id='word_1_699' title='bbox 3069 3171 3089 3203; x_wconf 75' lang='grc' dir='ltr'><strong>ι</strong></span> <span class='ocrx_word' id='word_1_700' title='bbox 3124 3154 3389 3207; x_wconf 71' lang='lat' dir='ltr'><strong>dmmoncs</strong></span> <span class='ocrx_word' id='word_1_701' title='bbox 3417 3170 3537 3207; x_wconf 87' lang='lat' dir='ltr'><strong>cre-</strong></span> 
     </span>
    </p>
   </div>
   <div class='ocr_carea' id='block_1_91' title="bbox 1974 3244 3535 3312">
    <p class='ocr_par' dir='ltr' id='par_1_91' title="bbox 1974 3244 3535 3312">
     <span class='ocr_line' id='line_1_92' title="bbox 1974 3244 3535 3312; baseline -0.001 -13"><span class='ocrx_word' id='word_1_702' title='bbox 1974 3247 2103 3299; x_wconf 88' lang='lat' dir='ltr'><strong>dant</strong></span> <span class='ocrx_word' id='word_1_703' title='bbox 2128 3254 2180 3299; x_wconf 90' lang='lat' dir='ltr'><strong>et</strong></span> <span class='ocrx_word' id='word_1_704' title='bbox 2211 3245 2651 3299; x_wconf 90' lang='lat' dir='ltr'><strong>contremiscant.</strong></span> <span class='ocrx_word' id='word_1_705' title='bbox 2678 3264 2699 3297; x_wconf 75' lang='grc' dir='ltr'><strong>ι</strong></span> <span class='ocrx_word' id='word_1_706' title='bbox 2734 3244 2868 3298; x_wconf 76' lang='lat' dir='ltr'><strong>Nota</strong></span> <span class='ocrx_word' id='word_1_707' title='bbox 2903 3244 3031 3297; x_wconf 89' lang='lat' dir='ltr'><strong>mihi</strong></span> <span class='ocrx_word' id='word_1_708' title='bbox 3062 3252 3240 3296; x_wconf 87' lang='lat' dir='ltr'><strong>autem</strong></span> <span class='ocrx_word' id='word_1_709' title='bbox 3275 3245 3535 3312; x_wconf 86' lang='lat' dir='ltr'><strong>quemad-</strong></span> 
     </span>
    </p>
   </div>
   <div class='ocr_carea' id='block_1_92' title="bbox 1975 3334 3529 3404">
    <p class='ocr_par' dir='ltr' id='par_1_92' title="bbox 1975 3334 3529 3404">
     <span class='ocr_line' id='line_1_93' title="bbox 1975 3334 3529 3404; baseline 0 -15"><span class='ocrx_word' id='word_1_710' title='bbox 1975 3336 2190 3389; x_wconf 88' lang='lat' dir='ltr'><strong>modum</strong></span> <span class='ocrx_word' id='word_1_711' title='bbox 2244 3336 2310 3389; x_wconf 87' lang='lat' dir='ltr'><strong>de</strong></span> <span class='ocrx_word' id='word_1_712' title='bbox 2354 3336 2683 3404; x_wconf 87' lang='lat' dir='ltr'><strong>propheticis</strong></span> <span class='ocrx_word' id='word_1_713' title='bbox 2709 3335 3007 3403; x_wconf 88' lang='lat' dir='ltr'><strong>Scripturis</strong></span> <span class='ocrx_word' id='word_1_714' title='bbox 3039 3334 3245 3403; x_wconf 82' lang='lat' dir='ltr'><strong>colligit</strong></span> <span class='ocrx_word' id='word_1_715' title='bbox 3293 3351 3410 3404; x_wconf 66' lang='lat' dir='ltr'><strong>qua:</strong></span> <span class='ocrx_word' id='word_1_716' title='bbox 3462 3337 3529 3389; x_wconf 85' lang='lat' dir='ltr'><strong>ad</strong></span> 
     </span>
    </p>
   </div>
   <div class='ocr_carea' id='block_1_93' title="bbox 1972 3426 3534 3497">
    <p class='ocr_par' dir='ltr' id='par_1_93' title="bbox 1972 3426 3534 3497">
     <span class='ocr_line' id='line_1_94' title="bbox 1972 3426 3534 3497; baseline 0.001 -17"><span class='ocrx_word' id='word_1_717' title='bbox 1972 3428 2192 3480; x_wconf 89' lang='lat' dir='ltr'><strong>verbum</strong></span> <span class='ocrx_word' id='word_1_718' title='bbox 2246 3426 2370 3479; x_wconf 88' lang='lat' dir='ltr'><strong>illml</strong></span> <span class='ocrx_word' id='word_1_719' title='bbox 2410 3426 2699 3495; x_wconf 85' lang='lat' dir='ltr'><strong>pertinent,</strong></span> <span class='ocrx_word' id='word_1_720' title='bbox 2746 3427 2887 3497; x_wconf 85' lang='lat' dir='ltr'><strong>quod</strong></span> <span class='ocrx_word' id='word_1_721' title='bbox 2921 3436 3004 3480; x_wconf 91' lang='lat' dir='ltr'><strong>est</strong></span> <span class='ocrx_word' id='word_1_722' title='bbox 3027 3430 3351 3497; x_wconf 85' lang='lat' dir='ltr'><strong>agendorum</strong></span> <span class='ocrx_word' id='word_1_723' title='bbox 3384 3445 3534 3483; x_wconf 91' lang='lat' dir='ltr'><strong>com-</strong></span> 
     </span>
    </p>
   </div>
   <div class='ocr_carea' id='block_1_94' title="bbox 1974 3517 3531 3589">
    <p class='ocr_par' dir='ltr' id='par_1_94' title="bbox 1974 3517 3531 3589">
     <span class='ocr_line' id='line_1_95' title="bbox 1974 3517 3531 3589; baseline 0.001 -18"><span class='ocrx_word' id='word_1_724' title='bbox 1974 3517 2415 3571; x_wconf 80' lang='lat' dir='ltr'><strong>monefactorinm</strong></span> <span class='ocrx_word' id='word_1_725' title='bbox 2460 3539 2471 3571; x_wconf 89' lang='lat'>:</span> <span class='ocrx_word' id='word_1_726' title='bbox 2525 3518 2667 3585; x_wconf 89' lang='lat' dir='ltr'><strong>quod</strong></span> <span class='ocrx_word' id='word_1_727' title='bbox 2696 3518 2867 3586; x_wconf 90' lang='lat' dir='ltr'><strong>ipsum</strong></span> <span class='ocrx_word' id='word_1_728' title='bbox 2907 3517 3220 3572; x_wconf 79' lang='lat' dir='ltr'><strong>fatebuntur</strong></span> <span class='ocrx_word' id='word_1_729' title='bbox 3272 3535 3330 3573; x_wconf 88' lang='lat' dir='ltr'><strong>se</strong></span> <span class='ocrx_word' id='word_1_730' title='bbox 3362 3537 3531 3589; x_wconf 83' lang='lat' dir='ltr'><strong>agno-</strong></span> 
     </span>
    </p>
   </div>
   <div class='ocr_carea' id='block_1_95' title="bbox 1971 3603 3528 3674">
    <p class='ocr_par' dir='ltr' id='par_1_95' title="bbox 1971 3603 3528 3674">
     <span class='ocr_line' id='line_1_96' title="bbox 1971 3603 3528 3674; baseline 0.001 -12"><span class='ocrx_word' id='word_1_731' title='bbox 1971 3621 2122 3662; x_wconf 88' lang='lat' dir='ltr'><strong>scere</strong></span> <span class='ocrx_word' id='word_1_732' title='bbox 2155 3604 2235 3660; x_wconf 92' lang='lat' dir='ltr'><strong>vel</strong></span> <span class='ocrx_word' id='word_1_733' title='bbox 2268 3603 2460 3667; x_wconf 67' lang='lat' dir='ltr'><strong>Judaai,</strong></span> <span class='ocrx_word' id='word_1_734' title='bbox 2508 3605 2667 3657; x_wconf 88' lang='lat' dir='ltr'><strong>veluti</strong></span> <span class='ocrx_word' id='word_1_735' title='bbox 2701 3606 2791 3673; x_wconf 91' lang='lat' dir='ltr'><strong>qui</strong></span> <span class='ocrx_word' id='word_1_736' title='bbox 2837 3616 2963 3659; x_wconf 86' lang='lat' dir='ltr'><strong>ante</strong></span> <span class='ocrx_word' id='word_1_737' title='bbox 3000 3620 3095 3659; x_wconf 91' lang='lat' dir='ltr'><strong>nos</strong></span> <span class='ocrx_word' id='word_1_738' title='bbox 3140 3606 3242 3661; x_wconf 88' lang='lat' dir='ltr'><strong>hoc</strong></span> <span class='ocrx_word' id='word_1_739' title='bbox 3266 3606 3376 3674; x_wconf 87' lang='lat' dir='ltr'><strong>jam</strong></span> <span class='ocrx_word' id='word_1_740' title='bbox 3400 3612 3528 3664; x_wconf 90' lang='lat' dir='ltr'><strong>olim</strong></span> 
     </span>
    </p>
   </div>
   <div class='ocr_carea' id='block_1_96' title="bbox 1970 3696 3532 3767">
    <p class='ocr_par' dir='ltr' id='par_1_96' title="bbox 1970 3696 3532 3767">
     <span class='ocr_line' id='line_1_97' title="bbox 1970 3696 3532 3767; baseline 0.001 -13"><span class='ocrx_word' id='word_1_741' title='bbox 1970 3698 2352 3755; x_wconf 89' lang='lat' dir='ltr'><strong>edocebantur.</strong></span> <span class='ocrx_word' id='word_1_742' title='bbox 2386 3696 2494 3751; x_wconf 89' lang='lat' dir='ltr'><strong>Sed</strong></span> <span class='ocrx_word' id='word_1_743' title='bbox 2522 3713 2617 3752; x_wconf 92' lang='lat' dir='ltr'><strong>nec</strong></span> <span class='ocrx_word' id='word_1_744' title='bbox 2640 3699 2867 3766; x_wconf 87' lang='lat' dir='ltr'><strong>ipsemet</strong></span> <span class='ocrx_word' id='word_1_745' title='bbox 2905 3697 3171 3752; x_wconf 88' lang='lat' dir='ltr'><strong>Sabellius</strong></span> <span class='ocrx_word' id='word_1_746' title='bbox 3196 3697 3532 3767; x_wconf 79' lang='lat' dir='ltr'><strong>hujuscemo-</strong></span> 
     </span>
    </p>
   </div>
   <div class='ocr_carea' id='block_1_97' title="bbox 1969 3789 3530 3860">
    <p class='ocr_par' dir='ltr' id='par_1_97' title="bbox 1969 3789 3530 3860">
     <span class='ocr_line' id='line_1_98' title="bbox 1969 3789 3530 3860; baseline 0 -15"><span class='ocrx_word' id='word_1_747' title='bbox 1969 3792 2020 3845; x_wconf 92' lang='lat' dir='ltr'><strong>di</strong></span> <span class='ocrx_word' id='word_1_748' title='bbox 2057 3791 2289 3846; x_wconf 87' lang='lat' dir='ltr'><strong>Verbum</strong></span> <span class='ocrx_word' id='word_1_749' title='bbox 2331 3790 2631 3860; x_wconf 79' lang='lat' dir='ltr'><strong>ignorabat.</strong></span> <span class='ocrx_word' id='word_1_750' title='bbox 2672 3789 2841 3854; x_wconf 87' lang='lat' dir='ltr'><strong>Quam</strong></span> <span class='ocrx_word' id='word_1_751' title='bbox 2883 3789 3152 3843; x_wconf 87' lang='lat' dir='ltr'><strong>immerito</strong></span> <span class='ocrx_word' id='word_1_752' title='bbox 3207 3789 3403 3845; x_wconf 86' lang='lat' dir='ltr'><strong>ideirco</strong></span> <span class='ocrx_word' id='word_1_753' title='bbox 3436 3791 3530 3845; x_wconf 80' lang='lat' dir='ltr'><strong>lla-</strong></span> 
     </span>
    </p>
   </div>
   <div class='ocr_carea' id='block_1_98' title="bbox 1969 3880 3530 3951">
    <p class='ocr_par' dir='ltr' id='par_1_98' title="bbox 1969 3880 3530 3951">
     <span class='ocr_line' id='line_1_99' title="bbox 1969 3880 3530 3951; baseline 0 -14"><span class='ocrx_word' id='word_1_754' title='bbox 1969 3882 2446 3950; x_wconf 81' lang='lat' dir='ltr'><strong>gellatSabellium</strong></span> <span class='ocrx_word' id='word_1_755' title='bbox 2499 3892 2554 3936; x_wconf 89' lang='lat' dir='ltr'><strong>et</strong></span> <span class='ocrx_word' id='word_1_756' title='bbox 2579 3880 2812 3940; x_wconf 61' lang='grc' dir='ltr'>δούλευε,</span> <span class='ocrx_word' id='word_1_757' title='bbox 2861 3881 2913 3934; x_wconf 91' lang='lat' dir='ltr'><strong>in</strong></span> <span class='ocrx_word' id='word_1_758' title='bbox 2960 3884 3227 3951; x_wconf 79' lang='lat' dir='ltr'><strong>excerptis</strong></span> <span class='ocrx_word' id='word_1_759' title='bbox 3265 3898 3294 3935; x_wconf 92' lang='lat' dir='ltr'><strong>a</strong></span> <span class='ocrx_word' id='word_1_760' title='bbox 3334 3898 3420 3937; x_wconf 91' lang='lat' dir='ltr'><strong>me</strong></span> <span class='ocrx_word' id='word_1_761' title='bbox 3461 3884 3530 3937; x_wconf 88' lang='lat' dir='ltr'><strong>de</strong></span> 
     </span>
    </p>
   </div>
   <div class='ocr_carea' id='block_1_99' title="bbox 1971 3972 3527 4043">
    <p class='ocr_par' dir='ltr' id='par_1_99' title="bbox 1971 3972 3527 4043">
     <span class='ocr_line' id='line_1_100' title="bbox 1971 3972 3527 4043; baseline 0 -15"><span class='ocrx_word' id='word_1_762' title='bbox 1971 3976 2134 4043; x_wconf 89' lang='lat' dir='ltr'><strong>ipsius</strong></span> <span class='ocrx_word' id='word_1_763' title='bbox 2170 3975 2306 4028; x_wconf 91' lang='lat' dir='ltr'><strong>libro</strong></span> <span class='ocrx_word' id='word_1_764' title='bbox 2341 3974 2547 4042; x_wconf 88' lang='lat' dir='ltr'><strong>positis,</strong></span> <span class='ocrx_word' id='word_1_765' title='bbox 2590 3973 2730 4041; x_wconf 87' lang='lat' dir='ltr'><strong>quod</strong></span> <span class='ocrx_word' id='word_1_766' title='bbox 2768 3972 3000 4026; x_wconf 84' lang='lat' dir='ltr'><strong>Verbum</strong></span> <span class='ocrx_word' id='word_1_767' title='bbox 3032 3973 3365 4039; x_wconf 86' lang='lat' dir='ltr'><strong>ignorabant,</strong></span> <span class='ocrx_word' id='word_1_768' title='bbox 3406 3989 3527 4029; x_wconf 88' lang='lat' dir='ltr'><strong>cum</strong></span> 
     </span>
    </p>
   </div>
   <div class='ocr_carea' id='block_1_100' title="bbox 1969 4062 3527 4130">
    <p class='ocr_par' dir='ltr' id='par_1_100' title="bbox 1969 4062 3527 4130">
     <span class='ocr_line' id='line_1_101' title="bbox 1969 4062 3527 4130; baseline 0 -12"><span class='ocrx_word' id='word_1_769' title='bbox 1969 4080 2163 4118; x_wconf 89' lang='lat' dir='ltr'><strong>nomen</strong></span> <span class='ocrx_word' id='word_1_770' title='bbox 2192 4064 2243 4117; x_wconf 84' lang='lat' dir='ltr'><strong>id</strong></span> <span class='ocrx_word' id='word_1_771' title='bbox 2273 4064 2341 4116; x_wconf 88' lang='lat' dir='ltr'><strong>ab</strong></span> <span class='ocrx_word' id='word_1_772' title='bbox 2374 4064 2460 4116; x_wconf 92' lang='lat' dir='ltr'><strong>illo</strong></span> <span class='ocrx_word' id='word_1_773' title='bbox 2486 4065 2676 4116; x_wconf 88' lang='lat' dir='ltr'><strong>scitmn</strong></span> <span class='ocrx_word' id='word_1_774' title='bbox 2712 4063 2801 4124; x_wconf 91' lang='lat' dir='ltr'><strong>sit,</strong></span> <span class='ocrx_word' id='word_1_775' title='bbox 2836 4064 2975 4130; x_wconf 85' lang='lat' dir='ltr'><strong>quod</strong></span> <span class='ocrx_word' id='word_1_776' title='bbox 3010 4062 3173 4117; x_wconf 87' lang='lat' dir='ltr'><strong>Deum</strong></span> <span class='ocrx_word' id='word_1_777' title='bbox 3219 4065 3399 4118; x_wconf 84' lang='lat' dir='ltr'><strong>videre</strong></span> <span class='ocrx_word' id='word_1_778' title='bbox 3428 4081 3527 4119; x_wconf 85' lang='lat' dir='ltr'><strong>nc-</strong></span> 
     </span>
    </p>
   </div>
   <div class='ocr_carea' id='block_1_101' title="bbox 1968 4151 3525 4225">
    <p class='ocr_par' dir='ltr' id='par_1_101' title="bbox 1968 4151 3525 4225">
     <span class='ocr_line' id='line_1_102' title="bbox 1968 4151 3525 4225; baseline 0.001 -17"><span class='ocrx_word' id='word_1_779' title='bbox 1968 4170 2056 4209; x_wconf 87' lang='lat' dir='ltr'><strong>mo</strong></span> <span class='ocrx_word' id='word_1_780' title='bbox 2082 4165 2308 4221; x_wconf 89' lang='lat' dir='ltr'><strong>poterat,</strong></span> <span class='ocrx_word' id='word_1_781' title='bbox 2333 4156 2426 4210; x_wconf 87' lang='lat' dir='ltr'><strong>sed</strong></span> <span class='ocrx_word' id='word_1_782' title='bbox 2460 4171 2557 4209; x_wconf 89' lang='lat' dir='ltr'><strong>nec</strong></span> <span class='ocrx_word' id='word_1_783' title='bbox 2606 4156 2772 4223; x_wconf 83' lang='lat' dir='ltr'><strong>ipsius</strong></span> <span class='ocrx_word' id='word_1_784' title='bbox 2801 4151 3033 4208; x_wconf 88' lang='lat' dir='ltr'><strong>Verbum</strong></span> <span class='ocrx_word' id='word_1_785' title='bbox 3075 4155 3388 4225; x_wconf 73' lang='lat' dir='ltr'><strong>intelligere.</strong></span> <span class='ocrx_word' id='word_1_786' title='bbox 3423 4158 3525 4210; x_wconf 91' lang='lat' dir='ltr'><strong>nisi</strong></span> 
     </span>
    </p>
   </div>
   <div class='ocr_carea' id='block_1_102' title="bbox 1967 4228 3526 4318">
    <p class='ocr_par' dir='ltr' id='par_1_102' title="bbox 1967 4228 3526 4318">
     <span class='ocr_line' id='line_1_103' title="bbox 1967 4228 3526 4318; baseline 0 -16"><span class='ocrx_word' id='word_1_787' title='bbox 1967 4247 2253 4318; x_wconf 88' lang='lat' dir='ltr'><strong>imaginem</strong></span> <span class='ocrx_word' id='word_1_788' title='bbox 2285 4249 2530 4302; x_wconf 88' lang='lat' dir='ltr'><strong>induerat</strong></span> <span class='ocrx_word' id='word_1_789' title='bbox 2576 4248 2859 4303; x_wconf 89' lang='lat' dir='ltr'><strong>invisibilis</strong></span> <span class='ocrx_word' id='word_1_790' title='bbox 2898 4249 3026 4313; x_wconf 91' lang='lat' dir='ltr'><strong>Dei,</strong></span> <span class='ocrx_word' id='word_1_791' title='bbox 3051 4228 3297 4301; x_wconf 61' lang='lat' dir='ltr'><strong>&#39;carnem</strong></span> <span class='ocrx_word' id='word_1_792' title='bbox 3334 4264 3526 4317; x_wconf 85' lang='lat' dir='ltr'><strong>nempe</strong></span> 
     </span>
    </p>
   </div>
   <div class='ocr_carea' id='block_1_103' title="bbox 1968 4337 3524 4407">
    <p class='ocr_par' dir='ltr' id='par_1_103' title="bbox 1968 4337 3524 4407">
     <span class='ocr_line' id='line_1_104' title="bbox 1968 4337 3524 4407; baseline 0 -16"><span class='ocrx_word' id='word_1_793' title='bbox 1968 4338 2249 4391; x_wconf 87' lang='lat' dir='ltr'><strong>intendens</strong></span> <span class='ocrx_word' id='word_1_794' title='bbox 2287 4338 2570 4406; x_wconf 78' lang='lat' dir='ltr'><strong>imaginem</strong></span> <span class='ocrx_word' id='word_1_795' title='bbox 2611 4337 2788 4401; x_wconf 89' lang='lat' dir='ltr'><strong>illam;</strong></span> <span class='ocrx_word' id='word_1_796' title='bbox 2849 4354 2974 4392; x_wconf 88' lang='lat' dir='ltr'><strong>nam</strong></span> <span class='ocrx_word' id='word_1_797' title='bbox 3004 4353 3100 4407; x_wconf 89' lang='lat' dir='ltr'><strong>per</strong></span> <span class='ocrx_word' id='word_1_798' title='bbox 3135 4337 3304 4389; x_wconf 86' lang='lat' dir='ltr'><strong>solam</strong></span> <span class='ocrx_word' id='word_1_799' title='bbox 3335 4338 3524 4407; x_wconf 83' lang='lat' dir='ltr'><strong>imagi-</strong></span> 
     </span>
    </p>
   </div>
   <div class='ocr_carea' id='block_1_104' title="bbox 1969 4427 3521 4498">
    <p class='ocr_par' dir='ltr' id='par_1_104' title="bbox 1969 4427 3521 4498">
     <span class='ocr_line' id='line_1_105' title="bbox 1969 4427 3521 4498; baseline -0.001 -15"><span class='ocrx_word' id='word_1_800' title='bbox 1969 4443 2089 4483; x_wconf 90' lang='lat' dir='ltr'><strong>nem</strong></span> <span class='ocrx_word' id='word_1_801' title='bbox 2118 4427 2367 4498; x_wconf 89' lang='lat' dir='ltr'><strong>cognosci</strong></span> <span class='ocrx_word' id='word_1_802' title='bbox 2397 4429 2636 4497; x_wconf 89' lang='lat' dir='ltr'><strong>potuisse</strong></span> <span class='ocrx_word' id='word_1_803' title='bbox 2674 4429 2862 4493; x_wconf 90' lang='lat' dir='ltr'><strong>Deum,</strong></span> <span class='ocrx_word' id='word_1_804' title='bbox 2890 4438 2944 4482; x_wconf 90' lang='lat' dir='ltr'><strong>et</strong></span> <span class='ocrx_word' id='word_1_805' title='bbox 2969 4428 3132 4497; x_wconf 88' lang='lat' dir='ltr'><strong>ipsius</strong></span> <span class='ocrx_word' id='word_1_806' title='bbox 3164 4428 3256 4482; x_wconf 85' lang='lat' dir='ltr'><strong>Dei</strong></span> <span class='ocrx_word' id='word_1_807' title='bbox 3287 4427 3521 4482; x_wconf 88' lang='lat' dir='ltr'><strong>Verbum</strong></span> 
     </span>
    </p>
   </div>
   <div class='ocr_carea' id='block_1_105' title="bbox 1968 4519 3517 4589">
    <p class='ocr_par' dir='ltr' id='par_1_105' title="bbox 1968 4519 3517 4589">
     <span class='ocr_line' id='line_1_106' title="bbox 1968 4519 3517 4589; baseline 0.001 -15"><span class='ocrx_word' id='word_1_808' title='bbox 1968 4520 2260 4574; x_wconf 81' lang='lat' dir='ltr'><strong>contendat</strong></span> <span class='ocrx_word' id='word_1_809' title='bbox 2284 4534 2504 4573; x_wconf 90' lang='lat' dir='ltr'><strong>carnem</strong></span> <span class='ocrx_word' id='word_1_810' title='bbox 2534 4532 2785 4574; x_wconf 91' lang='lat' dir='ltr'><strong>asserens</strong></span> <span class='ocrx_word' id='word_1_811' title='bbox 2826 4519 2991 4574; x_wconf 84' lang='lat' dir='ltr'><strong>fuisse</strong></span> <span class='ocrx_word' id='word_1_812' title='bbox 3035 4520 3320 4589; x_wconf 86' lang='lat' dir='ltr'><strong>imaginem</strong></span> <span class='ocrx_word' id='word_1_813' title='bbox 3349 4521 3517 4575; x_wconf 83' lang='lat' dir='ltr'><strong>illam.</strong></span> 
     </span>
    </p>
   </div>
   <div class='ocr_carea' id='block_1_106' title="bbox 1970 4610 3518 4680">
    <p class='ocr_par' dir='ltr' id='par_1_106' title="bbox 1970 4610 3518 4680">
     <span class='ocr_line' id='line_1_107' title="bbox 1970 4610 3518 4680; baseline -0.001 -13"><span class='ocrx_word' id='word_1_814' title='bbox 1970 4613 2074 4667; x_wconf 86' lang='lat' dir='ltr'><strong>Sed</strong></span> <span class='ocrx_word' id='word_1_815' title='bbox 2104 4610 2414 4666; x_wconf 86' lang='lat' dir='ltr'><strong>meminisse</strong></span> <span class='ocrx_word' id='word_1_816' title='bbox 2447 4611 2702 4665; x_wconf 87' lang='lat' dir='ltr'><strong>debemus</strong></span> <span class='ocrx_word' id='word_1_817' title='bbox 2742 4612 2794 4663; x_wconf 92' lang='lat' dir='ltr'><strong>in</strong></span> <span class='ocrx_word' id='word_1_818' title='bbox 2846 4612 3213 4680; x_wconf 88' lang='lat' dir='ltr'><strong>superioribus</strong></span> <span class='ocrx_word' id='word_1_819' title='bbox 3265 4612 3518 4680; x_wconf 89' lang='lat' dir='ltr'><strong>positum,</strong></span> 
     </span>
    </p>
   </div>
   <div class='ocr_carea' id='block_1_107' title="bbox 1967 4702 3522 4775">
    <p class='ocr_par' dir='ltr' id='par_1_107' title="bbox 1967 4702 3522 4775">
     <span class='ocr_line' id='line_1_108' title="bbox 1967 4702 3522 4775; baseline -0.003 -15"><span class='ocrx_word' id='word_1_820' title='bbox 1967 4704 2105 4775; x_wconf 83' lang='lat' dir='ltr'><strong>quod</strong></span> <span class='ocrx_word' id='word_1_821' title='bbox 2133 4704 2336 4773; x_wconf 87' lang='lat' dir='ltr'><strong>absque</strong></span> <span class='ocrx_word' id='word_1_822' title='bbox 2374 4702 2574 4756; x_wconf 88' lang='lat' dir='ltr'><strong>carnali</strong></span> <span class='ocrx_word' id='word_1_823' title='bbox 2635 4704 2938 4771; x_wconf 71' lang='lat' dir='ltr'><strong>prmsentia,</strong></span> <span class='ocrx_word' id='word_1_824' title='bbox 2979 4702 3145 4757; x_wconf 71' lang='lat' dir='ltr'><strong>Judzei</strong></span> <span class='ocrx_word' id='word_1_825' title='bbox 3188 4719 3375 4758; x_wconf 89' lang='lat' dir='ltr'><strong>omnes</strong></span> <span class='ocrx_word' id='word_1_826' title='bbox 3403 4721 3522 4757; x_wconf 88' lang='lat' dir='ltr'><strong>ver-</strong></span> 
     </span>
    </p>
   </div>
   <div class='ocr_carea' id='block_1_108' title="bbox 1968 4793 3519 4863">
    <p class='ocr_par' dir='ltr' id='par_1_108' title="bbox 1968 4793 3519 4863">
     <span class='ocr_line' id='line_1_109' title="bbox 1968 4793 3519 4863; baseline -0.001 -14"><span class='ocrx_word' id='word_1_827' title='bbox 1968 4797 2093 4849; x_wconf 92' lang='lat' dir='ltr'><strong>bum</strong></span> <span class='ocrx_word' id='word_1_828' title='bbox 2153 4794 2264 4857; x_wconf 87' lang='lat' dir='ltr'><strong>Dei,</strong></span> <span class='ocrx_word' id='word_1_829' title='bbox 2298 4803 2352 4847; x_wconf 92' lang='lat' dir='ltr'><strong>et</strong></span> <span class='ocrx_word' id='word_1_830' title='bbox 2382 4796 2540 4847; x_wconf 90' lang='lat' dir='ltr'><strong>verba</strong></span> <span class='ocrx_word' id='word_1_831' title='bbox 2590 4793 2714 4857; x_wconf 89' lang='lat' dir='ltr'><strong>Dei,</strong></span> <span class='ocrx_word' id='word_1_832' title='bbox 2754 4809 2872 4862; x_wconf 73' lang='lat' dir='ltr'><strong>qua:</strong></span> <span class='ocrx_word' id='word_1_833' title='bbox 2911 4795 3105 4847; x_wconf 87' lang='lat' dir='ltr'><strong>divinis</strong></span> <span class='ocrx_word' id='word_1_834' title='bbox 3142 4799 3519 4863; x_wconf 80' lang='lat' dir='ltr'><strong>prophetarum</strong></span> 
     </span>
    </p>
   </div>
   <div class='ocr_carea' id='block_1_109' title="bbox 1971 4886 3519 4955">
    <p class='ocr_par' dir='ltr' id='par_1_109' title="bbox 1971 4886 3519 4955">
     <span class='ocr_line' id='line_1_110' title="bbox 1971 4886 3519 4955; baseline -0.001 -13"><span class='ocrx_word' id='word_1_835' title='bbox 1971 4887 2265 4955; x_wconf 85' lang='lat' dir='ltr'><strong>Scripturis</strong></span> <span class='ocrx_word' id='word_1_836' title='bbox 2324 4887 2524 4951; x_wconf 91' lang='lat' dir='ltr'><strong>insunt,</strong></span> <span class='ocrx_word' id='word_1_837' title='bbox 2567 4887 2636 4939; x_wconf 86' lang='lat' dir='ltr'><strong>ad</strong></span> <span class='ocrx_word' id='word_1_838' title='bbox 2683 4895 2868 4940; x_wconf 83' lang='lat' dir='ltr'><strong>sancta</strong></span> <span class='ocrx_word' id='word_1_839' title='bbox 2916 4901 3078 4954; x_wconf 87' lang='lat' dir='ltr'><strong>opera</strong></span> <span class='ocrx_word' id='word_1_840' title='bbox 3140 4886 3519 4951; x_wconf 89' lang='lat' dir='ltr'><strong>admonitoria,</strong></span> 
     </span>
    </p>
   </div>
   <div class='ocr_carea' id='block_1_110' title="bbox 1974 4978 3518 5049">
    <p class='ocr_par' dir='ltr' id='par_1_110' title="bbox 1974 4978 3518 5049">
     <span class='ocr_line' id='line_1_111' title="bbox 1974 4978 3518 5049; baseline -0.001 -12"><span class='ocrx_word' id='word_1_841' title='bbox 1974 4978 2313 5037; x_wconf 75' lang='lat' dir='ltr'><strong>exactissime</strong></span> <span class='ocrx_word' id='word_1_842' title='bbox 2362 4978 2658 5043; x_wconf 73' lang='lat' dir='ltr'><strong>callebant,</strong></span> <span class='ocrx_word' id='word_1_843' title='bbox 2694 4994 2815 5032; x_wconf 90' lang='lat' dir='ltr'><strong>cum</strong></span> <span class='ocrx_word' id='word_1_844' title='bbox 2859 4993 2888 5031; x_wconf 86' lang='lat' dir='ltr'><strong>a</strong></span> <span class='ocrx_word' id='word_1_845' title='bbox 2951 4981 3149 5034; x_wconf 86' lang='lat' dir='ltr'><strong>teneris</strong></span> <span class='ocrx_word' id='word_1_846' title='bbox 3198 4980 3518 5049; x_wconf 84' lang='lat' dir='ltr'><strong>unguiculis.</strong></span> 
     </span>
    </p>
   </div>
   <div class='ocr_carea' id='block_1_111' title="bbox 1186 5185 2224 5253">
    <p class='ocr_par' dir='ltr' id='par_1_111' title="bbox 1186 5185 2224 5253">
     <span class='ocr_line' id='line_1_112' title="bbox 1186 5185 2224 5253; baseline -0.004 -9"><span class='ocrx_word' id='word_1_847' title='bbox 1186 5190 1227 5221; x_wconf 76' lang='grc'>⁸⁸</span> <span class='ocrx_word' id='word_1_848' title='bbox 1261 5187 1415 5244; x_wconf 85' lang='lat' dir='ltr'><strong>Joan.</strong></span> <span class='ocrx_word' id='word_1_849' title='bbox 1448 5203 1486 5253; x_wconf 92' lang='grc' dir='ltr'><strong>ι,</strong></span> <span class='ocrx_word' id='word_1_850' title='bbox 1520 5188 1570 5241; x_wconf 77' lang='grc'><strong>1.</strong></span> <span class='ocrx_word' id='word_1_851' title='bbox 1647 5189 1691 5220; x_wconf 74' lang='grc'><strong>⁸³</strong></span> <span class='ocrx_word' id='word_1_852' title='bbox 1713 5188 1901 5246; x_wconf 79' lang='lat' dir='ltr'><strong>Matth.</strong></span> <span class='ocrx_word' id='word_1_853' title='bbox 1938 5202 2069 5242; x_wconf 61' lang='grc' dir='ltr'>χχιιι</span> <span class='ocrx_word' id='word_1_854' title='bbox 2135 5185 2224 5241; x_wconf 78' lang='grc'><strong>15.</strong></span> 
     </span>
    </p>
   </div>
   <div class='ocr_carea' id='block_1_112' title="bbox 1957 5429 2991 5487">
    <p class='ocr_par' dir='ltr' id='par_1_112' title="bbox 1957 5429 2991 5487">
     <span class='ocr_line' id='line_1_113' title="bbox 1957 5429 2991 5487; baseline -0.003 0"><span class='ocrx_word' id='word_1_855' title='bbox 1957 5442 2107 5487; x_wconf 87' lang='lat' dir='ltr'><strong>ratur</strong></span> <span class='ocrx_word' id='word_1_856' title='bbox 2137 5431 2418 5487; x_wconf 76' lang='lat' dir='ltr'><strong>Marcellus</strong></span> <span class='ocrx_word' id='word_1_857' title='bbox 2447 5430 2676 5485; x_wconf 85' lang='lat' dir='ltr'><strong>scribam</strong></span> <span class='ocrx_word' id='word_1_858' title='bbox 2714 5429 2886 5484; x_wconf 91' lang='lat' dir='ltr'><strong>illum.</strong></span> <span class='ocrx_word' id='word_1_859' title='bbox 2921 5430 2991 5484; x_wconf 80' lang='grc' dir='ltr'><strong>Μ.</strong></span> 
     </span>
    </p>
   </div>
   <div class='ocr_carea' id='block_1_113' title="bbox 2028 5500 3512 5574">
    <p class='ocr_par' dir='ltr' id='par_1_113' title="bbox 2028 5500 3512 5574">
     <span class='ocr_line' id='line_1_114' title="bbox 2028 5500 3512 5574; baseline 0 -17"><span class='ocrx_word' id='word_1_860' title='bbox 2028 5502 2140 5574; x_wconf 73' lang='lat'><strong>(50)</strong></span> <span class='ocrx_word' id='word_1_861' title='bbox 2170 5503 2333 5574; x_wconf 62' lang='lat' dir='ltr'><strong>Vulgo</strong></span> <span class='ocrx_word' id='word_1_862' title='bbox 2358 5500 2790 5574; x_wconf 64' lang='grc' dir='ltr'>ὁμολογοῦσινα</span> <span class='ocrx_word' id='word_1_863' title='bbox 2834 5501 3178 5571; x_wconf 82' lang='grc' dir='ltr'>ἀποπέφαται</span> <span class='ocrx_word' id='word_1_864' title='bbox 3211 5512 3261 5557; x_wconf 87' lang='lat' dir='ltr'><strong>cl</strong></span> <span class='ocrx_word' id='word_1_865' title='bbox 3307 5518 3422 5557; x_wconf 79' lang='lat' dir='ltr'><strong>mox</strong></span> <span class='ocrx_word' id='word_1_866' title='bbox 3461 5521 3512 5558; x_wconf 86' lang='grc' dir='ltr'>τ.</span> 
     </span>
    </p>
   </div>
   <div class='ocr_carea' id='block_1_114' title="bbox 1960 5570 2795 5644">
    <p class='ocr_par' dir='ltr' id='par_1_114' title="bbox 1960 5570 2795 5644">
     <span class='ocr_line' id='line_1_115' title="bbox 1960 5570 2795 5644; baseline 0 -18"><span class='ocrx_word' id='word_1_867' title='bbox 1960 5570 2135 5644; x_wconf 81' lang='grc' dir='ltr'>σάρκα</span> <span class='ocrx_word' id='word_1_868' title='bbox 2166 5570 2303 5626; x_wconf 82' lang='grc' dir='ltr'>εἶναι</span> <span class='ocrx_word' id='word_1_869' title='bbox 2343 5570 2439 5643; x_wconf 69' lang='grc' dir='ltr'>τῆν</span> <span class='ocrx_word' id='word_1_870' title='bbox 2469 5573 2670 5637; x_wconf 71' lang='grc' dir='ltr'>εἰκόνα,</span> <span class='ocrx_word' id='word_1_871' title='bbox 2703 5572 2795 5634; x_wconf 76' lang='grc' dir='ltr'><strong>ὡς.</strong></span> 
     </span>
    </p>
   </div>
  </div>
