4086 6202
346 249 451 308 969

1279 248 1368 304 DE
1403 249 1932 310 ECCLESIASTICA
1970 254 2356 314 THEOLOGIA
2395 257 2523 314 LIB.
2558 257 2646 315 Ill.

3473 261 3578 321 970

411 367 532 445 μὲν
561 367 886 445 Δει..ξῃε.;νέναι
924 367 1037 445 τῂν
1054 367 1174 423 ἀπὸ
1201 370 1597 445 τεζοακοσιῳν
1622 372 1920 445 ἐτῶν-κτέ-

2090 389 2210 431 ante
2245 393 2406 432 annos
2429 392 2574 442 cccc,
2603 377 2757 445 ﬁnem
2789 393 2906 433 vero
2926 377 3226 432 habiturum
3254 376 3308 431 in
3335 393 3541 432 consum
3562 409 3577 422 -

414 436 528 503 λος
553 437 620 491 δὲ
638 436 882 503 ἐξεινὲν
909 436 983 505 τῇ
1013 439 1332 505 συντελείᾳ
1361 436 1917 502 διεϐεϐαιοῦτοίδια-

413 510 722 582 στρόφους
766 509 1114 577 ποιούμενος
1155 507 1262 576 τὰς
1295 509 1411 563 τῶν
1443 513 1618 566 ’θείων
1664 513 1920 582 ι’ραςοῶν

417 578 755 668 temnes:

347 646 432 702 ιδ’.
479 646 822 735 Ἐξηγήσεις
842 647 952 716 τῆς
981 648 1194 718 ὑγιοῦς
1221 648 1487 717 διανοίας
1513 651 1630 706 τῶν
1664 652 1922 722 ἀναγνω-

422 734 688 786 σματων.

351 794 441 861 ιε’.
471 789 677 861 ’ρπωςγ
698 788 922 861 ειρηται
957 807 988 861 ¢_
1005 787 1080 841 Τὰ
1129 789 1324 861 πάντα
1349 791 1788 861 ὑποταγήσεται
1839 791 1921 858 τῷ

432 858 561 924 Υίῷ.
590 860 684 912 καὶ
711 856 892 925 αὐτὸς
915 856 994 923 τῷ
1025 860 1226 927 Πατρί.
1269 880 1287 912 s

359 936 455 993 ις’.
494 931 686 994 Ὅπως
717 931 943 997 εἴρηται
971 928 1050 994 τῷ
1083 930 1444 995 Ἀποστόλῳ·
1483 946 1506 984 s
1538 933 1672 986 Τότε
1698 932 1866 986 ἔσται
1888 933 1921 985 ό

425 998 564 1064 Θεὸς
589 998 658 1052 τὰ
690 998 886 1052 πάντα
912 1001 982 1052 ἐν
1005 999 1212 1053 πᾶσιν.
1235 1019 1254 1050 ι

356 1066 442 1132 ιζ’.
474 1071 666 1134 Ὅπως
685 1072 745 1123 αἱ
773 1069 919 1123 θεῖαι
950 1070 1181 1140 Γραφαὶ
1215 1069 1285 1123 τὰ
1309 1070 1438 1140 περὶ
1467 1069 1573 1138 τῆς
1596 1071 1700 1125 τοῦ
1725 1069 1889 1140 Σωτῆ
1907 1101 1922 1112 -

417 1156 519 1208 ρος
559 1141 729 1209 ἡμῶν
772 1139 1170 1205 ἀτελευτήτου
1199 1139 1538 1209 βασιλείας
1563 1139 1917 1209 παριστῶσι,

419 1211 515 1262 καὶ
534 1208 614 1274 ὡς
643 1209 993 1280 Μάρκελλος
1022 1208 1220 1278 γυμνῇ
1251 1210 1324 1278 τῇ
1361 1211 1592 1280 κεφαλῇ
1615 1208 1918 1277 παυθήσεο

418 1281 555 1350 σθαι
591 1279 778 1350 αὑτοῦ
812 1278 926 1350 τῂν
945 1280 1273 1343 ,ϐασιλείαν
1301 1278 1680 1350 ἀπεφαίνετο.

353 1354 440 1420 ιη’.
481 1349 671 1421 Ὅπως
703 1349 774 1402 ἐν
799 1347 871 1416 τῇ
903 1350 1191 1421 ,ϐασιλείᾳ
1224 1351 1329 1404 τοῦ
1364 1347 1498 1405 Υἱόῦ
1528 1351 1597 1404 ἒν
1633 1350 1922 1421 γενήσον-

417 1434 512 1471 ται
561 1417 784 1485 πάντες
824 1423 876 1474 οὶ
917 1418 1024 1488 τῆς
1069 1421 1204 1473 τότε
1245 1417 1676 1490 μακαριότητος
1711 1417 1913 1485 ἀξιού-

412 1505 604 1556 μενοι.

351 1557 440 1615 ιΘ’.
476 1559 604 1612 Ὀτι
648 1556 845 1626 ὥσπερ
871 1561 904 1612 ό
943 1559 1144 1629 Πατὴρ
1169 1561 1265 1614 καὶ
1300 1564 1332 1615 ὁ
1365 1560 1494 1627 Υἱὸς
1535 1561 1604 1614 ἐν
1632 1556 1781 1614 εἶναι
1812 1559 1914 1614 λέ-

421 1645 651 1701 γονται,
682 1629 831 1682 οὕτω
851 1629 946 1681 καὶ
973 1630 1467 1701 πάντες-,ἔσονται
1497 1635 1550 1685 ot
1579 1631 1749 1701 ἅγιοι.

2093 449 2321 501 ηιαιὶοηε
2371 449 2599 517 surculi:
2631 458 2686 501 ut
2739 449 2833 501 hoc
2864 464 3015 501 suum
3057 451 3247 517 dogma
3288 449 3576 515 conﬁrmet,

2088 533 2242 586 quam
2274 535 2506 585 perverse
2539 516 2841 587 Scripturas
2866 516 3254 587 interpretetur.

2025 653 2108 707 Η.
2145 652 2436 721 Explicatio
2469 657 2595 708 recti
2645 665 2694 709 et
2721 672 2835 709 sont
2880 673 3059 710 sensus
3087 655 3320 709 locorum
3367 655 3585 708 allecto-

2095 741 2154 776 ru
2162 742 2207 778 ιιι
2215 765 2230 777 .

2021 793 2108 850 15.
2136 795 2404 865 Quomodo
2422 795 2634 865 dicitur,
2670 814 2687 846 ι
2711 794 2902 849 Omnia
2926 797 3155 865 subjecta
3185 795 3307 863 ﬁent
3335 794 3501 861 Filio,
3532 802 3585 850 et

2093 867 2199 932 ipse
2225 863 2528 934 subjicietur
2563 864 2708 919 Patri
2739 882 2852 918 suo.
2884 885 2901 917 ι

2022 933 2108 989 16.
2137 935 2250 999 Quo
2283 951 2433 988 sensu
2465 935 2528 987 ab
2556 934 2804 1000 Apostolo
2827 936 3025 988 dictum
3056 947 3154 1002 est,
3190 955 3207 986 ι
3233 935 3398 989 Deum
3428 934 3580 1002 {utu-

2094 1021 2208 1057 rum
2239 1007 2413 1058 omnia
2453 1007 2506 1057 in
2542 1005 2801 1060 omnibus.
2827 1025 2844 1057 ι

2025 1073 2110 1127 17.
2146 1073 2296 1139 Quod
2342 1091 2508 1128 sucrw
2539 1074 2827 1142 Scriptura:
2853 1075 2916 1129 de
2959 1074 3390 1129 indeterminabili
3424 1091 3580 1143 regno

2094 1143 2384 1214 servatoris
2413 1146 2582 1198 nostri
2609 1146 2902 1198 doctrinam
2934 1155 3306 1212 reprtvsentant
3332 1161 3350 1198 :
3369 1155 3415 1198 et
3441 1145 3579 1214 quod

2093 1213 2374 1268 Marcellus
2402 1215 2653 1284 perfricta
2683 1216 2854 1283 fronte
2887 1225 3147 1269 asseverat
3181 1213 3484 1269 habiturum
3511 1214 3580 1284 ﬁ-

2093 1301 2208 1354 nem
2230 1287 2341 1346 eius
2377 1301 2614 1354 regnum.

2025 1354 2110 1408 18.
2141 1353 2254 1419 Quo
2278 1353 2445 1408 sensui
2470 1357 2525 1408 in
2574 1371 2728 1424 regno
2759 1354 2886 1408 Filii
2921 1371 3080 1408 unum
3109 1355 3233 1423 ﬁent
3263 1370 3439 1408 omnes
3488 1356 3580 1423 qui

2094 1433 2216 1476 tunc
2241 1425 2556 1479 beatitudine
2590 1427 2687 1478 illa
2724 1436 2874 1478 erant
2909 1426 3053 1494 digni
3083 1424 3266 1480 habiti.

2025 1553 2289 1637 i9.rQuod
2319 1558 2756 1637 quemadmodum
2794 1559 2947 1637 Pater
2975 1568 3022 1637 et
3061 1557 3229 1612 Filius
3254 1575 3414 1612 unum
3439 1567 3580 1623 sunt,

2094 1629 2179 1698 ita
2195 1644 2395 1698 quoque
2427 1629 2594 1698 sancti
2623 1645 2795 1683 omnes
2819 1629 2986 1698 futuri
3014 1639 3131 1682 sunt
3155 1645 3341 1698 unum.

352 1693 769 1792 2'.:Ott‘ti)qu
809 1700 1014 1792 Hat‘ippl
1046 1701 1116 1754 ἐν
1149 1693 1387 1792 fallen;
1434 1702 1528 1785 καὶ
1574 1693 1704 1766 Υἱὸς
1733 1701 1809 1792 ἐν
1843 1697 1920 1764 τῷ

2027 1693 2112 1749 20.
2145 1693 2458 1792 Quod'siout
2488 1697 2752 1779 Pater.est
2787 1693 3110 1792 iis.l’ilio,.et
3144 1697 3314 1752 Filius
3336 1698 3391 1751 in
3423 1695 3584 1752 Patre

422 1768 627 1835 'Hatpl,
663 1770 812 1840 οὕτω
848 1771 944 1824 καὶ
973 1768 1054 1823 ἐν
1081 1770 1204 1836 τοῖς
1234 1772 1420 1840 ἁγίοις
1458 1771 1685 1826 ἅπασιν
1725 1771 1917 1823 ἔσται.

355 1840 682 1911 ναξ-Ὅπως
699 1839 822 1911 Lai;
851 1840 1011 1893 νοεῖν
1036 1840 1122 1905 τὸ,
1147 1860 1164 1892 ι
1187 1841 1252 1893 '0
1279 1839 1545 1910 ἑωρακὼς
1573 1839 1677 1911 ἐμὲ
1706 1840 1923 1910 ἑώρακε

429 1907 534 1963 τὸν
557 1907 799 1977 Πατέρα.
825 1929 842 1961 s

1001 2157 1158 2210 ΚΕΦ.
1200 2158 1277 2210 Α’.

369 2247 465 2316 Ὠς
515 2247 886 2318 διαστρόφως
927 2247 1279 2318 Μάρκελλος
1317 2249 1427 2318 ,τὰς
1475 2247 1637 2314 θείας
1682 2248 1924 2317 Γραφὰς

834 2318 1185 2387 ἑρμηνεύειν
1222 2317 1466 2387 ἐτόλμα.

433 2411 493 2464 'O
525 2409 624 2482 μὲν
655 2404 746 2463 οὖν
784 2410 956 2480 μέγας
986 2409 1370 2481 εὐαγγελιστὴς
1411 2410 1660 2481 Ἰωάννης
1704 2407 1798 2481 τὴν
1831 2408 1923 2462 τοῦ

351 2504 603 2576 Σωτῆρος
633 2504 787 2576 μῶν
813 2503 1091 2572 θεολογίαν
1121 2504 1210 2556 τὸν
1237 2502 1563 2558 ἀποδοθέντα
1592 2503 1793 2574 τρόπον
1815 2503 1926 2558 δια-

353 2598 532 2668 φόρως
559 2596 958 2668 εὐηγγελίζετο.
1008 2595 1325 2666 Μάρκελλος
1358 2596 1402 2649 δ’
1428 2597 1576 2659 ὅπως
1608 2595 1808 2666 ταύτην
1835 2596 1928 2667 ἁρ-

353 2689 655 2758 νησάμενος
697 2687 788 2740 ἐπὶ
834 2687 933 2759 τὴν
979 2687 1273 2758 Ἰουδαῐκὴν
1327 2685 1608 2750 ἐξώκειλεν
1653 2686 1925 2749 ἀπιστίαν,

354 2779 646 2852 δεδήλωται
683 2779 792 2849 (51)
826 2779 892 2832 δι’
929 2774 1004 2832 ὧν
1035 2778 1386 2848 ιὶλήλεγκται⁸
1439 2778 1515 2840 ὡς
1561 2777 1619 2829 δὲ
1677 2777 1767 2829 καὶ
1822 2777 1929 2830 δια-

357 2870 605 2942 στρόφως
627 2869 724 2934 τὰς
751 2869 1180 2941 ὁμολογουμένας
1206 2869 1298 2922 καὶ
1333 2871 1521 2939 σαφεῖς
1546 2867 1784 2939 περὶτοῦ
1813 2869 1930 2920 Σωο

2095 1783 2209 1832 suo,
2240 1768 2316 1821 ita
2347 1778 2393 1821 et
2421 1769 2473 1821 in
2503 1770 2694 1821 sanctis
2723 1769 2958 1821 omnibus
2984 1771 3104 1822 erit.

2027 1836 2115 1890 2L
2146 1835 2260 1900 Quo
2287 1854 2438 1891 sensu
2478 1840 2674 1908 dictum
2711 1838 2841 1890 illud
2871 1839 3088 1908 intelligi
3131 1839 3295 1906 debet,
3339 1856 3357 1891 ι
3383 1837 3483 1906 Qui
3506 1853 3585 1892 me

2099 1908 2248 1974 uidit,
2283 1911 2325 1960 is
2349 1909 2474 1961 vidit
2492 1919 2540 1963 et
2575 1905 2807 1962 Patrem.
2837 1926 2855 1960 s

2645 2158 2703 2216 >14
2728 2149 2878 2206 CAP.
2913 2149 2951 2204 I.

2021 2247 2190 2314 Quam
2230 2262 2464 2316 perverse
2504 2243 3151 2316 Marcellusinterpretari
3194 2259 3355 2298 ausus
3388 2252 3464 2298 est
3494 2259 3586 2297 sa-

2619 2331 2733 2368 cras
2751 2312 2993 2368 Litteras.

2089 2407 2314 2480 Magnus
2340 2408 2459 2462 ideo
2494 2406 2835 2477 Evangelista
2869 2405 3124 2472 Joannes,
3155 2403 3459 2462 Servatoris
3490 2419 3587 2461 no-

2027 2499 2124 2554 stri
2171 2499 2529 2564 divinitatem,
2562 2505 2622 2550 ut
2652 2495 2956 2565 praefertur,
2989 2510 3091 2550 non
3147 2511 3252 2550 uno
3308 2496 3466 2551 modo
3491 2511 3589 2551 sn-

2028 2592 2312 2646 nuntiavit.
2363 2589 2640 2657 Quomodo
2674 2595 2852 2642 autem
2912 2587 3056 2641 illam
3109 2586 3386 2642 Marcellus
3423 2587 3589 2643 abne-

2027 2681 2201 2754 gando
2241 2682 2307 2737 ad
2352 2681 2630 2736 Judaicam
2665 2677 2943 2749 perﬁdiam
2990 2679 3186 2746 erupit,
3237 2679 3311 2734 ibi
3358 2679 3588 2734 manife-

2029 2779 2221 2827 statur.
2259 2771 2538 2838 Quomodo
2569 2783 2698 2824 vero
2749 2781 3002 2838 perverse
3037 2767 3420 2838 interpretatus
3443 2782 3588 2826 esset

2030 2871 2267 2933 apertam
2300 2872 2356 2917 et
2388 2863 2439 2916 in
2465 2859 2709 2916 confesso
2747 2857 2971 2928 positam
2998 2859 3062 2913 de
3087 2861 3272 2916 eodem
3304 2861 3588 2920 Servatore

355 2962 525 3033 τῆρος
545 2964 578 3034 ἡ
588 2963 700 3033 μῶν
732 2980 876 3034 παρη
887 2963 1117 3034 ρμήνευε
1143 2961 1507 3025 διδασκαλίας,
1540 2960 1729 3031 μάθοις
1750 2959 1814 3013 ἂν
1839 2962 1925 3015 καὶ

2033 2953 2322 3024 Scriptura:
2360 2954 2682 3020 doctrinam,
2730 2970 2853 3011 cum
2878 2970 2910 3011 e
2941 2953 3122 3011 multis
3159 2955 3280 3012 aliis
3303 2956 3467 3027 ipsius
3500 2957 3586 3010 in-

357 3052 419 3119 ὲξ
448 3052 650 3124 ἑτέρων
684 3054 778 3124 μὲν
800 3053 1060 3106 πλείστων
1088 3053 1225 3106 ὅσων
1246 3052 1408 3106 αὐτοῦ
1442 3052 1765 3124 διηγήσεων,
1789 3051 1930 3125 ἀτὰρ

358 3146 426 3218 δὴ
481 3147 578 3199 καὶ
629 3147 694 3199 ἐκ
736 3147 834 3216 τῆς
891 3146 1056 3210 οὕτως
1098 3145 1326 3217 ἐχούσης
1357 3149 1413 3201 ἐν
1468 3150 1580 3209 τοῖς
1623 3144 1931 3217 Σολομῶνος

361 3237 704 3310 Παροιμίαις.
749 3237 1034 3306 Είσάγεται
1061 3239 1094 3308 ἡ
1127 3235 1295 3305 Σοφία
1334 3235 1771 3307 αὐτοπροσώπως
1802 3235 1931 3308 περὶ

359 3330 556 3402 ἑαυτῆς
577 3329 744 3384 ταῦτα
764 3329 1137 3401 διεξερχομένη
1163 3329 1294 3400 (52)⁶
1322 3328 1467 3398 Ἐγὼ
1500 3329 1537 3395 ἡ
1573 3329 1760 3398 Σοφία
1790 3345 1928 3382 κατ-

358 3420 680 3488 εσκήνωσα
705 3419 968 3488 βουλὴν,
1000 3419 1098 3474 καὶ
1126 3417 1368 3490 γνῶσιν,
1414 3419 1509 3473 καὶ
1549 3419 1790 3473 ἔννοιαν
1818 3416 1931 3488 ἐγὼ

353 3514 833 3584 ἐπεκαλεσάμην.
863 3515 1049 3580 Φόϐος
1073 3513 1290 3580 Κυρίου
1309 3513 1478 3581 μισεῖ
1495 3512 1729 3577 κακίαν,
1762 3512 1932 3580 ὕϐριν

358 3619 422 3657 τε
450 3605 546 3660 καὶ
575 3606 1009 3674 ὑπερηφανίαν,
1055 3603 1152 3657 καὶ
1185 3604 1358 3668 ὀδοὺς
1391 3604 1686 3674 πονηρῶν,
1723 3604 1931 3674 ἐμίση-

362 3710 445 3748 σα
493 3694 560 3749 δὲ
613 3695 726 3766 ἐγὼ
774 3695 1244 3765 διεστραμμένας
1297 3695 1474 3762 ὀδοὺς
1525 3695 1741 3750 κακῶν.
1791 3694 1927 3764 Ἐμὴ

357 3787 556 3856 ,βουλὴ
581 3787 678 3841 καὶ
701 3787 1028 3857 dogs-rideam
1056 3786 1166 3856 ἐμὴ
1197 3789 1465 3852 σύνεσις,
1495 3786 1605 3855 ἐμὴ
1641 3786 1708 3839 δὲ
1731 3787 1927 3856 ἰσχύς.

360 3877 440 3930 Δι’
464 3876 607 3947 ἐμοῦ
642 3876 924 3943 βασιλεῖς
950 3876 1372 3940 βασιλεύουσι,
1421 3875 1518 3927 καὶ
1559 3878 1610 3928 οἱ
1638 3874 1931 3929 δυνάσται

360 3955 654 4039 ἰᾦάφουσι
679 3969 1084 4038 δικαιοσύνην.
1119 3971 1195 4022 Δι’
1220 3969 1366 4039 ἐμοῦ
1382 3965 1735 4038 μεγιστᾶνες
1755 3983 1932 4036 μεγα-

361 4060 664 4124 λύνονται,
704 4060 803 4114 καί
845 4061 1121 4129 τύραννοι
1165 4059 1238 4112 δι’
1285 4057 1428 4129 ἐμοῦ
1467 4055 1751 4125 κρατοῦσι
1795 4055 1926 4125 γῆς.

375 4148 520 4220 Ἐγὼ
563 4150 705 4218 τοὺς
737 4151 840 4222 ἐμὲ
876 4150 1203 4220 φιλοῦντας
1239 4148 1466 4221 ἀγαπῶ,
1517 4151 1569 4202 οί
1602 4148 1668 4201 δὲ
1698 4147 1801 4216 ἐμὲ
1824 4146 1930 4213 ζη-

2031 3046 2503 3115 terpretationibus
2540 3045 2730 3117 liquet,
2790 3055 2898 3103 tum
2934 3048 3199 3118 praecipue
3245 3061 3312 3102 ex
3368 3046 3480 3113 illa,
3518 3047 3587 3101 de

2027 3134 2335 3193 Proverbiis
2393 3135 2716 3204 Salomonis,
2770 3137 2859 3193 ubi
2908 3136 3264 3193 introducitur
3315 3136 3587 3208 Sapientia

2026 3230 2381 3300 personaliter
2405 3229 2468 3284 de
2498 3229 2674 3300 seipsa
2703 3231 2778 3285 ita
2807 3229 3080 3301 prolocuta
3100 3230 3146 3263 ⁸¹
3178 3244 3193 3283 :
3222 3228 3336 3301 Ego
3366 3229 3589 3300 Sapien-

2029 3321 2103 3374 tia
2134 3320 2310 3374 ltabito
2335 3321 2391 3375 in
2422 3321 2660 3386 consilio,
2705 3331 2753 3376 et
2791 3322 3012 3377 eruditis
3036 3322 3286 3376 intersum
3313 3323 3587 3393 cogitatio-

2027 3413 2200 3470 nibus.
2255 3411 2434 3467 Timor
2467 3412 2672 3468 Domini
2720 3414 2828 3468 odit
2877 3413 3097 3479 malum,
3153 3416 3507 3483 arrogantiam
3537 3425 3589 3469 et

2027 3502 2343 3571 superbiam,
2380 3514 2428 3558 et
2454 3503 2592 3558 viam
2623 3519 2840 3573 pravam
2873 3519 2892 3558 :
2918 3512 2968 3557 et
2997 3519 3054 3557 os
3083 3503 3309 3574 bitingue
3337 3506 3586 3559 detestor.

2027 3593 2202 3649 Meum
2227 3607 2301 3649 est
2324 3595 2598 3650 consilium
2619 3605 2670 3649 et
2699 3595 2938 3662 aquilas,
2987 3610 3099 3649 mea
3120 3601 3197 3648 est
3217 3604 3263 3649 et
3289 3597 3587 3663 prudentia.

2030 3705 2145 3742 mea
2184 3698 2261 3742 est
2290 3689 2569 3757 fortitudo.
2595 3685 2702 3741 Per
2733 3701 2813 3740 me
2845 3701 2986 3757 reges
3009 3695 3250 3756 regnant,
3282 3696 3330 3742 et
3356 3686 3590 3741 condito-

2030 3795 2108 3833 res
2138 3779 2304 3850 legum
2345 3781 2495 3849 justa
2523 3779 2824 3833 decernunt.
2871 3775 2978 3833 Per
3004 3795 3084 3833 me
3135 3779 3389 3849 principes
3422 3779 3588 3848 impe-

2030 3883 2169 3939 rant,
2197 3884 2243 3926 et
2279 3881 2510 3941 potentes
2539 3873 2820 3926 decernunt
2859 3871 3143 3940 justitiam.
3179 3869 3289 3941 Ego
3317 3870 3587 3941 diligentes

2027 3978 2108 4016 me
2130 3963 2314 4033 diligo,
2343 3972 2394 4017 et
2423 3964 2513 4035 qui
2537 3975 2888 4034 qureruntme,
2932 3964 3186 4018 invenient
3206 3965 3449 4033 gratiam.
3473 3961 3589 4017 He-

2030 4070 2145 4106 cnm
2174 4065 2295 4108 sunt
2327 4056 2546 4119 divitiis,
2583 4066 2631 4110 et
2670 4057 2860 4128 gloria,
2887 4073 3005 4124 opes
3029 4055 3262 4124 superst
3287 4065 3334 4110 et
3355 4056 3584 4124 iustitia.

2032 4145 2220 4200 Melior
2249 4156 2324 4202 est
2363 4147 2564 4218 fructus
2602 4165 2745 4204 meus
2787 4166 2917 4204 auro
2953 4159 3002 4204 et
3035 4149 3207 4219 lapide
3241 4151 3464 4217 pretioso
3494 4158 3586 4203 εει

362 4236 607 4305 τοῦντες
629 4239 957 4309 εὑρήσουσι
987 4240 1178 4311 χάριν.
1207 4239 1475 4303 Πλοῦτος
1505 4236 1600 4291 καὶ
1625 4236 1773 4301 δόξα
1800 4236 1925 4304 ἐμοὶ

2029 4239 2291 4308 genimina
2316 4255 2426 4293 mea
2451 4251 2664 4310 argento
2692 4241 2870 4296 electo.
2909 4241 2973 4296 In
2998 4244 3091 4298 viis
3109 4243 3328 4312 justitite
3354 4241 3583 4296 ambulo.

362 4329 634 4400 ὑπάρχει,
677 4306 774 4386 καὶ
828 4306 1358 4401 κτῆσιςτπολλῶν,
1407 4330 1502 4384 καὶ
1555 4331 1925 4398 δικαιοσύνη.

2032 4306 2099 4382 ln
2135 4330 2300 4384 medio
2335 4306 2639 4385 setnita'rum
2665 4331 2856 4400 judicii
2894 4306 3183 4397 convertor,
3216 4341 3273 4386 ut
3314 4333 3474 4386 ditem
3503 4332 3588 4385 di~

360 4419 609 4474 Βέλτιον
637 4421 740 4491 ἐμὲ
763 4422 1137 4492 καρπίζεσθαι
1170 4422 1321 4492 ὑπὲρ
1343 4421 1596 4490 χρυσίον
1629 4421 1727 4474 καὶ
1757 4423 1932 4476 λίθον

361 4513 574 4582 τίμιον,
599 4514 670 4567 τὰ
689 4513 756 4566 δὲ
771 4513 880 4584 ἐμὰ
898 4513 1230 4584 γεννήματα
1245 4514 1501 4581 κρείσσω
1519 4513 1800 4582 ἀργυρίου
1829 4513 1897 4566 ἐκ

359 4602 615 4657 λέκτουο
668 4604 738 4657 ἐν
789 4604 947 4671 ὁδοῖς
1004 4603 1392 4671 δικαιοσύνης
1451 4601 1768 4673 περιπατῶ,
1831 4603 1930 4659 καὶ

362 4692 479 4747 ἀνὰ
505 4693 693 4761 μέσον
719 4694 831 4766 (55)
871 4695 1024 4750 ὁδῶν
1047 4694 1428 4763 δικαιώματος
1465 4695 1927 4765 ἀναστρέφομαι,

363 4785 462 4838 ἵνα
488 4788 711 4854 μερίσω
737 4787 860 4854 τοῖς
887 4787 991 4857 ἐμὲ
1025 4783 1332 4856 ἀγαπῶσιν
1362 4785 1638 4854 ὕπαρξιν,
1668 4785 1930 4854 καὶτοὺς

361 4876 702 4945 θησαυροὺς
739 4876 934 4931 αὐτῶν
961 4876 1247 4947 ἐμπλήσω
1290 4877 1543 4946 ἀγαθῶν.
1590 4877 1722 4931 Ἐὰν
1747 4878 1928 4947 ἀναγ-

360 4969 539 5038 γείλω
565 4968 707 5038 ὑμῖν
725 4971 797 5024 τὰ
827 4971 952 5026 καθ’
979 4968 1206 5039 ἡμέραν
1227 4969 1559 5038 γιγνόμενα,
1587 4970 1927 5037 μνημονεύ-

361 5073 452 5112 σω
501 5060 572 5114 τὰ
611 5061 681 5126 ἐξ
721 5061 932 5128 αἰῶνος
975 5059 1317 5130 ἀριθμῆσαι.
1371 5061 1584 5128 Κύριος
1625 5059 1826 5114 ἕκτισέ
1850 5079 1928 5131 με

360 5151 558 5220 ἀρχὴν
584 5151 738 5207 ὁδῶν
765 5153 951 5207 αὐτοῦ
981 5155 1067 5219 εἰς
1096 5153 1238 5222 ἔργα
1267 5151 1479 5206 αὑτοῦ·
1510 5149 1624 5219 πρὸ
1649 5150 1753 5205 τοῦ
1791 5153 1922 5207 αἰῶ-

438 5298 497 5356 ›Ῑ‹
531 5293 629 5351 Ed.
661 5295 855 5361 Paris.,
892 5311 1014 5366 pag.
1048 5295 1171 5350 MS.
1244 5297 1290 5327 "
1322 5295 1481 5349 Prov.
1522 5311 1640 5361 VIII,
1663 5295 1847 5353 12-51.

434 5456 643 5528 (51)Δι’
668 5459 752 5532 ὧν
799 5461 1103 5517 λέλεκται.
1154 5460 1210 5532 In
1259 5461 1425 5532 priori
1462 5461 1622 5517 libro.
1665 5463 1793 5530 Qua:
1831 5480 1922 5522 se-

359 5540 602 5607 quuntur
625 5531 688 5584 ad
708 5532 850 5607 hunc
870 5532 1062 5607 librum
1077 5531 1417 5607 referuntur,
1442 5533 1782 5607 cujus_reluti
1806 5537 1924 5607 epi-

361 5605 542 5672 tonth
575 5603 1052 5672 comprehendunt.
1065 5599 1146 5672 ιι.
1169 5631 1239 5642 -
1266 5601 1383 5672 Mog
1403 5599 1558 5672 vulgo
1577 5602 1705 5657 Σαλ.

432 5669 545 5741 (52)
572 5669 722 5741 Α’ξγῲ
741 5672 786 5741 ῄ
823 5671 1028 5740 Σοφία.
1063 5669 1234 5726 Locus
1254 5681 1337 5727 est
1359 5669 1518 5741 Prov:
1550 5687 1666 5735 vm,
1696 5672 1800 5741 ης
1831 5689 1919 5730 se-

359 5737 550 5816 quitur
571 5737 707 5794 LXX
736 5737 1017 5802 Eusebius,
1046 5756 1074 5794 α
1105 5743 1301 5811 quibus
1338 5739 1516 5798 ditfert
1544 5737 1916 5813 interpretatio

759 5835 1028 5898 Ps'rIOL.
1062 5835 1177 5896 Gn.
1214 5835 1445 5899 XXIV.

2028 4419 2240 4492 ligentes
2271 4438 2371 4490 me,
2419 4432 2467 4477 et
2506 4423 2776 4479 thesauros
2813 4442 2990 4480 eorum
3024 4425 3268 4495 repleam.
3295 4424 3353 4479 Si
3377 4441 3586 4478 annun-

2031 4516 2224 4570 tiavero
2249 4516 2409 4588 {vobis
2459 4533 2575 4587 quia
2603 4535 2696 4587 per
2715 4519 2828 4574 dies
2883 4520 3218 4583 creabantur,
3274 4519 3586 4577 numeratim

2029 4611 2339 4662 recordabor
2389 4626 2568 4664 eorum
2600 4627 2717 4682 qua:
2761 4630 2792 4666 a
2818 4613 3030 4669 sarculo.
3069 4613 3320 4668 Dominus
3358 4614 3585 4685 possedit

2028 4714 2110 4754 me
2150 4710 2355 4755 tntttum
2385 4703 2586 4758 viarum
2618 4720 2835 4758 suarum
2866 4707 2936 4760 ad
2977 4722 3132 4776 opera
3174 4723 3291 4772 sua,
3332 4716 3451 4760 ante
3480 4723 3584 4760 sre-

2029 4791 2146 4844 cula
2178 4793 2416 4860 [undavit
2447 4812 2564 4861 me;
2611 4797 2664 4851 in
2715 4798 2988 4866 principio,
3039 4797 3341 4866 priusquam
3390 4807 3584 4852 terram

2027 4883 2286 4936 conderet.
2319 4882 2568 4940 Nondum
2597 4898 2741 4942 erant
2774 4891 2970 4958 abyssi,
3008 4898 3058 4942 et
3086 4907 3176 4960 ego
3197 4890 3311 4960 jam
3337 4888 3584 4959 concepta

2028 4973 2107 5042 [ui
2141 4989 2158 5027 :
2192 4976 2408 5029 necdum
2454 4977 2622 5046 fontes
2677 4997 2933 5049 aquarum
2989 4992 3263 5047 eruperant
3302 4998 3322 5035 :
3367 4983 3584 5035 necdum

2029 5077 2226 5122 montes
2281 5071 2424 5138 gravi
2469 5071 2602 5126 mole
2633 5075 2988 5130 constiterant.
3021 5075 3154 5129 Ante
3205 5075 3360 5129 colles
3409 5092 3584 5132 omnes

2027 5173 2119 5228 ego
2146 5161 2496 5226 parturiebar.
2541 5163 2794 5218 Dominus
2819 5165 2938 5234 fecit
2969 5167 3222 5236 regiones,
3248 5177 3295 5221 et
3315 5168 3584 5222 inhabita-

2033 5471 2420 5548 vulgaris;_.pro
2450 5471 2664 5548 βουλήν,
2698 5472 3052 5548 Symmachus
3081 5473 3317 5548 habebat
3343 5488 3583 5548 πανουρ-

2039 5541 2174 5610 γία),
2204 5541 2342 5596 male
2369 5545 2420 5598 in
2452 5541 2572 5597 eod.
2601 5541 2789 5598 nostra
2816 5543 3029 5598 εὔνοιαν
3062 5554 3207 5600 esset
3235 5544 3463 5601 ὲννοίαν.
3484 5541 3553 5600 Μ.

2025 5613 2211 5753 le
2478 5610 2879 5685 δικαιώματος.
2933 5615 3039 5672 Δϋὶ
3077 5613 3282 5688 τρισῶν
3326 5615 3584 5688 ἀληθείας

3185 5847 3259 5908 31
