4086 6202
620 294 720 355 οτι
1277 291 1546 352 EUSEBII
1583 287 2055 348 CESABIENSIS
2093 288 2244 346 OPP.
2286 287 2469 345 PARS
2506 288 2597 345 Ν.
2637 320 2705 331 -
2742 288 3158 349 DOGMATICA.
3758 296 3873 355 θ’ῗῖ

621 409 768 481 biles,
802 422 849 468 et
889 413 1209 469 summitates
1260 412 1521 469 habitatas
1554 413 1647 467 sub
1681 412 1826 467 coelo.
1867 417 1924 476 ›Ῑ‹
1957 410 2143 477 Quand

2248 428 2388 476 ,νος
2423 409 2775 480 ἐθεμελίωσέ
2818 430 2895 482 με
2914 429 2929 444 θ
2986 413 3056 466 ὲν
3094 410 3254 482 ἀρχῇ
3288 411 3399 481 πρὸ
3442 411 3549 468 τοῦ
3587 410 3706 481 τὴν
3750 412 3884 485 τῆν

618 505 947 574 ρνιεραναίιαι
977 503 1149 569 celos,
1174 505 1388 559 aderam
1410 507 1477 560 ei.
1522 505 1745 572 Quando
1772 508 2045 573 separabat
2083 504 2143 558 sit

2287 501 2558 572 ποιῆσαι,
2606 502 2718 571 πρὸ
2765 504 2869 558 τοῦ
2916 503 3019 570 τὰς
3069 505 3381 572 ἀϐύσσους
3412 502 3658 572 ποιῆσαι
3679 522 3697 537 ο
3752 508 3880 574 πρὸ

618 598 859 650 thronum
889 613 1043 664 super
1067 607 1260 652 ventos.
1294 599 1520 663 Quando
1540 598 1785 666 ﬁrmabat
1816 599 1973 651 nubes
1998 613 2143 664 supra

2284 594 2390 648 τοῦ
2421 593 2731 663 προελθεῖν
2765 594 2870 662 τὰς
2916 596 3109 666 πηγὰς
3143 595 3263 650 τῶν
3302 596 3536 650 ὑδάτων
3557 613 3572 627 ’
3606 596 3725 666 πρὸ
3761 596 3883 651 τοῦ

618 698 664 741 et
697 688 921 742 librabat
955 687 1123 758 fontes
1167 706 1423 759 aquarum
1477 690 1657 744 subter
1702 689 1905 743 coelum.
1950 688 2143 755 Quand

2283 686 2389 756 ὄρη
2418 685 2799 756 ἑδρασθῆναι,
2836 689 2947 758 πρὸ
2966 688 3034 744 δὲ
3061 688 3170 761 (54)
3198 687 3438 743 πάντων
3459 688 3705 753 ,Βουνῶν
3732 707 3879 759 τεν-

616 779 939 850 appendebat
980 780 1324 849 fundamenta
1362 790 1538 846 terra',
1585 797 1703 834 cum
1727 796 1788 835 eo
1818 797 1959 835 eram
1988 794 2143 835 cuncti

2279 777 2358 844 νᾷ
2378 796 2473 847 με.
2505 780 2718 847 Κύριος
2755 780 3005 849 ἐποίησε
3048 780 3238 850 χώρας
3265 781 3363 834 καὶ
3389 781 3735 848 ἀοικήτους,
3768 782 3880 835 καὶ

614 887 941 942 componens.
991 872 1300 927 Delectabar
1323 888 1416 942 per
1444 872 1677 942 singulos
1710 873 1842 937 dies,
1866 872 2051 928 ludens
2082 889 2140 927 co

2280 870 2431 940 ἄκρα
2469 871 2787 939 οἰκούμενα
2821 869 2927 939 τῆς
2958 872 3066 944 (55)
3095 874 3195 925 ὑπ’
3230 872 3521 941 οὐρανῶν.
3562 872 3770 927 Ἠνίκα
3794 874 3878 940 ή-

613 980 724 1018 ram
758 980 837 1029 eo,
886 964 1071 1019 ludens
1121 965 1173 1019 in
1210 967 1331 1021 orbe
1376 976 1661 1020 terrarum.
1699 963 1768 1019 Et
1817 965 2018 1021 delicia:
2047 982 2143 1021 met

2280 961 2510 1032 τοίμαζε
2538 962 2644 1016 τὸν
2679 962 2964 1031 οὐρανὸν,
3006 961 3612 1033 συμπαρήμηναῠτῷ.
3657 963 3878 1017 Ἡγίκα

611 1069 719 1109 esse
755 1070 871 1108 cum
904 1055 1028 1123 filiis
1061 1056 1347 1109 hominum.

2278 1052 2522 1124 ἁφώριζε
2561 1053 2667 1108 τὸν
2706 1054 2921 1109 ἑαυτοῦ
2969 1054 3184 1124 θρόνον
3227 1054 3318 1107 ἐπ’
3365 1053 3613 1124 ἀνέμων.
3654 1053 3876 1109 Ἡνίκα

610 1151 827 1220 ισχυρὰ
865 1151 1046 1205 ἐποίει
1082 1152 1192 1222 (56)
1226 1156 1296 1205 τὰ
1326 1151 1446 1205 ἅνω
1477 1151 1649 1223 νέφη,
1684 1151 1779 1207 καί
1799 1152 1879 1218 ὡς
1909 1150 2205 1221 ἀσφαλεῖς
2240 1151 2418 1206 ἐτίθει
2450 1148 2645 1220 πηγὰς
2682 1148 2791 1217 τὰς
2828 1150 2930 1205 ὑπ’
2970 1149 3251 1219 οὐρανὸν,
3294 1147 3392 1202 καί
3424 1146 3635 1218 ισχυρά
3664 1147 3875 1202 ἐποίει

606 1242 679 1296 τὰ
711 1241 949 1312 θεμέλια
977 1240 1086 1311 τῆς
1113 1242 1246 1311 τῆς,
1300 1241 1461 1312 ἥμην
1495 1245 1629 1314 παρ’
1649 1241 1807 1308 αὐτῷ
1831 1241 2197 1311 άρμόζουσα’
2237 1239 2352 1311 ἐγὼ
2382 1239 2545 1309 ἥμην
2572 1235 2614 1312 ᾖ
2652 1239 3012 1310 προσέχαιρε
3071 1241 3199 1295 καθ’
3231 1236 3487 1308 ἡμέραν
3524 1238 3869 1307 ηὐφραινό-

602 1351 727 1404 μην
755 1334 823 1387 δὲ
849 1335 920 1389 ἐν
948 1333 1243 1405 προσώπῳ
1274 1334 1458 1389 αὐτοῦ
1486 1336 1556 1389 ἐν
1600 1335 1780 1389 παντί
1827 1332 2037 1404 καιρῷ·
2078 1333 2177 1388 ὅτε
2215 1333 2574 1402 ηὐφραίνετο
2641 1331 2757 1401 τὴν
2784 1330 3144 1403 οἰκουμένην
3199 1331 3584 1398 συντελέσας,
3604 1331 3704 1385 καὶ
3747 1334 3867 1400 ηὑ-

604 1429 883 1498 φραίνετο
906 1430 998 1500 ἐφ’
1036 1428 1186 1496 υἱοῖς
1210 1428 1320 1501 (57)
1351 1428 1693 1498 ἀνθρώπων.

1253 1520 1406 1577 CAP.
1449 1522 1511 1580 ll.
2210 1535 2254 1590 Β

604 1612 876 1680 Quomodo
914 1612 1069 1677 illud,
1122 1632 1140 1665 ι
1174 1613 1425 1668 Dominus
1455 1615 1685 1669 condidit
1730 1632 1810 1670 me
1854 1615 2164 1682 principium

667 1685 869 1756 viarum
900 1686 1033 1756 ejus,
1062 1703 1080 1734 ι
1101 1696 1162 1756 Δει
1193 1700 1308 1756 qua:
1335 1695 1638 1751 sequuntur,
1666 1686 1889 1756 intelligi
1922 1685 2161 1741 debeant.

670 1753 738 1824 Et
779 1755 1034 1824 quomodo
1088 1753 1369 1808 Marcellus
1414 1771 1474 1808 ea
1521 1755 1790 1810 transtulit
1839 1753 1908 1811 ad
1956 1773 2165 1812 carnem

666 1822 964 1879 Senatorii
990 1835 1304 1893 susceptam.

664 1915 790 1972 Haec
826 1917 894 1972 de
926 1917 1102 1987 seipsa
1137 1917 1191 1971 in
1226 1916 1538 1972 Proverbiis
1567 1916 1862 1988 Sapientia.
1895 1920 2165 1991 [ntegrum

2916 1515 3075 1568 ΚΕΦ.
3110 1512 3183 1570 Εἰ

2273 1607 2460 1669 Ὅπως
2472 1603 2559 1671 τὸ,
2577 1621 2596 1655 ι
2608 1605 2821 1673 Κύριος
2830 1603 3028 1658 emas
3036 1622 3113 1673 με
3127 1603 3322 1674 ἀρχὴν
3333 1602 3489 1659 ὁδῶν
3500 1603 3706 1671 αὑτοῦ,
3719 1622 3737 1656 ι
3754 1604 3862 1659 καὶ

2335 1676 2409 1730 τὰ
2458 1677 2645 1739 τούτῳ
2693 1675 3047 1744 συνημμένα
3081 1675 3317 1729 νοεῖται·
3355 1676 3453 1729 καὶ
3483 1675 3643 1742 ὅπως
3663 1674 3856 1729 ταῦτα

2338 1744 2696 1826 ρίὰρκελλος
2744 1745 2843 1797 ἐπὶ
2876 1745 2988 1804 τὴν
3033 1744 3229 1815 σάρκα
3282 1746 3390 1800 τοῦ
3435 1746 3854 1816 Σωτῆροςμετ-

2417 1833 2466 1869 ε.

2417 1836 2466 1869 ε.

2336 1836 2521 1961 ῗζῦτα
2548 1907 2645 1978 μὲν
2660 1908 2719 1961 ὲν
2736 1907 3061 1980 Παροιμίαις
3077 1925 3142 1962 πε
3152 1911 3205 1980 pi.
3226 1908 3428 1979 ἑαυτῆς
3449 1910 3481 1979 ἡ
3504 1908 3695 1976 Σοφία.
3711 1906 3850 1962 Ὀλα

595 2022 723 2064 vero
756 2008 933 2062 locum
967 2008 1273 2064 necessario
1304 2008 1592 2078 descripsi,
1634 2024 1690 2065 ut
1734 2022 1987 2082 appareat
2018 2028 2167 2069 eam-

592 2098 716 2153 dem
750 2112 1032 2167 personam
1082 2098 1197 2153 haec
1240 2099 1419 2153 omnia
1461 2099 1694 2154 locutam
1725 2115 1741 2155 :
1772 2116 1870 2158 nec
1915 2105 2165 2159 transitio

592 2188 666 2244 sit
701 2187 1018 2243 intermedia
1054 2187 1120 2242 de
1149 2202 1378 2258 persona
1404 2188 1471 2242 ad
1505 2205 1811 2258 personam.
1851 2191 1973 2248 Haec
2001 2194 2165 2264 igitur

595 2279 662 2335 de
696 2278 871 2348 seipsa
904 2278 1064 2335 docet
1112 2288 1168 2334 et
1216 2280 1452 2335 ostendit
1491 2280 1788 2351 Sapientia.
1842 2282 1942 2339 Ubi
1997 2286 2165 2356 inpri-

594 2369 700 2425 mis
761 2379 998 2435 notetur,
1056 2360 1200 2441 quod
1252 2384 1313 2426 se
1363 2371 1639 2428 indeﬁnite
1695 2374 2026 2445 Sapientiam
2073 2391 2166 2433 vo-

587 2469 674 2517 eet
701 2477 715 2514 :
745 2454 856 2529 Ego
881 2460 1037 2523 enim.
1056 2460 1249 2529 inquit,
1264 2462 1510 2516 constitui
1534 2462 1849 2529 consilium;
1875 2480 1985 2521 non
2018 2466 2160 2535 adji-

587 2551 749 2615 citur,
774 2550 1053 2620 Sapientia
1100 2550 1218 2606 Dei.
1256 2549 1362 2605 Sed
1396 2562 1553 2621 prout
1592 2553 1851 2609 scribitur
1893 2556 1961 2611 ab
1997 2570 2165 2611 evan-

584 2641 796 2712 gelista,
839 2640 907 2695 In
947 2642 1204 2708 principio
1244 2650 1353 2695 erat
1410 2639 1631 2696 Verbum
1648 2643 1718 2711 ⁸³,
1758 2643 2055 2700 indeﬁnite.
2094 2645 2162 2700 Et

586 2748 796 2797 rursus,
838 2732 1062 2788 Verbum
1102 2743 1214 2787 erat
1259 2732 1400 2803 apud
1455 2733 1618 2789 Deum
1637 2734 1683 2768 ⁸³
1723 2752 1737 2789 :
1775 2750 1874 2791 nec
1925 2737 2157 2801 dicitur,

592 2823 816 2881 Verbum
856 2825 971 2888 Dei,
998 2840 1068 2881 ne
1104 2824 1227 2895 quis
1259 2834 1511 2894 tanquam
1543 2826 1798 2896 quiddam
1828 2826 2049 2883 relative
2077 2829 2160 2883 di-

2264 1997 2307 2051 δ’
2338 2001 2587 2075 ἐπιτηδὲς
2611 2004 2926 2072 ἀναγκαίως
2947 2002 3288 2075 παρεθέμην,
3320 2003 3537 2066 δεικνὺς
3557 2002 3633 2065 ὡς
3650 2003 3710 2054 ἓν
3733 2004 3851 2056 ἐστι

2268 2094 2560 2163 πρόσωπον
2590 2096 2651 2149 τὸ
2678 2096 2846 2149 ταῦτα
2893 2096 3069 2165 λέγον,
3100 2096 3219 2150 οὐδὲ
3256 2098 3385 2167 μιᾶς
3432 2097 3489 2149 ὲν
3531 2094 3609 2166 τῷ
3646 2093 3846 2166 μεταξὺ

2264 2189 2562 2261 γενομένης
2586 2190 2889 2263 μεταϐολῆς
2904 2191 2997 2244 τοῦ
3027 2192 3291 2261 λέγοντος·
3315 2191 3590 2245 δείκνυται
3607 2191 3783 2244 τοίνυν
3806 2191 3842 2260 i1

2265 2281 2432 2351 Σοφία
2459 2282 2632 2336 ταῦτα
2666 2284 2794 2355 περὶ
2825 2284 3026 2354 ἑαυτῆς
3063 2283 3406 2338 διδάσκουσα.
3444 2281 3739 2338 Κάνταῦθα
3785 2281 3842 2334 δὲ

2266 2371 2481 2443 πρῶτον
2504 2374 2886 2445 ὲπιτηρητέον,
2903 2375 2978 2438 ὡς
3007 2374 3288 2438 ἀπολύτως
3313 2374 3482 2445 Σοφία
3507 2373 3838 2444 ὡνόμασται’

2276 2462 2422 2534 Ἐγὼ
2449 2462 2589 2535 γὰρ,
2632 2466 2786 2536 φησὶ,
2841 2466 3275 2535 κατεσκήνωσα
3309 2467 3575 2535 βουλὴν,
3606 2467 3699 2520 καὶ
3742 2466 3843 2520 οὐκ

2264 2556 2498 2628 εἴρηται,
2525 2558 2715 2626 Σοφία
2745 2559 2851 2613 τοῦ
2883 2559 3029 2614 Θεοῦ
3047 2576 3061 2590 ο
3089 2559 3203 2613 ἀλλ’
3239 2559 3426 2631 ὥσπερ
3466 2559 3611 2630 παρὰ
3639 2556 3719 2627 τῷ
3745 2558 3841 2610 εὖ·

2262 2649 2557 2721 αγγελιστῇ
2610 2652 2691 2715 τὸ,
2735 2651 2829 2705 Ἐν
2859 2651 3015 2722 ἀρχῇ
3065 2649 3144 2725 ἦν
3189 2656 3224 2708 ὁ
3270 2653 3494 2722 Λόγος,
3548 2650 3844 2715 ἀπολύτως

2261 2741 2551 2812 ἐγράφετο,
2579 2744 2671 2796 καὶ
2702 2742 2885 2813 πάλιν,
2931 2746 2993 2798 Ὀ
3025 2746 3214 2813 Λόγος
3241 2741 3323 2815 ἦν
3355 2743 3502 2813 πρὸς
3535 2742 3640 2796 τὸν
3661 2742 3837 2797 Θεόν·

2264 2834 2359 2886 καὶ
2384 2834 2484 2888 οὐκ
2507 2834 2618 2906 (58)
2650 2834 2857 2907 εἴρητο,
2890 2840 2923 2890 ὀ
2946 2838 3136 2909 Λόγος
3165 2836 3273 2890 τοῦ
3308 2835 3477 2898 Θεοῦ,
3503 2834 3591 2889 ἵνα
3621 2836 3695 2905 μὴ
3727 2834 3838 2887 τῶν

582 2931 729 2977 ctum
769 2927 1053 2973 autumet:
1090 2933 1264 2989 neque
1300 2928 1555 2988 tanquam
1588 2920 1840 2975 accidens
1884 2920 2143 2989 quoddam

2258 2927 2393 2994 πρός
2419 2944 2473 2981 τι
2494 2928 2690 3000 νομίσῃ
2721 2946 2806 2992 τις
2848 2930 3009 2983 αὐτὸν
3043 2928 3331 2999 λέγεσθαι,
3370 2928 3493 3000 μηδ’
3521 2928 3597 2992 ὡς
3634 2925 3838 2997 συμϐε-

585 3009 714 3074 Dei;
750 3008 845 3063 sed
887 3016 946 3063 ut
984 3008 1172 3064 vivens
1210 3016 1266 3063 et
1297 3008 1644 3064 subsistens:
1687 3010 1828 3065 unde
1870 3010 2051 3076 addit,
2083 3009 2143 3064 Et

2257 3019 2463 3092 δηκότα
2494 3023 2552 3074 ὲν
2598 3022 2678 3093 τῷ
2724 3021 2861 3092 Θεῷ,
2907 3022 3021 3076 ἀλλ’
3046 3023 3123 3087 ὡς
3168 3022 3454 3092 ὑφεστῶτα
3494 3022 3587 3075 καὶ
3620 3020 3830 3086 ζῶντα·

580 3100 722 3155 Deus
750 3108 884 3165 erat,
919 3114 1029 3155 non
1060 3099 1155 3155 Dei
1186 3106 1328 3161 erat.
1366 3097 1612 3155 Verbum.
1645 3100 2001 3169 Adeumdem
2041 3118 2143 3158 mo-

2252 3112 2333 3167 διὸ
2362 3113 2622 3182 ἐπιλέγει,
2652 3115 2764 3170 Καὶ
2803 3116 2947 3182 Θεὸς
2972 3112 3050 3185 ἦν
3075 3119 3107 3170 ὁ
3133 3116 3343 3186 Λόγος,
3382 3115 3484 3169 οὐκ
3519 3112 3710 3178 εἰπὼν,
3734 3114 3832 3168 και

579 3190 707 3245 dum
745 3189 815 3245 de
839 3190 1116 3259 Sapientia
1161 3189 1420 3261 loquitur.
1459 3190 1634 3248 Unum
1667 3204 1787 3249 erat
1812 3196 1956 3250 enim
1989 3206 2143 3268 atque

2254 3207 2400 3261 Θεοῦ
2416 3204 2492 3278 ἦν
2512 3210 2545 3261 ό
2577 3210 2784 3280 Λόγος.
2818 3208 2973 3263 Οὕτω
3007 3209 3101 3263 καὶ
3138 3208 3231 3261 ἐπὶ
3253 3208 3349 3279 τῆς
3383 3207 3600 3275 Σοφίας
3629 3205 3688 3258 ἓν
3718 3206 3827 3279 γὰρ

581 3282 723 3338 idem
755 3283 897 3340 Deus
933 3280 1166 3339 Verbum
1215 3291 1271 3339 et
1314 3282 1617 3357 Sapientia.
1652 3285 1919 3354 Quocirca
1953 3291 2143 3347 dicitur

2250 3299 2344 3352 καὶ
2365 3298 2562 3352 ταύτὸν
2580 3294 2648 3371 ἦν
2668 3301 2697 3352 ὁ
2716 3299 2849 3364 Θεὸς
2867 3299 3038 3369 Λόγος
3060 3301 3206 3371 καὶὴ
3229 3299 3418 3368 Σοφία.
3437 3298 3524 3351 Διὸ
3546 3298 3833 3361 ἀπολύτως

579 3371 856 3428 indeﬁnite
887 3373 941 3427 in
974 3371 1304 3439 Proverbiis,
1337 3390 1444 3430 non
1476 3374 1650 3431 solum
1675 3378 1728 3433 in
1753 3394 1915 3450 supra
1944 3395 2149 3436 memo-

579 3463 731 3529 ratis,
775 3466 869 3520 sed
904 3463 1025 3520 istis
1053 3463 1313 3532 insuper:
1347 3464 1541 3522 Beatus
1570 3469 1650 3523 vir
1684 3471 1772 3538 qui
1815 3470 2005 3524 invenit
2042 3469 2145 3526 Sa-

571 3557 826 3628 pientiam
842 3557 907 3613 ⁸⁸.
936 3556 1023 3625 Ει,
1047 3555 1185 3611 Deus
1209 3558 1264 3611 in
1288 3555 1561 3626 Sapientia
1590 3559 1831 3629 [undavit
1865 3572 2056 3617 terram
2074 3562 2141 3616 ⁸⁸.

571 3649 659 3714 Ει,
690 3647 817 3703 Dixi
847 3647 1133 3717 Sapientia
1153 3662 1172 3702 :
1195 3646 1362 3703 Soror
1387 3650 1513 3703 nti/ti
1541 3666 1593 3704 es
1614 3650 1681 3704 ⁸⁷.
1710 3651 1795 3715 Et,
1830 3656 1903 3706 Tu
1936 3670 2144 3707 annun-

569 3741 701 3794 tiato
747 3737 1092 3808 Sapientiam,
1135 3749 1192 3793 ut
1252 3740 1390 3795 adsit
1441 3740 1534 3794 tibi
1588 3742 1932 3814 intelligentia
1961 3746 2026 3798 ⁸⁸.
2056 3746 2139 3811 Et,

2248 3393 2307 3445 ὲν
2330 3395 2449 3456 ταῖς
2463 3392 2792 3464 Παροιμίαις
2822 3390 3165 3463 ὀνομάζεται,
3200 3390 3256 3443 ἐν
3289 3407 3349 3443 τε
3387 3392 3496 3454 τοῖς
3523 3390 3826 3461 προτεθεῖσι

2248 3485 2432 3553 ῥητοῖς
2459 3500 2472 3514 ·
2492 3483 2551 3535 οὐ
2573 3484 2679 3554 μὴν
2703 3483 2839 3537 ἀλλὰ
2865 3484 3039 3538 καὶδι*
3061 3477 3135 3537 ὦν
3155 3482 3265 3554 (59)
3299 3482 3487 3537 τοῦτον
3502 3485 3709 3554 εἴρηται
3734 3484 3819 3535 τὸν

2243 3572 2461 3643 τρόπον’
2482 3571 2781 3639 Μακάριος
2798 3572 2950 3641 ἀνὴρ
2966 3571 3033 3638 ὃς
3049 3568 3185 3641 εὗρε
3201 3573 3445 3642 Σοφίανη
3469 3573 3584 3635 καὶ,
3602 3573 3663 3625 '0
3682 3570 3813 3637 Θεὸς

2242 3660 2319 3730 τῇ
2338 3664 2528 3732 Σοφίᾳ
2554 3663 2911 3732 ἐθεμελίωσε
2936 3665 3050 3732 τὴν
3079 3663 3214 3733 γῆν
3231 3666 3345 3727 καὶ,
3366 3660 3559 3717 Εἶπον
3574 3663 3686 3733 τὴν
3711 3666 3816 3717 Σο-

2240 3751 2505 3823 φίαν(60)
2519 3751 2643 3821 σὴν
2656 3752 2930 3823 ἀδελφὴν
2940 3751 3109 3808 εἶναι’
3126 3754 3329 3818 καὶ,Σὺ
3347 3754 3460 3823 τὴν
3469 3757 3698 3825 Σοφίαν
3720 3755 3822 3825 κή-

569 3828 925 3886 Prtestantior
954 3842 1026 3884 est
1057 3827 1328 3899 Sapientia
1357 3830 1619 3899 lapidibus
1638 3836 1875 3903 pretiosis
1892 3836 2033 3900 ".rIs
2054 3836 2140 3901 Et,
2228 3842 3822 3914 ρυξον,ἵναφρόνησίςσοιἐπακολουθήσῃοκαί,1ίρείσ-

568 3921 845 3991 Sapientia
878 3921 1159 3992 wdiﬁcavit
1189 3922 1289 3976 sibi
1322 3924 1538 3975 domum
1567 3937 1587 3977 :
1616 3932 1665 3977 et
1695 3926 1886 3980 excidit
1939 3928 2141 3982 colum-

568 4027 664 4066 nas
691 4011 965 4079 septem",
995 4020 1050 4067 et
1083 4024 1202 4080 qua:
1230 4011 1314 4067 bis
1343 4013 1661 4083 congemiua
1690 4013 1743 4068 in
1784 4015 1974 4072 eodem
2003 4018 2139 4076 libro

569 4100 928 4169 reperiuntur.
950 4097 1183 4169 (Ubique
1241 4099 1517 4156 indeﬁnite
1574 4112 1801 4157 vocatur
1836 4103 2137 4175 Sapientia,

566 4205 831 4260 nusquam
866 4206 1017 4263 vero,
1063 4192 1157 4246 Dei
1183 4189 1478 4258 Sapientia,
1512 4202 1571 4247 ut
1595 4207 1662 4249 ne
1701 4194 1851 4251 illam
1881 4199 2135 4255 accidens

561 4281 831 4351 quoddam
884 4281 991 4337 Deo
1019 4284 1377 4351 arbitremur;
1418 4294 1477 4338 ut
1509 4284 1790 4342 scientiam
1826 4287 1878 4342 in
1910 4290 2025 4345 viro
2056 4291 2138 4346 in-

564 4374 824 4443 telligenti
852 4391 867 4429 :
895 4374 990 4429 sed
1041 4375 1424 4432 subsistentem
1463 4386 1520 4434 et
1564 4378 1739 4433 vivam
1775 4379 2130 4450 Sapientiam,

560 4462 805 4517 eamdem
840 4462 1013 4532 ipsam
1044 4479 1165 4518 cum
1202 4464 1340 4521 Filio
1373 4467 1489 4523 Dei.
1521 4468 1673 4536 Quod
1711 4470 1757 4526 si
1791 4472 1911 4542 quis
1948 4475 2133 4529 existi-

559 4563 672 4610 met
699 4555 836 4610 banc
859 4554 1189 4626 Sapientiam
1215 4557 1455 4613 habitum
1483 4573 1601 4616 esse
1623 4563 1911 4632 quemdam
1940 4564 1992 4618 in
2023 4565 2132 4621 Deo

560 4648 877 4719 sapientem,
910 4649 1205 4704 secundum
1250 4666 1407 4721 quem
1461 4652 1660 4708 dicitur
1692 4653 1837 4710 Deus
1872 4658 2127 4726 sapiens:

559 4739 742 4794 audiat
791 4739 835 4793 is
888 4739 1223 4809 Scripturam
1275 4743 1569 4811 dicentem,
1624 4744 1752 4800 Dixi
1806 4745 2131 4818 Sapientiam

556 4847 788 4885 sororem
834 4834 1055 4887 tuam".
1093 4834 1225 4899 Quis
1271 4850 1400 4891 vero
1448 4837 1582 4892 adeo
1613 4837 1740 4893 velit
1778 4838 2038 4906 insanire,
2071 4853 2128 4898 ut

559 4924 725 4979 Deum
756 4925 1051 4991 existimet,
1081 4926 1173 4997 qui
1204 4936 1286 4985 est
1327 4943 1493 5000 super
1521 4930 1723 4995 omnia,
1757 4941 1813 4986 et
1856 4946 2009 4988 suam
2044 4950 2133 4990 sa-

632 5135 691 5205 gis
726 5131 823 5186 Ed.
858 5131 1054 5198 Paris.,
1091 5151 1211 5205 pag.
1264 5138 1385 5204 U9,
1418 5139 1542 5194 150.

1021 5205 1051 5223 ρ

556 5197 603 5227 ⁸⁴
630 5200 787 5257 Prov.
832 5218 979 5269 χχιχ,
1019 5197 1103 5260 5.’
1159 5197 1223 5239 ’⁸⁸
1250 5197 1409 5265 Prov.
1454 5226 1535 5277 ιιι,
1568 5212 1654 5267 15.

628 5376 743 5447 (58)
770 5376 941 5449 Vulgo
975 5396 1083 5435 om.
1111 5382 1189 5437 δέ.

628 5440 739 5503 (55)
771 5447 935 5503 νιιΙιιο
951 5453 1189 5503 ὑπεοουο

626 5450 739 5516 (55)
771 5450 935 5520 Vulgo
951 5453 1374 5525 ὑπερουρανίων.

564 5518 761 5608 ,ηςξφμ
788 5519 1249 5608 ᾘνίκαιὶσχυρὰ
1289 5527 1496 5608 ἐποίεε.
1544 5529 1761 5608 Rectius
1812 5540 1949 5607 apud
1978 5555 2106 5608 us,

568 5588 1023 5678 έσχυρςξ
1071 5588 1269 5678 ἐποίει.
1313 5597 1386 5652 τὰ
1409 5599 1561 5678 ’ἄνω
1616 5588 2110 5678 essen-"2:227:75

548 5660 845 5728 ἀσφαλεῖς
889 5662 1063 5717 ἐτίθει
1121 5668 1316 5788 πᾜθὰς
1362 5667 1434 5750 τῇ

551 5728 773 5788 ἰσχυρὰ
792 5730 979 5786 ἐποίει
1002 5732 1075 5788 τὰ
1092 5738 1178 5788 θει
1230 5741 1332 5788 λια
1360 5756 1432 5788 ττι

1401 5672 1472 5750 ’,ῖς
1526 5672 1628 5750 153"
1672 5672 1943 5750 ρύρανόν
1968 5697 1982 5714 ο
2012 5672 2108 5735 καὶ

551 5728 773 5801 ἰσχυρὰ
792 5730 979 5786 ἐποίει
1002 5732 1075 5788 τὰ
1092 5728 1332 5803 θεμέλια
1498 5740 1629 5813 γῆς.
1664 5728 1941 5813 Quomodo

1653 5141 1700 5174 ⁸³
1729 5140 1881 5198 Joan.
1915 5161 1956 5209 ι,
1986 5146 2039 5201 1.
2117 5148 2165 5181 ⁸⁸
2187 5149 2318 5210 ibid.

2239 3933 2485 4005 σωνγὰρ
2497 3937 2683 4005 Σοφία
2695 3935 2878 3990 λιθῶν
2888 3936 3257 3991 πολυτελῶν·
3272 3938 3386 4001 καὶ,
3404 3939 3465 3993 Ἠ
3481 3938 3823 4007 Σοφίαῲκο-

2238 4024 2504 4095 δόμησεν
2530 4027 2715 4098 ἑαυτῇ
2728 4024 2914 4095 οἶκον,
2937 4029 3037 4084 καὶ
3056 4028 3348 4098 ὑπήρεισε
3370 4030 3634 4096 στόλους
3649 4030 3819 4094 ἑπτὰ,

2239 4120 2333 4173 καὶ
2349 4119 2483 4174 ἄλλα
2508 4121 2717 4187 τούτοις
2743 4121 2947 4193 ἀδελφὰ
2965 4125 3022 4177 ὲν
3046 4125 3111 4194 τῇ
3133 4124 3270 4194 αὐτῇ
3295 4122 3515 4195 φέρεται
3531 4122 3721 4193 βίϐλῳ.
3738 4121 3821 4176 Δι’

2239 4202 2313 4266 ὧν
2340 4212 2578 4283 οὐδαμοῦ
2597 4213 2789 4284 Σοφία
2818 4214 2964 4269 Θεοῦ
2995 4215 3331 4286 ὠνόμασται·
3352 4213 3822 4286 ἁλλὰὰδεορίστως

2241 4306 2275 4376 ἡ
2287 4305 2477 4375 Σοφία,
2490 4306 2575 4359 ἵνα
2595 4308 2668 4379 μὴ
2687 4306 2950 4379 σύμϐαμα
2964 4326 3015 4362 τι
3031 4307 3338 4380 νομίσαιμεν
3350 4306 3512 4378 αὐτὴν
3528 4302 3668 4360 εἶναι
3682 4309 3820 4380 περὶ

2238 4394 2329 4447 τὸν
2363 4395 2516 4461 Θεὸν,
2548 4397 2623 4461 ὡς
2643 4399 2701 4451 ὲν
2724 4398 2800 4470 τῷ
2821 4400 3144 4472 ὲπιστήμονι
3175 4401 3328 4473 ἀνδρὶ
3358 4398 3451 4470 τὴν
3478 4400 3815 4471 ἐπιστήμην,

2238 4485 2351 4539 ἀλλ’
2365 4487 2680 4556 ὑφεστῶσαν
2704 4492 2798 4543 καὶ
2815 4489 2993 4555 ζῶσαν
3027 4492 3225 4561 Σοφίαν
3237 4492 3333 4564 τὴν
3349 4491 3514 4563 αὐτὴν
3535 4487 3701 4546 οὖσαν
3733 4494 3814 4564 τῷ

2239 4578 2354 4649 Υίῷ
2380 4580 2471 4633 τοῦ
2498 4580 2652 4636 Θεοῦ.
2676 4583 2739 4635 Εἰ
2761 4583 2817 4636 δέ
2838 4600 2922 4647 τις
2954 4583 3065 4649 ἕξιν
3102 4586 3160 4639 ὲν
3188 4584 3265 4657 τῷ
3291 4585 3410 4656 Θεῷ
3436 4585 3604 4658 σοφὴν
3637 4586 3758 4641 καθ’
3779 4588 3809 4639 ὂ

2237 4669 2462 4741 νοοῦμεν
2488 4673 2578 4725 τὸν
2608 4672 2739 4729 Θεὸν
2776 4674 2936 4745 σοφὸν
2967 4676 3225 4730 ὑπολάϐοι
3267 4673 3406 4731 εἶναι
3449 4677 3544 4748 τὴν
3578 4677 3808 4731 ἐνταῦθα

2235 4759 2533 4834 λεγομένην
2548 4764 2764 4835 Σοφίαν,
2801 4768 3155 4821 ἐπακουσάτω
3174 4768 3437 4838 λεγούσης
3452 4768 3551 4839 τῆς
3568 4769 3804 4839 Γραφῆς.

2235 4845 2424 4903 Εἶπον
2460 4852 2574 4920 τὴν
2602 4855 2827 4922 Σοφίαν
2858 4858 2983 4924 σὴν
3018 4855 3291 4926 ἀδελφὴν
3318 4854 3495 4913 εἶναι.
3539 4857 3633 4921 Τίς
3668 4857 3711 4911 δ’
3743 4857 3805 4911 ἂν

2236 4940 2377 4996 οὕτω
2405 4945 2619 5016 μανείη,
2651 4946 2727 5011 ὼς
2755 4947 2843 5001 τὸν
2877 4950 2969 5002 ἐπὶ
3017 4949 3234 5005 πάντων
3275 4949 3441 5016 Θεὸν,
3486 4951 3578 5004 καὶ
3622 4948 3719 5022 τὴν
3746 4952 3802 5002 ἐν

2433 5152 2480 5185 ⁸⁸
2502 5152 2662 5209 Prov.
2692 5170 2772 5221 ιιι,
2802 5154 2888 5211 15.
2914 5155 2960 5187 ⁸⁸
2986 5155 3115 5212 ibid.
3148 5156 3235 5213 19.
3340 5155 3385 5187 ⁸⁷
3412 5150 3577 5214 Prov.
3617 5170 3715 5221 vlt,
3745 5155 3789 5208 ί.

1743 5214 1790 5246 ὀ
1818 5214 1974 5270 Prov.
2010 5233 2088 5284 Ix,
2131 5220 2182 5277 1.
2259 5223 2301 5256 ⁸⁸
2330 5221 2493 5278 Prov.
2531 5240 2625 5290 vn,
2664 5225 2720 5279 4.

2210 5403 2327 5484 cod:
2358 5402 2656 5484 “Bodleiano
2688 5403 2980 5475 legebatur.
3015 5404 3192 5480 M.[Et
3217 5408 3329 5463 haec
3357 5407 3413 5463 in
3458 5416 3665 5464 textum
3716 5424 3795 5465 re-

2208 5487 2343 5542 Cepi.

2430 5544 2603 5618 AVAtIlgo
2631 5545 2739 5618 τῶν
2774 5545 2932 5618 ἀνθρ.

2283 5613 2394 5688 (58)
2427 5613 2592 5688 [alio
2625 5617 2862 5688 εἴρηται.

2283 5684 2395 5755 (59)
2435 5684 2603 5756 Yafgo
2629 5684 2809 5739 τοῦτο.

2281 5754 2392 5832 (κη)
2433 5754 2598 5828 Vulgo
2624 5761 2736 5828 τήν.
