4086 6202
270 295 378 352 973

1288 291 1375 347 DE
1416 291 1949 349 ECCLESIASTECA
1990 293 2378 351 THEOLOGIA
2416 295 2547 354 LIB.
2587 297 2676 353 111.

3416 306 3524 364 974

266 412 422 485 αὑτῷ
452 378 565 485 (61)
604 411 773 484 σοφὴν
800 409 909 475 ἕξιν
949 407 1241 462 ὑπολαϐεῖν
1274 408 1506 481 ἁδελφην
1530 408 1640 463 τῶν
1670 410 1727 462 ὲν
1753 410 1843 463 ἀν-

1952 410 2227 479 pientiam,
2252 426 2495 466 sororem
2525 411 2671 467 dicat
2698 411 3015 467 nominatim
3045 412 3286 467 habitum
3335 428 3521 472 eorum

269 505 516 579 θρώποις
549 503 954 576 κατορθούντων
978 500 1266 571 λέγεσθαι;
1293 502 1357 554 El
1382 501 1439 555 δὲ
1465 501 1557 554 ἐπὶ
1591 500 1682 554 τὸν
1717 502 1853 573 Χρι-

270 600 398 654 στὸν
432 598 530 652 τοῦ
560 595 693 651 Θεοῦ
729 594 980 658 ἐκλάόοις
1017 594 1078 647 τὸ
1111 593 1420 666 εἰρημένον,
1466 593 1698 666 Χριστὸς
1748 591 1855 664 γὰρ

271 691 410 747 Θεοῦ
437 693 664 760 δύναμις
694 688 787 743 καὶ
827 686 963 741 Θεοῦ
995 687 1195 757 Σοφία,
1231 686 1382 740 οὐδὲν
1422 685 1670 757 ἐμποδὼν
1706 685 1855 739 ἔσται

271 788 343 858 τῇ
391 784 627 855 διανοίᾳ,
668 780 791 835 ἐπεὶ
825 780 919 833 κα)⁸
958 779 1056 851 τὴν
1088 780 1224 851 πρὸς
1264 781 1410 850 ἡμᾶς
1438 779 1539 832 οὑκ
1578 779 1854 832 ἀναίνεται

277 856 614 949 ἀδελφότητα
661 876 727 929 δι’
758 873 1065 945 ὑπερϐολὴν
1113 873 1544 945 φιλανθρωπίας.
1603 874 1667 926 Εἰ
1697 873 1754 926 δὲ
1795 872 1854 927 ἓν

278 974 375 1027 καὶ
394 970 582 1025 ταύτὸν
603 963 671 1038 ἦν
703 967 732 1019 ὸ
756 964 912 1030 Θεὸς,
952 966 1047 1020 καὶ
1084 967 1118 1037 ή
1146 966 1204 1019 ὲν
1225 967 1343 1028 ταῖς
1372 965 1699 1035 Παροιμίαις
1744 965 1855 1019 εἰσ-

279 1063 515 1134 αγομένη
530 1059 697 1130 Σοφία
709 1058 821 1124 ἕξις
837 1054 972 1112 οὖσα
995 1058 1133 1130 σοφὴ
1160 1059 1218 1111 ὲν
1247 1056 1394 1128 αὐτῷ
1419 1057 1699 1129 νοουμένη,
1722 1057 1854 1112 καθὸ

280 1150 440 1223 σοφὸς
465 1151 493 1202 ὸ
521 1148 673 1210 Θεὸς,
708 1148 762 1200 τί
787 1146 1024 1200 ἐκώλυεν
1053 1146 1173 1200 ἀντὶ
1216 1150 1315 1217 τῆς
1365 1145 1563 1214 Σοφίας
1605 1147 1695 1200 τὸν
1721 1146 1853 1201 Θεὸν

275 1238 704 1312 ἀναγεγράφθαι;
722 1238 862 1293 ὣστε
873 1239 953 1307 τὸ,
986 1239 1047 1292 Ἠ
1060 1238 1248 1307 Σοφία
1268 1239 1650 1307 ᾠκοδόμησεν
1668 1239 1854 1309 ἑαυτῇ

274 1330 460 1398 οἷκον,
483 1331 581 1385 καὶ
616 1330 908 1399 ὑπήρεισε
934 1331 1201 1397 στύλους
1228 1328 1395 1396 ἑπτὰ,
1425 1333 1518 1384 καὶ
1546 1332 1613 1385 τὰ
1647 1332 1853 1396 τούτοις

275 1425 597 1498 συνημμένα
634 1424 880 1495 εἰρῆσθαι
913 1424 1033 1477 ἀντὶ
1060 1421 1175 1489 τοῦ,
1214 1423 1264 1476 Ὀ
1295 1424 1439 1489 Θεὸς
1467 1424 1853 1496 ᾠκοδόμησεν

268 1516 465 1581 ἐαυτῷ
480 1512 669 1583 οἷκον,
684 1515 865 1569 καὶτὰ
888 1515 1014 1586 ἑξῆς
1041 1532 1054 1545 ·
1078 1519 1176 1569 καὶ
1199 1514 1360 1569 πάλιν
1386 1516 1509 1570 ἀντὶ
1526 1518 1639 1571 τοῦ·
1661 1516 1852 1575 Εἶπον

269 1608 389 1677 τὴν
418 1608 650 1676 Σοφίαν
682 1607 804 1673 σὴν
832 1604 1109 1674 ἀδελφὴν
1138 1601 1321 1670 εἶναι,
1357 1605 1604 1679 λελέχθαι
1628 1649 1642 1674 ,
1664 1606 1852 1664 Εἶπον

269 1700 383 1753 τὸν
415 1699 568 1753 Θεὸν
599 1699 713 1752 σὸν
738 1696 1004 1767 ἀδελφὸν
1033 1694 1206 1753 εἶναι.
1261 1697 1400 1751 Ἀλλ’
1448 1702 1580 1771 ὁρᾷς
1627 1701 1702 1765 ὡς
1752 1702 1847 1774 τὴν

270 1791 446 1863 ἀκοὴν
490 1791 713 1863 πλήττει
756 1792 787 1862 ή
828 1789 1047 1861 τοιαύτη
1083 1790 1255 1861 φωνὴ,
1300 1790 1399 1844 οὑκ
1436 1790 1633 1861 ἔχουσα
1678 1794 1848 1865 ἁρμο-

272 1884 415 1937 νίαν.
444 1885 509 1936 Εἰ
525 1884 572 1937 δ’
604 1884 696 1936 ἐπὶ
719 1883 809 1936 τὸν
837 1883 963 1936 Υἱὸν
987 1883 1235 1947 ἐκλάθοις
1256 1883 1323 1936 τὰ
1354 1883 1531 1953 λόγια,
1556 1885 1719 1949 αὐτὸς
1736 1886 1846 1957 γὰρ

273 1970 343 2046 ἦν
371 1976 406 2046 ἡ
443 1974 627 2045 Σοφία,
672 1975 846 2028 πάντα
882 1991 964 2027 σοι
1002 1973 1277 2046 εὑροὴσει,
1308 1973 1533 2045 μηδενὸς
1558 1974 1847 2040 δυσσεϐοῦς

271 2069 544 2140 νοήματος
595 2066 842 2138 ἐμποδὼν
904 2066 1189 2137 ἱσταμένου
1212 2106 1227 2131 ,
1255 2066 1846 2139 συνεπιμαρτυροῦντος

271 2162 367 2215 τοῦ
406 2160 695 2215 ἀποστόλου
741 2159 975 2225 Παύλου,
1019 2158 1078 2223 ὃς
1122 2158 1213 2212 τὸν
1258 2160 1485 2231 Σωτῆρα
1515 2160 1608 2213 καὶ
1642 2160 1845 2233 Κύριον

271 2254 428 2326 ἡμῶν
469 2253 672 2323 Ἰησοῦν
700 2252 933 2325 Χριστὸν
964 2251 1192 2323 λαμπρᾷ
1212 2254 1279 2323 τῇ
1314 2254 1462 2323 φωνῇ
1496 2252 1692 2322 Σοφίαν
1712 2253 1848 2307 ὠνό-

272 2364 444 2418 μασεν
473 2344 659 2399 είπών·
686 2344 941 2413 Χριστὸς
968 2343 1113 2398 Θεοῦ
1147 2343 1399 2414 δύναμις
1429 2344 1528 2398 καὶ
1563 2345 1709 2399 Θεοῦ
1740 2349 1848 2401 Σο-

266 2438 395 2507 φία.
420 2437 636 2492 Τούτων
666 2431 770 2491 ὧδέ
820 2453 897 2507 πη
949 2435 1510 2507 κατασκευασμένων,
1555 2435 1845 2491 ἀκόλουθόν

265 2531 385 2583 ἐστι
409 2528 546 2601 μετὰ
568 2529 676 2583 τῶν
697 2527 1134 2600 προεκτεθέντων
1168 2528 1441 2592 ἁπάντων,
1469 2525 1529 2593 ἐξ
1560 2528 1722 2582 αὑτοῦ
1750 2528 1844 2583 τοῦ

269 2622 561 2695 προσώπου
588 2623 683 2676 καὶ
710 2621 792 2687 τὸ,
832 2622 1045 2690 Κύριος
1075 2620 1277 2675 ἔκτισε
1322 2637 1399 2690 με
1441 2620 1638 2689 ἀρχὴν
1691 2618 1847 2674 ὁδῶν

268 2712 455 2768 αὑτοῦ
482 2715 567 2777 είς
592 2712 737 2782 ἔργα
767 2711 976 2773 αὑτοῦ,
1006 2709 1286 2781 λελέχθαι·
1333 2712 1382 2764 εί
1411 2710 1467 2765 δὲ
1498 2711 1644 2779 λέγοι
1696 2711 1845 2766 mt-

271 2803 397 2857 σθαι
443 2803 553 2873 (62)
594 2803 807 2867 ἑαυτὸν,
848 2804 946 2873 οὐχ
980 2804 1055 2867 ὡς
1100 2807 1165 2858 ἐκ
1206 2802 1300 2857 τοῦ
1355 2804 1428 2875 μὴ
1472 2803 1623 2867 ὄντος
1664 2805 1745 2868 εἰς
1784 2804 1847 2857 τὸ

271 2893 413 2951 εἶναι
459 2895 764 2967 παρελθὼν,
797 2895 939 2949 τοῦτ’
971 2896 1036 2950 ἂν
1068 2896 1230 2961 εἴποι,
1262 2897 1372 2949 οὐδ’
1399 2897 1474 2960 ὼς
1500 2897 1697 2968 ὁμοίως
1729 2899 1844 2961 τοῖς

268 2990 478 3053 λοιποῖς
512 2988 791 3059 κτίσμασι,
826 2990 918 3042 καὶ
960 2988 1121 3053 αὐτὸς
1154 2990 1220 3041 ὲκ
1257 2988 1351 3042 τοῦ
1399 2987 1473 3059 μὴ
1505 2988 1656 3051 ὄντος
1683 3004 1844 3057 γεγο-

268 3080 401 3144 νὼς.
431 3075 465 3155 ᾖ
488 3098 629 3145 τινες
656 3082 754 3135 οὑκ
777 3081 948 3153 ὀρθῶς
969 3079 1349 3151 ὑπειλήφασιν,
1368 3080 1481 3133 ἀλλ’
1502 3081 1575 3144 ὡς
1598 3078 1845 3149 ὑφεστὼς

273 3173 378 3243 μὲν
422 3174 516 3226 καὶ
559 3172 686 3238 ζῶν,
732 3172 913 3243 προών
950 3190 1009 3225 τε
1052 3171 1148 3224 καὶ
1186 3174 1553 3245 προῦπάρχων
1600 3172 1702 3242 τῆς
1745 3171 1839 3224 τοῦ

269 3264 477 3329 πάντος
506 3262 707 3336 κόσμου
744 3264 1073 3328 συστάσεως,
1101 3264 1288 3334 ἄρχειν
1321 3263 1376 3316 δὲ
1405 3264 1514 3318 τῶν
1557 3264 1692 3317 ὅλων
1736 3262 1841 3316 ὑπὸ

268 3358 478 3430 Κυρίου
493 3357 586 3410 τοῦ
613 3355 775 3410 αὑτοῦ
793 3358 1003 3429 Πατρὸς
1026 3356 1496 3429 κατατεταγμένος
1519 3374 1532 3386 ·
1552 3354 1668 3423 τοῦ,
1687 3357 1845 3410 ἐκτι-

267 3464 405 3517 σεν,
437 3451 668 3505 ἐνταῦθα
705 3450 824 3505 ἀντὶ
853 3451 971 3516 τοῦ,
1004 3450 1347 3515 κατέταξεν.
1384 3450 1417 3523 ἢ
1444 3449 1839 3518 κατέστησεν,

263 3545 578 3618 εἰρημένου.
611 3544 914 3617 Διαρρήδην
929 3544 1057 3614 γοῦν
1079 3545 1203 3608 τοὺς
1228 3545 1286 3597 ὲν
1317 3543 1621 3615 ἀνθρώποις
1651 3544 1843 3616 ἄρχον-

264 3654 367 3702 τας
395 3639 489 3692 κα)⁵
516 3639 788 3709 ἡγεμόνας
819 3638 995 3691 κτίσιν
1015 3637 1297 3707 ὠνόμασεν
1324 3638 1352 3690 ὁ
1379 3636 1550 3690 είπὼν
1583 3636 1842 3691 Ἀπόστο-

268 3732 382 3796 λος’
434 3729 793 3801 Ὑποτάγητε
839 3729 1006 3799 πάσῃ
1054 3729 1247 3783 κτίσει
1296 3728 1637 3798 ἀνθρωπίνῃ
1664 3768 1679 3793 ,
1743 3728 1842 3782 διὰ

266 3824 380 3878 τὸν
418 3824 663 3892 Κύριοτη
703 3822 826 3876 εἴτε
848 3820 1122 3885 βασιλεῖ,
1169 3821 1249 3885 ὡς
1293 3819 1675 3889 ὑπερέχοντι·
1721 3817 1842 3872 εἴτε

263 3914 577 3985 ἡγεμόσιν,
604 3913 684 3979 ὡς
716 3910 791 3966 δι’
815 3912 1003 3966 αὐτοῦ
1026 3910 1447 3981 πεμπομένοις.
1472 3909 1581 3962 Καὶ
1605 3909 1634 3961 ὁ
1670 3906 1840 3961 εἰπὼν

262 4005 323 4059 δὲ
336 4006 638 4076 προφήτης,
669 3999 1002 4072 Ἐτοιμάζου
1024 4002 1129 4056 τοῦ
1144 3999 1555 4055 ἐπικαλεῖσθαι
1570 3996 1678 4052 τὸν
1693 3999 1840 4052 Θεόν

262 4109 384 4150 σου
435 4094 701 4163 Ὶσραήλ’
735 4093 886 4147 διότι
935 4092 1062 4148 ἰδοὺ
1098 4091 1359 4161 στερεῶν
1395 4092 1686 4158 βρόντην,
1736 4088 1835 4142 καὶ

262 4186 472 4255 κτίζων
498 4185 756 4256 πνεῦμα,
790 4185 888 4239 καὶ
940 4184 1328 4255 ἀναγγέλλων
1355 4186 1440 4249 εὶς
1491 4180 1840 4250 ἀνθρώπους

264 4280 373 4333 τὸν
397 4279 657 4348 Χριστὸν
696 4277 900 4333 αὐτοῦ.
933 4278 1043 4332 Καὶ
1071 4276 1153 4341 τὸ,
1188 4274 1482 4346 Γραφήτω
1523 4273 1635 4347 (65)
1684 4273 1837 4342 αὕτη

260 4373 351 4438 εις
388 4372 601 4440 γενεὰν
622 4369 850 4439 ἑτέραν,
879 4368 978 4424 καὶ
1006 4369 1156 4436 λαὸς
1185 4371 1217 4423 ό
1248 4366 1582 4436 κτιζόμενος
1610 4364 1839 4420 αίνέσει

1953 501 2044 571 qui
2097 502 2236 557 inter
2286 502 2535 558 homines
2608 514 2756 558 recta
2835 504 3169 574 operantur?
3202 503 3354 572 Quod
3384 508 3427 560 si
3458 509 3525 561 de

1953 594 2169 650 Christo
2201 595 2292 650 Dei
2335 597 2566 666 accipiat
2597 597 2720 667 quis
2761 596 2891 652 illud
2932 596 3133 652 dictum
3164 615 3178 652 :
3204 613 3328 651 nam
3360 596 3525 653 Chri-

1953 696 2069 741 stus
2118 684 2210 740 Dei
2266 696 2501 754 potestas
2545 696 2630 741 cst
2674 695 2726 741 et
2772 685 3069 757 Sapientia,
3121 688 3255 742 nihil
3301 688 3526 758 impedit

1954 777 2093 833 hanc
2135 778 2566 849 intelligentiam,
2613 780 3048 849 quandoquidem
3095 781 3163 835 ob
3196 782 3523 836 immensum

1953 888 2108 926 suum
2146 872 2199 926 in
2244 873 2540 927 humanum
2585 888 2752 943 genus
2800 887 3036 928 amorem
3092 890 3195 928 non
3255 878 3524 930 recusavit

1952 962 2094 1020 hanc
2140 964 2558 1020 fraternitatem.
2607 966 2758 1034 Quod
2807 968 2850 1023 si
2898 984 3061 1021 unum
3110 979 3226 1021 erat
3268 968 3520 1039 idemque

1953 1059 2117 1125 Deus,
2148 1071 2201 1115 et
2241 1076 2360 1130 qua:
2400 1063 2452 1114 in
2497 1060 2801 1117 Proverbiis
2834 1062 3193 1117 introducitur
3221 1062 3519 1133 Sapientia,

1952 1167 2073 1221 quae
2102 1155 2315 1223 sapiens
2344 1154 2562 1223 quidam
2609 1154 2827 1210 habitus
2857 1165 2939 1211 est
2970 1156 3023 1210 in
3062 1154 3150 1211 illo
3180 1155 3518 1219 intellectus.

1952 1246 2006 1298 in
2034 1256 2295 1314 quantum
2327 1245 2469 1302 Deus
2516 1247 2752 1315 sapiens.
2786 1248 2915 1316 quid
2946 1248 3196 1314 prohibet
3234 1249 3398 1303 Deum
3430 1248 3523 1304 hic

1950 1352 2047 1406 pro
2082 1336 2357 1408 Sapientia
2402 1339 2623 1395 rescribi
2653 1357 2667 1394 :
2700 1350 2757 1394 ut
2796 1341 2875 1396 sic
2917 1341 3006 1395 ubi
3053 1334 3252 1395 dictu‘m
3282 1351 3388 1406 est,
3422 1339 3525 1395 Sa-

1949 1428 2144 1496 pientia
2173 1429 2450 1498 tediﬁcavit
2483 1431 2587 1484 sibi
2630 1432 2861 1496 domum,
2893 1443 2938 1490 et
2974 1432 3221 1485 solidavit
3250 1432 3522 1485 columnas

1949 1530 2158 1588 septem,
2195 1531 2247 1575 et
2270 1537 2388 1590 quae
2410 1530 2729 1592 sequuntur,
2752 1523 2952 1578 dictum
2985 1523 3054 1576 sit
3081 1538 3199 1591 pro,
3228 1520 3367 1576 Deus
3392 1523 3525 1575 adi.

1949 1613 2119 1681 ﬁcavit
2165 1613 2263 1666 sibi
2288 1614 2679 1681 domum,etc.;
2716 1622 2770 1668 et
2801 1614 2991 1668 iterum
3025 1630 3120 1683 pro
3147 1628 3231 1678 eo,
3266 1614 3388 1667 Dixi
3413 1612 3522 1668 Sa-

1949 1703 2199 1773 pientiam
2220 1721 2449 1758 sororem
2478 1716 2646 1773 tuam,
2679 1706 2909 1768 dicatur,
2950 1705 3073 1760 Dixi
3108 1706 3273 1759 Deum
3299 1706 3519 1775 fratrem

1879 1775 1919 1830 Β
1949 1807 2113 1850 ιιιιιιη.
2144 1796 2247 1850 Sed
2284 1806 2340 1850 ut
2369 1812 2527 1852 aures
2560 1797 2833 1867 percutiat
2863 1798 2961 1852 ista
2995 1797 3180 1861 dictio,
3214 1799 3364 1853 vides
3408 1807 3519 1851 tam

1949 1885 2256 1956 incongrua.
2316 1885 2467 1953 Quod
2516 1887 2561 1940 si
2613 1886 2680 1942 de
2737 1886 2873 1941 Filio
2928 1887 3260 1957 Sapientiam
3310 1886 3518 1956 capias,

1945 1979 2124 2032 omnia
2159 1980 2295 2032 bene
2326 1978 2492 2032 liuent
2520 1996 2534 2032 :
2567 1993 2666 2033 nec
2695 1988 2949 2034 occurret
2973 1979 3065 2033 tibi
3100 1979 3393 2048 quidquam
3429 1976 3518 2030 hic

1947 2069 2255 2137 impietatis,
2287 2085 2410 2125 cum
2446 2071 2728 2141 perhibeat
2779 2071 2871 2126 tibi
2908 2058 3275 2125 testimonium
3323 2070 3519 2123 beatus

1945 2161 2140 2216 Paulus
2164 2162 2569 2233 apostolus,qui
2590 2162 2906 2232 pronuntiat
2927 2162 3071 2217 clare
3093 2161 3438 2217 Servatorem
3463 2168 3521 2215 et

1946 2249 2228 2306 Dominum
2260 2259 2500 2307 nostrum
2531 2250 2714 2306 Jesum
2741 2250 3018 2307 Christum
3061 2250 3154 2305 Dei
3186 2250 3520 2319 Sapientiam

1945 2346 2357 2411 nominandum,
2409 2345 2498 2400 ubi
2542 2346 2638 2410 ait,
2672 2344 2912 2400 Christus
2946 2344 3037 2397 Dei
3081 2343 3312 2414 potentia
3344 2353 3390 2396 et
3419 2340 3520 2397 Sa-

1944 2440 2141 2511 pientia
2162 2442 2227 2493 ⁹².
2256 2439 2352 2495 llis
2378 2441 2443 2495 ad
2476 2441 2617 2495 hunc
2646 2439 2860 2493 modum
2894 2438 2963 2490 ita
2997 2436 3294 2506 apparatis,
3323 2437 3391 2492 ad
3423 2451 3518 2490 su-

1943 2524 2126 2600 perius
2152 2532 2421 2601 pr0posita
2457 2545 2794 2601 consequens
2831 2539 2913 2583 est
2955 2529 3074 2593 hoc,
3102 2528 3358 2582 Dominus
3387 2544 3516 2582 con-

1944 2622 2080 2676 didit
2114 2639 2193 2676 me
2212 2624 2526 2693 principium
2558 2624 2758 2675 viarum
2785 2637 3004 2674 suarum
3032 2622 3100 2673 ad
3124 2637 3279 2688 opera
3304 2620 3419 2690 ejus
3444 2619 3515 2686 ’³,

1946 2730 1977 2770 e
2031 2729 2261 2785 persona
2309 2712 2425 2783 ejus
2471 2714 2742 2784 usurpari.
2779 2713 2931 2780 Quod
2961 2713 3005 2767 si
3053 2713 3200 2766 dicat
3236 2713 3515 2767 conditum

1948 2806 2093 2861 illum
2122 2805 2307 2870 fuisse,
2336 2821 2440 2860 non
2470 2807 2541 2860 ita
2567 2806 2720 2872 dixit,
2745 2805 2898 2875 quasi
2931 2804 3087 2859 vellet
3115 2804 3364 2874 intelligi,
3390 2819 3514 2860 eum

1945 2897 2011 2952 de
2044 2912 2150 2952 non
2181 2907 2309 2953 ente
2337 2898 2404 2953 ad
2432 2912 2550 2952 esse
2580 2898 3063 2967 processisseznec
3093 2896 3254 2966 quod,
3287 2896 3355 2951 ad
3400 2911 3516 2951 mo-

1945 2989 2071 3043 dum
2109 3000 2481 3045 creaturarum
2512 2990 2865 3060 reliquarum,
2904 2991 2970 3044 de
3020 3005 3124 3044 non
3155 2999 3281 3045 eute
3310 2989 3516 3058 produ-

1947 3081 2190 3147 cebatur,
2218 3082 2361 3149 quod
2397 3080 2640 3157 nonnulli
2679 3081 2857 3135 minus
2888 3095 3032 3136 reete
3063 3089 3187 3134 sunt
3217 3080 3466 3134 arbitrati
3498 3097 3514 3133 :

1945 3170 2040 3224 sed
2071 3171 2210 3241 quod
2241 3171 2541 3227 subsistens
2588 3181 2644 3225 et
2679 3172 2888 3237 vivens,
2938 3172 3032 3227 sed
3074 3171 3217 3242 quod
3260 3174 3519 3241 praeexsi-

1947 3271 2117 3326 stens,
2147 3271 2201 3315 et
2231 3264 2669 3331 prtesubsistens,
2711 3272 2842 3318 ante
2873 3278 3088 3318 omnem
3123 3264 3305 3317 mundi
3331 3264 3519 3319 condi-

1949 3352 2147 3407 tionem
2175 3365 2292 3409 erat
2318 3372 2331 3407 :
2363 3361 2421 3419 >14
2450 3356 2703 3424 quodque
2735 3370 2765 3408 a
2808 3354 3033 3409 Domino
3060 3370 3158 3409 suo
3192 3355 3351 3411 Patre
3385 3372 3517 3412 con-

1945 3446 2165 3501 Stitutus
2209 3455 2292 3499 est
2319 3447 2559 3501 omnium
2596 3445 2923 3510 dominator,
2955 3446 3132 3514 posito
3175 3445 3284 3510 illo,
3335 3450 3518 3502 condi-

1946 3539 2042 3603 dit,
2100 3538 2203 3592 hoc
2253 3538 2306 3591 in
2356 3536 2493 3600 loco,
2541 3552 2638 3606 pro
2683 3537 2975 3602 constituit,
3008 3535 3089 3591 vel
3123 3536 3405 3591 ordinavit.
3432 3538 3518 3592 Di-

1945 3630 2105 3684 sertis
2132 3629 2307 3684 verbis
2334 3630 2604 3699 principes
2629 3639 2685 3684 et
2711 3630 2876 3684 duces
2899 3629 3042 3684 inter
3064 3629 3331 3692 homines,
3362 3643 3517 3684 crea-

1948 3731 2120 3776 turam
2152 3720 2440 3792 Apostolus
2480 3719 2802 3788 nominavit,
2832 3721 2922 3777 ubi
2947 3721 3059 3775 ait:
3091 3720 3326 3789 Subjecti
3353 3731 3517 3776 estote

1946 3811 2085 3864 omni
2121 3812 2364 3865 humana:
2406 3822 2664 3868 creatum
2696 3821 2907 3882 propter
2941 3811 3249 3878 Dominum,
3275 3813 3381 3867 sive
3409 3813 3519 3883 regi

1945 3911 2001 3955 ut
2031 3903 2324 3971 excellenti,
2347 3904 2453 3959 sive
2475 3905 2795 3975 principibus
2834 3914 2891 3958 ut
2927 3903 2991 3957 ab
3025 3903 3119 3957 illo
3147 3903 3321 3959 missis
3336 3902 3402 3958 ".
3450 3905 3519 3956 Et;

1945 3995 2206 4064 propheta
2240 3997 2329 4065 qui
2365 3996 2499 4052 dixit
2530 4013 2544 4050 :
2576 3994 2916 4065 Prteparare,
2946 4004 3002 4048 ut
3033 4006 3239 4050 vocetur
3272 4011 3429 4065 super
3465 4002 3517 4047 te

1945 4084 2086 4140 Deus
2108 4086 2279 4142 Israel
2312 4103 2331 4141 :
2354 4098 2628 4158 propterea
2663 4103 2779 4142 ecce
2812 4087 2993 4157 ﬁrmat
3019 4087 3239 4149 tonitru,
3263 4096 3311 4140 et
3336 4085 3518 4139 condit

1945 4189 2140 4245 ventos,
2176 4187 2225 4233 et
2250 4180 2534 4233 annuntiat
2564 4180 2699 4233 inter
2735 4178 2969 4232 homines
2994 4177 3260 4232 Christum
3286 4178 3512 4232 suum”.

1950 4270 2012 4322 Et
2046 4270 2193 4334 illud,
2225 4271 2504 4326 Scribatur
2533 4271 2626 4324 illa
2660 4271 2714 4323 in
2745 4270 3135 4340 generationem
3176 4270 3424 4334 alteram,
3456 4277 3517 4323 ut

1944 4362 2166 4430 populus
2189 4364 2280 4433 qui
2296 4364 2541 4415 conditur
2558 4362 2730 4415 laudet
2746 4361 2900 4416 Domi
2908 4362 3101 4416 num".
3121 4360 3254 4415 Illud
3279 4360 3516 4415 condidit

261 4463 374 4519 τὸν
392 4463 629 4531 Κύριον·
650 4462 731 4526 τὸ,
753 4461 983 4526 κτίζων,
995 4460 1088 4514 ἐπὶ
1104 4458 1198 4514 τοῦ
1216 4458 1495 4529 γεγονότος
1515 4457 1574 4522 ἐξ
1590 4457 1834 4529 ἀνύπαρ-

1946 4468 2041 4522 pro
2073 4468 2138 4509 eo
2170 4455 2312 4524 quod
2351 4453 2454 4507 fuit
2481 4465 2753 4524 sumptum
2789 4462 2894 4520 est,
2920 4455 3043 4524 quia
3066 4455 3178 4523 jam
3225 4463 3351 4507 ante
3374 4463 3513 4508 erat.

260 4553 380 4619 ξίας
412 4554 762 4625 παρείληφεν.
783 4553 858 4606 Οὐ
874 4552 982 4622 γὰρ
1013 4552 1134 4607 τότε
1155 4551 1368 4606 ἔκτισεν
1383 4552 1411 4603 ὁ
1431 4548 1562 4614 Θεὸς
1593 4549 1652 4602 τὸ
1675 4546 1838 4602 πνεῦ-

259 4663 363 4717 μα,
388 4646 475 4699 ὅτε
497 4644 586 4698 τὸν
606 4644 837 4716 Χριστὸν
869 4643 1032 4697 αὑτοῦ
1060 4643 1125 4696 δι’
1143 4640 1306 4697 αὑτοῦ
1338 4642 1501 4695 πᾶσιν
1530 4639 1833 4711 ἀνθρώποις

256 4733 649 4807 κατήγγειλεν·
677 4734 827 4788 οὐδὲν
876 4733 984 4805 γὰρ
1034 4732 1342 4803 πρόσφατον
1381 4730 1485 4785 ὑπὸ
1525 4731 1615 4783 τὸν
1663 4730 1832 4800 ἥλιον.

271 4827 413 4881 Ἀλλ’
428 4823 496 4898 ἦν
532 4827 652 4898 μὲν,
674 4828 769 4882 καὶ
788 4825 1161 4898 προϋπῆρχεν,
1181 4822 1539 4877 ἀπεστέλλετο
1559 4822 1615 4876 δὲ
1636 4821 1755 4875 καθ’
1772 4821 1832 4875 ὃν

256 4919 452 4991 καιρὸν
497 4915 637 4990 ἦσαν
677 4921 726 4972 οἱ
770 4916 1057 4973 ἀπόστολοι
1104 4914 1472 4986 συνηγμένοι·
1526 4915 1614 4968 ὅτε
1666 4912 1827 4982 δίκην

255 5011 511 5084 βροντῆς,
540 5013 751 5081 ἐγένετο
769 5007 900 5083 ἦχος
927 5012 990 5064 ἐκ
1017 5007 1108 5062 τοῦ
1136 5006 1363 5079 οὐρανοῦ
1380 5049 1395 5074 ,
1451 5004 1640 5076 ὥσπερ
1668 5020 1832 5077 φερο-

256 5103 432 5175 μένης
482 5106 648 5175 πνοῆς
699 5103 913 5173 βιαίας,
963 5098 1359 5172 ὲπληρώθησάν
1404 5115 1463 5151 τε
1516 5095 1832 5166 Πνεύματος

253 5193 417 5262 ἁγίου
433 5210 447 5223 ·
481 5194 573 5246 καὶ
599 5192 770 5257 οὕτως
794 5195 873 5255 εἰς
897 5193 1103 5255 πάντας
1130 5189 1448 5262 ἀνθρώπους
1474 5190 1565 5242 τὸν
1597 5187 1831 5261 Χριστὸν

252 5284 349 5365 τοῦ
382 5282 515 5337 Θεοῦ
542 5284 926 5357 κατήγγειλαν,
950 5281 1258 5345 ἀκολούθως
1288 5283 1355 5353 τῇ
1388 5280 1696 5352 προφητεία
1724 5294 1831 5347 φη-

322 5473 382 5538 ξῙη
417 5466 516 5522 Ed.
547 5465 751 5530 Paris..
782 5480 903 5538 pag.
936 5464 1058 5519 151.
1135 5463 1181 5495 ’⁸
1215 5464 1235 5517 1
1265 5462 1392 5518 Cor.
1417 5478 1456 5527 ι,
1492 5461 1582 5515 24.

260 5537 308 5571 ⁶⁶
333 5537 477 5593 Psal.
510 5553 581 5605 Cl,
608 5539 694 5593 l9.

351 5722 441 5794 6|)
472 5723 643 5794 Yulgo
679 5722 890 5794 σοφίαν,
925 5721 1038 5789 ἕξιν
1063 5729 1117 5776 et
1149 5734 1273 5777 mox
1303 5716 1542 5774 ὲκλάὃοι.

325 5735 441 5865 (οι)
478 5735 643 5794 Vulgo
679 5735 853 5796 cogptm

347 5793 418 5848 62
476 5791 645 5865 Vulgo
671 5791 853 5847 αὑτόν.

1686 5458 1901 5516 "Prov.
1932 5476 2049 5527 vm,
2069 5461 2161 5516 ἥ.

1940 4546 2125 4615 Neque
2154 4550 2296 4602 enim
2330 4558 2441 4602 tum
2471 4547 2710 4604 condidit
2733 4548 2873 4604 Deus
2897 4549 3167 4619 spiritum,
3200 4562 3324 4602 cum
3357 4546 3519 4603 Chri-

1941 4652 2081 4697 stum
2115 4657 2271 4696 suum
2305 4656 2401 4712 per
2443 4641 2595 4696 illum
2645 4642 2912 4697 universis
2957 4640 3269 4697 hominibus
3305 4655 3517 4694 annun-
3612 4648 3627 4663 '

1946 4734 2295 4802 tiaretzquia
2336 4733 2466 4789 nihil
2511 4735 2632 4789 novi
2679 4742 2762 4789 est
2811 4733 2914 4789 sub
2964 4732 3078 4788 sole
3123 4732 3263 4787 :sed
3300 4740 3417 4786 erat
3461 4741 3517 4786 et

1940 4825 2231 4879 exsistebat
2264 4833 2427 4881 ante:
2457 4825 2772 4881 mittebatur
2807 4834 2987 4881 autem
3020 4839 3085 4880 eo
3114 4834 3355 4894 tempore
3389 4838 3512 4878 cum

1943 4914 1993 4968 in
2028 4930 2192 4969 unum
2222 4915 2529 4986 congregati
2572 4914 2801 4985 apostoli
2847 4923 3004 4969 erant
3031 4932 3044 4968 :
3072 4928 3195 4969 cum
3238 4912 3304 4967 ad
3345 4913 3516 4967 instar

1942 5008 2175 5062 tonitrus
2212 5007 2385 5062 factus
2421 5016 2501 5062 est
2546 5007 2758 5062 sonitus
2794 5005 2983 5076 ingens
3030 5006 3096 5058 de
3142 5004 3281 5059 coelo
3310 5003 3514 5059 :veluti

1942 5099 2298 5154 descendente
2336 5100 2531 5169 spiritu
2573 5098 2996 5163 vehementiore,
3049 5104 3105 5152 et
3149 5096 3342 5165 repleti
3387 5107 3516 5151 sunt

1942 5190 2146 5260 Spiritu
2173 5201 2381 5246 sancto.
2408 5193 2583 5261 Atque
2612 5190 2683 5245 ita
2703 5190 2977 5246 Christum
3007 5187 3239 5255 Domini,
3278 5189 3329 5241 in
3359 5204 3515 5242 mun-

1942 5281 2068 5335 dum
2131 5283 2444 5339 universum
2516 5279 3140 5350 annuntiaruntzjuxta
3199 5279 3514 5335 vaticinium

2274 5460 2519 5516 “lPetr.
2555 5475 2618 5524 ιι,
2644 5459 2733 5524 15,
2775 5460 2861 5513 14.
2953 5459 3275 5527 "Amosw,
3307 5458 3394 5526 12,
3423 5457 3510 5516 15.

2009 5713 2120 5785 (65)
2163 5712 2327 5785 Vulgo
2360 5712 2496 5784 αὐτή
2520 5751 2535 5778 ,
2562 5721 2614 5768 et
2646 5725 2768 5769 mox
2799 5710 3009 5781 αἰνήσε.
