4086 6202
645 325 750 382 975

1308 318 1573 373 EUSEBII
1609 313 2087 372 CAESARIENSIS
2118 313 2267 369 OPP.
2295 312 2474 368 PARS
2508 314 2593 369 IV.
2623 347 2684 354 —
2716 315 3133 372 DOGMATICA.

3780 327 3870 381 976

644 460 751 518 quo
788 445 984 500 dictum
1029 452 1125 499 est.
1184 441 1306 493 ideo
1357 458 1471 495 ecce
1521 440 1837 508 conﬁrmans
1887 438 2109 501 tonitru,
2167 446 2206 490 et

2320 437 2479 510 σάσῃ,
2536 438 2687 491 Διότι
2737 438 2865 492 ἰδοὺ
2899 440 3157 507 στερεῶν
3196 441 3487 512 βροντὴν,
3537 446 3633 499 καὶ
3680 449 3865 510 κτίζων

644 534 865 591 condens
895 532 1157 601 spiritum,
1199 542 1244 583 et
1283 531 1602 583 annuntians
1642 531 1693 581 in
1734 528 2029 580 hominibus
2054 524 2205 580 Chri-

642 639 778 679 stum
823 623 975 691 ejus:
1003 621 1091 674 ubi
1135 620 1283 681 illud,
1330 620 1579 681 condens,
1630 618 1843 688 ponitur
1872 633 1968 686 pro
2000 618 2206 669 mittens

645 720 725 771 vel
752 717 1046 785 injungens.
1075 712 1291 765 Tonitru
1340 722 1517 765 autem
1562 709 1833 781 Evangelii
1872 709 2207 779 praedicatio-

645 826 763 861 nem
798 809 1064 874 designat.
1099 807 1187 859 Sic
1218 804 1309 873 qui
1352 805 1508 869 dixit,
1557 803 1663 857 Cor
1704 804 1957 855 mundum
1998 818 2118 854 creo
2152 802 2206 853 in

644 917 745 967 me,
777 898 984 959 Deus",
1021 912 1123 951 non
1148 897 1281 950 dixit
1321 880 1585 965 tanquam
1612 911 1713 948 non
1734 894 1936 948 habens
1958 910 2067 947 cor.
2099 890 2209 946 luto

642 995 833 1048 orabat
874 992 962 1045 ille
1003 1000 1059 1044 ut
1092 990 1303 1043 animus
1340 989 1439 1057 ipsi
1478 990 1849 1041 mundaretur.
1887 986 1979 1039 Sic
2008 986 2210 1038 dicitur

642 1095 695 1139 et
720 1085 866 1150 illud,
896 1082 962 1137 Ut
993 1084 1124 1136 duos
1161 1090 1295 1135 creet
1338 1081 1391 1133 in
1428 1097 1589 1134 unum
1622 1094 1808 1132 novum
1838 1078 2100 1131 hominem
2130 1076 2205 1128 ⁸⁸.

644 1178 753 1231 lluc
790 1188 892 1240 est,
930 1179 981 1229 in
1033 1192 1191 1229 unum
1230 1176 1382 1226 ducat
1424 1188 1443 1225 :
1494 1171 1616 1226 vide
1663 1181 1842 1224 autem
1887 1184 2061 1221 annon
2096 1168 2210 1236 ejus

642 1285 854 1340 quoque
887 1270 1098 1336 generis
1126 1270 1214 1328 sit,
1253 1265 1561 1317 lnduamini
1593 1278 1779 1316 novum
1804 1263 2093 1323 hominem,
2123 1259 2212 1330 qui

641 1371 844 1413 creatus
875 1369 946 1413 est
973 1360 1252 1411 secundum
1283 1356 1443 1408 Deum
1469 1356 1538 1417 θ’,
1572 1365 1623 1407 et
1656 1354 1806 1417 illud,
1837 1351 1893 1407 Si
1917 1354 2033 1424 quis
2052 1352 2211 1421 igitur

640 1453 693 1506 in
727 1451 957 1514 Christo,
992 1467 1121 1504 nova
1164 1448 1462 1511 creatura‘,
1512 1459 1564 1501 et
1591 1460 1926 1516 quaicunque
1962 1445 2210 1511 hujusce-

600 1594 606 1607 ,
641 1545 783 1599 modi
826 1544 1049 1612 reperiri
1084 1550 1324 1610 possunt,
1354 1542 1419 1593 ab
1450 1540 1513 1592 iis
1540 1540 1629 1608 qui
1657 1539 1933 1591 excutient
1963 1537 2210 1605 Scriptu-

638 1653 729 1691 ras
760 1646 997 1691 sanctas.
1021 1633 1096 1687 Ne
1126 1633 1335 1687 mireris
1363 1631 1527 1700 igitur
1553 1631 1597 1684 si
1632 1631 1997 1700 melaphorice
2028 1628 2079 1680 in
2121 1626 2210 1681 illo

640 1746 819 1800 passu,
851 1729 1104 1783 Dominus
1129 1726 1362 1778 condidit
1397 1740 1475 1777 me
1497 1724 1812 1792 principium
1847 1724 2047 1775 uiarum
2081 1736 2209 1772 sua-

639 1824 778 1875 rum’
799 1861 815 1887 ,
848 1822 1078 1875 condidit
1126 1835 1226 1873 vox
1270 1818 1437 1887 posita
1467 1816 1535 1869 sit
1568 1830 1663 1882 pro
1694 1814 1962 1865 constituit
2001 1811 2084 1862 vel
2115 1826 2196 1862 or-
2236 1798 2275 1851 Β

638 1910 839 1964 dinavit
885 1910 951 1963 ad
996 1908 1315 1979 principium
1362 1906 1626 1967 dandum,
1676 1902 1755 1956 vel
1805 1900 2199 1969 imperandum.

639 2002 1079 2069 Quandoquidem
1115 2015 1237 2054 cum
1283 1999 1338 2052 in
1386 1995 1677 2064 Evangelio
1710 1996 1969 2048 dicatura
2005 1992 2204 2047 Serva-

640 2108 753 2149 tore
780 2104 985 2156 nostro,
1019 2091 1281 2159 Conﬁteor
1310 2089 1424 2153 tibi,
1454 2085 1632 2150 Pater,
1658 2086 1875 2138 Domine
1905 2084 2020 2137 caeli
2050 2094 2204 2151 atque

638 2197 812 2248 terrm,
839 2185 1086 2254 quoniam
1115 2178 1429 2234 abscondisti
1461 2178 1560 2230 ista
1586 2195 1618 2228 a
1648 2175 1962 2245 sapientibus
1994 2182 2042 2226 et
2077 2188 2203 2239 pru-

638 2278 893 2341 dentibus,
921 2286 969 2329 et
1007 2273 1243 2328 revelasti
1265 2289 1325 2325 ea
1351 2268 1583 2339 parvulis
1604 2268 1649 2332 ⁸,
1703 2285 1808 2323 non
1843 2270 1929 2322 hic
1958 2276 2204 2337 peccato-

640 2384 756 2421 rum
792 2366 1181 2422 confessionem
1210 2361 1342 2425 vult,
1365 2360 1812 2431 quemadmodum
1848 2363 1905 2421 ἦέ
1933 2358 2077 2419 alibi,
2115 2358 2202 2412 ubi

636 2461 853 2526 dicitur,
885 2456 1217 2524 Con/itemini
1250 2456 1315 2508 ad
1351 2454 1569 2508 invicem
1606 2462 1819 2520 peccata
1848 2462 2015 2504 vestra
2036 2451 2076 2514 ⁸,
2110 2451 2203 2504 sed

636 2550 930 2623 gratiarum
966 2548 1255 2610 actionem,
1297 2554 1521 2615 propter
1556 2542 1832 2614 parvulos,
1865 2543 2019 2611 quasi
2055 2542 2203 2596 dice-

637 2652 738 2708 ret,
763 2640 977 2697 Gratias
1001 2656 1097 2708 ago
1123 2639 1240 2703 tibi,
1269 2637 1448 2702 Pater,
1469 2637 1688 2690 Domine
1715 2635 1828 2687 ειείί
1856 2645 2008 2704 atque
2030 2645 2199 2688 terrte.

635 2737 714 2790 Ad
757 2736 898 2790 hunc
954 2735 1166 2788 modum
1215 2730 1582 2800 metaphorice
1634 2736 1889 2797 usurpata
1946 2738 2200 2781 sexcenta

638 2826 763 2882 alibi
822 2825 1221 2894 Scripturarmn
1274 2822 1530 2886 inveniet,
1586 2820 1676 2887 qui
1736 2834 1829 2888 per
1883 2818 2050 2871 otium
2109 2832 2202 2870 eas

636 2918 847 2971 evolvet
878 2934 892 2970 :
927 2916 1031 2968 alia
1063 2914 1229 2967 etiam
1270 2911 1616 2979 multiplicem
1649 2910 1899 2964 habentia
1928 2907 2204 2978 signiﬁca-

638 3010 859 3069 tionem,
887 3005 986 3059 alia
1027 3006 1253 3059 univoce
1296 3006 1360 3055 de
1403 3003 1633 3057 diversis
1671 3003 1827 3055 rebus
1870 3001 2199 3069 praedicata:

637 3100 703 3154 de
737 3099 934 3167 quibus
986 3097 1200 3168 longum
1258 3104 1401 3148 esset
1454 3109 1553 3147 nec
1604 3095 1889 3161 prmseutis
1942 3093 2201 3160 temporis

637 3190 923 3245 disserere.
960 3188 1031 3242 Ita
1062 3199 1114 3241 et
1150 3186 1251 3239 hoc
1278 3186 1330 3239 in
1362 3185 1481 3241 loco
1512 3184 1661 3249 illud,
1696 3184 1943 3236 Dominus
1969 3157 2198 3236 condidit
2230 3157 2271 3214 C

636 3298 719 3336 me
748 3281 1061 3351 principium
1090 3280 1292 3332 viarum
1332 3293 1544 3330 suarum
1563 3276 1630 3327 ad
1659 3291 1815 3344 opera
1848 3290 1967 3339 sua,
1997 3275 2198 3327 dictum

636 3383 720 3431 est
742 3389 858 3445 pro,
892 3371 1146 3425 Dominus
1190 3369 1452 3423 constituit
1489 3384 1568 3421 me
1595 3369 1941 3436 principatum
1974 3366 2201 3419 obtinere

636 3480 791 3532 super
821 3480 975 3532 opera
1003 3478 1119 3515 sua.
1148 3462 1320 3530 Atque
1348 3460 1467 3514 ideo
1498 3474 1601 3513 non
1633 3457 1830 3512 dicitur
1860 3455 2198 3523 simpliciter,

635 3555 864 3609 condidit
892 3569 1001 3619 me,
1032 3555 1123 3607 sed
1150 3568 1268 3606 cum
1298 3551 1624 3618 adiectione,
1656 3548 1971 3617 principium
2001 3548 2200 3600 viarum

637 3662 852 3699 suarum
892 3644 963 3698 ad
1001 3660 1158 3713 opera
1190 3660 1309 3697 sua.
1347 3642 1499 3708 Quod
1532 3640 1779 3709 inprimis
1826 3639 2062 3693 declarat
2097 3652 2199 3692 vox

637 3737 920 3793 llebraica.
952 3733 1008 3789 Si
1042 3737 1163 3805 quis
1189 3734 1351 3803 igitur
1378 3731 1661 3802 genuinum
1693 3746 1909 3786 seusmn
1942 3731 2198 3785 sacratis-

637 3831 786 3885 sima:
824 3831 1113 3897 Scriptura:
1160 3828 1484 3896 investigare
1530 3825 1710 3889 vellet,
1746 3824 1982 3878 inveniet
2013 3822 2200 3876 lectio-

637 3937 757 3976 nem
793 3920 1107 3975 Hebraicam
1143 3935 1245 3974 non
1284 3920 1481 3973 habere
1505 3956 1520 3984 ,
1569 3918 1803 3971 condidit
1835 3934 1935 3979 me,
1972 3931 2071 3986 qua
2106 3931 2199 3971 ne-

634 4027 740 4083 que
763 4013 1088 4081 reliquorum
1113 4012 1466 4081 interpretum
1499 4010 1693 4080 aliquis
1720 4025 1851 4064 usus
1877 4018 1978 4063 est.
2008 4008 2197 4077 Aquila

637 4105 782 4177 legit,
817 4104 1069 4159 Dominus
1102 4104 1328 4174 possedit
1362 4119 1460 4166 me,
1507 4112 1661 4169 caput
1700 4102 1900 4155 viarum
1949 4116 2189 4153 suarum.

637 4197 1016 4265 Symmachus,
1047 4196 1299 4249 Dominus
1339 4195 1565 4265 possedit
1609 4209 1690 4246 me
1736 4192 1944 4245 initium
1995 4192 2196 4244 viarum

635 4306 873 4343 suarum.
905 4286 995 4343 Sic
1019 4298 1073 4343 et
1099 4287 1411 4348 Theodotio.
1444 4286 1697 4340 Dominus
1728 4284 1961 4351 possedit
1992 4297 2070 4335 me
2095 4281 2197 4334 ini-

635 4384 764 4435 tium
795 4385 889 4435 via:
922 4397 1052 4435 sum.
1094 4380 1160 4434 Et
1203 4394 1310 4433 non
1344 4381 1597 4433 abhorret
1622 4393 1653 4432 a
1687 4378 1895 4432 ratione
1932 4378 2198 4444 interpre-

636 4475 789 4530 tatio.
833 4475 962 4528 Erat
999 4476 1142 4528 enim
1178 4473 1265 4527 ille
1293 4488 1453 4542 quem
1502 4470 1685 4542 genuit
1738 4471 1899 4525 Pater
1936 4467 2197 4539 Unigeni-

636 4576 769 4633 tum,
804 4577 969 4637 caput
1011 4577 1488 4636 progeneratorum
1522 4564 1785 4630 omnium,
1827 4562 2114 4617 visibiliqu
2145 4570 2201 4615 et

635 4659 980 4715 invisibilium
1016 4678 1028 4713 :
1065 4659 1203 4727 quod
1234 4660 1299 4711 ad
1326 4668 1569 4711 exortum
1596 4654 1863 4709 attinebat
1894 4664 1948 4709 et
1970 4653 2197 4708 salutem

634 4765 842 4807 eorum.
867 4751 963 4807 Ubi
987 4751 1126 4805 enim
1149 4767 1268 4806 eum
1293 4748 1495 4819 genuit,
1516 4747 1589 4801 ita
1612 4746 1799 4802 statuit
1818 4761 1938 4799 eum
1960 4743 2198 4798 omnium

636 4843 1003 4909 Servatorem,
1040 4844 1401 4913 recapitulaus
1434 4841 1486 4894 in
1518 4854 1582 4894 eo
1623 4848 1678 4893 et
1719 4854 1817 4908 per
1845 4853 1968 4891 eum
2004 4836 2201 4891 consti-

633 4936 895 4991 tutionem
952 4935 1211 5002 universi,
1259 4945 1317 4988 ut
1361 4932 1577 4988 edocuit
1618 4931 1830 4984 divinus
1883 4928 2197 4999 Apostolus,

635 5028 906 5099 inquiens,
934 5025 1003 5081 Ut
1030 5027 1346 5097 recolligeret
1371 5027 1548 5079 omnia
1586 5025 1639 5077 in
1667 5022 1899 5088 Christo,
1924 5035 2043 5090 qua:
2075 5029 2194 5073 sunt

632 5123 688 5176 in
711 5123 873 5189 cistis,
903 5134 952 5176 et
996 5138 1112 5193 (μιαν
1146 5131 1265 5175 sunt
1310 5136 1467 5189 super
1515 5118 1768 5171 terram“.
1806 5116 1953 5169 Adeo
1992 5124 2048 5166 ut
2090 5127 2194 5167 non

636 5217 794 5272 modo
831 5216 1011 5272 omnia
1045 5231 1138 5286 per
1175 5215 1349 5285 ipsum
1383 5212 1745 5276 subStiterint,
1779 5225 1805 5261 a
1847 5224 1950 5261 non
1983 5221 2101 5260 esse
2130 5204 2197 5258 ad

709 5386 769 5445 si
807 5379 903 5435 Ed.
934 5378 1132 5444 Paris.,
1162 5392 1286 5448 pag.
1318 5376 1437 5429 152.
1475 5376 1548 5448 *⁸⁷
1581 5372 1803 5448 Ρειιιλι,
1833 5369 1933 5448 [ἦ.
1977 5366 2044 5448 .⁹⁸
2075 5365 2206 5434 Epht

2304 5380 2362 5429 It,
2395 5367 2482 5420 15.
2560 5367 2606 5399 ⁹⁹
2637 5368 2831 5438 Ephes.
2862 5387 2931 5433 tv,
2962 5371 3051 5425 24.

2306 526 2561 595 πνεῦμα,
2598 526 2694 580 καὶ
2718 528 3103 597 ἀναγγέλλων
3130 532 3215 597 εὶς
3242 532 3593 600 ἀνθρώπους
3627 536 3741 590 τὸν
3758 532 3863 605 Χρι-

2306 622 2668 676 στὸναὺτοῦ
2693 621 2785 675 τοῦ
2806 624 2926 693 μὲν,
2945 622 3169 684 κτίζων,
3188 624 3309 676 ἀντὶ
3322 624 3437 687 τοῦ,
3459 629 3867 698 καταπέμπων,

2306 714 2337 785 ἢ
2367 713 2776 779 κατατάσσων,
2805 714 3110 785 εἰρημένου·
3131 716 3227 786 τῆς
3252 716 3309 769 δὲ
3335 717 3600 787 βροντῆς
3621 722 3745 775 καθ’
3770 724 3869 775 ἔτι,

2309 821 2398 874 ρον
2424 806 2621 875 τρόπον
2645 805 2704 857 τὸ
2730 804 3077 873 εὐαγγελικὸν
3106 806 3366 877 κήρυγμα
3390 806 3679 881 δηλούσης.
3713 814 3819 866 Καὶ
3851 818 3871 867 ὁ

2306 894 2475 964 λέγων
2491 897 2569 959 δὲ,
2591 898 2853 965 Καρδίαν
2875 897 3139 965 καθαρὰν
3164 899 3376 951 κτίσον
3394 899 3462 951 ἐν
3484 902 3634 970 ἐμοὶ,
3660 908 3697 958 ὁ
3718 908 3818 959 Θεέ
3828 928 3872 972 ς.

2306 990 2403 1060 οὐχ
2430 989 2504 1053 ὡς
2541 990 2614 1061 μὴ
2664 990 2800 1061 ἔχων
2847 990 3069 1063 καρδίαν
3106 991 3252 1047 τοῦτ’
3282 992 3482 1063 ἔλεγεν,
3532 998 3781 1071 καθαρὰν
3826 1001 3873 1054 ἃ

2308 1078 2469 1131 αὑτοῦ
2520 1079 2616 1150 τὴν
2675 1079 2913 1134 διάνοιαν
2963 1082 3390 1153 ἀποτελεσθῆναι
3440 1086 3655 1157 ηὔχετο.
3698 1092 3875 1158 Οὕτως

2307 1172 2518 1241 εἴρηται
2538 1171 2618 1235 τὸ,
2638 1173 2770 1227 Ἵνα
2807 1173 2945 1238 τοὺς
2971 1172 3079 1228 δύο
3108 1177 3285 1245 κτίσῃ
3312 1180 3395 1243 εἰς
3417 1178 3519 1231 ἕνα
3547 1183 3767 1237 καινὸν
3781 1187 3877 1238 ἀν-

2308 1268 2561 1330 θρωπον,
2594 1265 2712 1316 ἀντὶ
2735 1263 2850 1324 τοῦ.
2877 1267 3187 1336 συναγάγῃ
3214 1284 3227 1297 ·
3265 1269 3365 1339 ὅρα
3404 1273 3603 1341 μήποτε
3634 1256 3878 1329 τοιοῦτόν

2308 1356 2420 1407 ἐστι
2461 1356 2553 1408 καὶ
2614 1356 2696 1419 τὸ,
2754 1356 3117 1412 Ἐνδύσασθε
3152 1361 3257 1412 τὸν
3302 1364 3507 1416 καινὸν
3533 1364 3874 1434 ἄνθρωπον,

2306 1447 2412 1499 τὸν
2441 1447 2589 1501 κατὰ
2618 1447 2765 1501 Θεὸν
2810 1451 3131 1503 κτισθέντα
3156 1468 3169 1481 ο
3209 1452 3303 1505 καὶ
3344 1454 3425 1517 τὸ,
3458 1456 3529 1508 El
3544 1473 3628 1520 τις
3666 1458 3785 1511 οὖν
3814 1460 3879 1512 ἐν

2308 1534 2555 1605 Χριστῷ.
2602 1537 2776 1605 καινὴ
2816 1540 3033 1603 κτίσις,
3076 1540 3169 1593 καὶ
3198 1542 3297 1595 ὅσα
3338 1545 3471 1599 ἄλλα
3509 1546 3655 1618 εὖροι
3707 1551 3771 1604 ἄν
3799 1569 3876 1612 τις

2307 1628 2686 1699 τοιουτότροπα
2704 1629 2803 1700 τὴν
2833 1630 3185 1687 θεόπνευστον
3206 1635 3245 1685 Γ
3250 1638 3426 1708 ραιρὴν
3441 1638 3872 1711 διερευνώμενος·

2313 1717 2384 1789 μὴ
2414 1718 2699 1791 θαυμάσῃς
2727 1716 2839 1785 οὖν,
2864 1724 2911 1774 εί
2936 1726 3314 1797 μεταφορικῶς
3331 1730 3423 1781 καὶ
3459 1732 3515 1781 ἐν
3543 1731 3641 1802 τῷ,
3667 1734 3877 1799 Κύριος

2303 1810 2504 1863 ἕκτισέ
2527 1829 2602 1879 με
2618 1812 2812 1881 ἀρχὴν
2837 1812 2991 1867 ὁδῶν
3019 1818 3225 1881 αὑτοῦ,
3244 1820 3324 1879 τὸ,
3342 1821 3602 1886 ἔκτισεν,
3640 1825 3754 1877 ἀντὶ
3780 1824 3871 1877 τοῦ

2304 1900 2747 1971 κατέστησεν,ἣ
2776 1905 3115 1969 κατέταξεν,
3132 1909 3210 1971 εἰς
3228 1909 3286 1961 τὸ
3297 1911 3483 1981 ἄρχειν
3508 1913 3742 1983 εἴρηται,
3758 1916 3872 1968 ἐπεὶ

2305 1994 2398 2045 καὶ
2425 1995 2480 2045 ἐν
2510 1995 2856 2063 Εὑαγγελίοις
2885 1996 3177 2069 λεγομένου
3204 2001 3308 2055 ὑπὸ
3333 2002 3426 2055 τοῦ
3458 2004 3709 2077 Σωτῆρος
3728 2008 3870 2077 ἡμῶν

2304 2084 2385 2147 τὸ,
2402 2084 2911 2157 Ἐξομολογοῦμαί
2933 2105 3052 2153 σοι,
3077 2090 3293 2161 Πάτερ,
3313 2096 3488 2162 Κύριε
3502 2096 3609 2148 τοῦ
3624 2098 3870 2164 cium-oi

2305 2175 2539 2243 καὶτῆς
2569 2176 2701 2246 γῆς,
2738 2179 2825 2232 ὄτι
2873 2180 3229 2251 ἀπέκρυψας
3271 2183 3457 2237 ταῦτα
3508 2187 3627 2240 ἀπὸ
3669 2187 3869 2257 σοφῶν

2304 2267 2403 2319 καὶ
2432 2267 2723 2335 συνετῶν,
2774 2272 2871 2326 καὶ
2906 2273 3306 2343 ἀπεκάλυψας
3331 2276 3483 2330 αὐτὰ
3512 2280 3766 2346 νηπίοις,
3810 2281 3867 2333 οὐ

2303 2358 2400 2428 τὴν
2435 2358 2542 2426 (64»
2570 2360 2982 2432 ἁμαρτημάτων
3014 2366 3321 2436 ὁμολογίαν,
3351 2368 3483 2422 καθὸ
3530 2369 3775 2426 λέλεκται
3815 2374 3867 2425 ἐν

2305 2451 3027 2525 ὲτέροις,Ἐξομολογ·εῗσθε
3068 2458 3359 2526 ἀλλήλοις
3406 2463 3510 2527 τὰς
3562 2463 3867 2532 ἁμαρτίας,

2306 2544 2484 2614 φαμὲν
2512 2545 2614 2598 ὑπὸ
2645 2546 2737 2599 τοῦ
2761 2549 3008 2621 Σωτῆρος
3028 2551 3336 2622 δηλοῦσθαι,
3364 2553 3492 2607 ἀλλὰ
3519 2554 3615 2626 τὴν
3644 2557 3743 2608 ἐπὶ
3768 2561 3873 2621 τοῖς

2306 2638 2518 2707 νηπίοις
2551 2639 2921 2710 εὐχαριστίαν,
2953 2643 3074 2695 ἀντὶ
3096 2643 3210 2708 τοῦ,
3246 2646 3585 2715 Εὑχαριστῶ
3613 2664 3738 2711 σοι,
3763 2649 3877 2703 Ha"

2304 2745 2422 2797 τερ,
2445 2731 2619 2797 Κύριε
2649 2731 2753 2785 τοῦ
2777 2733 3036 2800 οὐρανοῦ
3061 2736 3156 2788 καὶ
3182 2736 3289 2803 τῆς
3312 2737 3443 2806 τῆς,
3469 2738 3557 2790 τοῦ
3587 2737 3875 2808 ἐξομολο-

2305 2824 2535 2890 γεῖσθαι
2579 2821 2927 2894 λελεγμένου.
2985 2826 3169 2899 Μυρία
3214 2826 3259 2879 δ’
3286 2829 3350 2881 ἄν
3399 2845 3482 2889 τις
3532 2828 3678 2900 εὖροι
3716 2830 3876 2900 σχολῇ

2306 2910 2549 2984 ζητήσας
2573 2913 2649 2983 τῷ
2672 2915 2811 2968 κατὰ
2845 2917 3155 2987 μεταφορὰν
3171 2918 3356 2990 τρόπῳ
3371 2918 3437 2970 δι’
3458 2919 3585 2989 ὅλης
3602 2920 3701 2990 τῆς
3728 2921 3877 2985 θείας

2304 3004 2527 3075 Γραφῆς
2555 3007 2836 3078 εἰρημένα,
2894 3009 2987 3062 καὶ
3036 3009 3171 3063 ἄλλα
3205 3009 3517 3081 πολύσημον
3565 3012 3754 3082 ἔχοντα
3783 3013 3879 3084 τὴν

2304 3095 2559 3151 διάνοιαν.
2588 3100 2695 3152 Καὶ
2732 3099 3018 3171 ὁμονύμως
3042 3101 3205 3173 ἕτερα
3244 3103 3513 3175 διαφόρων
3541 3105 3879 3176 πραγμάτων

2305 3189 2773 3261 κατηγορούμενα,
2806 3193 2933 3263 περὶ
2968 3186 3043 3246 ὧν
3074 3195 3281 3267 μακρὸν
3310 3195 3376 3249 ἂν
3407 3195 3512 3266 εἴη,
3550 3198 3643 3250 καὶ
3675 3198 3739 3252 οὐ
3784 3198 3881 3251 τοῦ

2305 3282 2565 3353 παρόντος
2590 3284 2779 3355 καιροῦ
2804 3284 3073 3350 διεξιέναι.
3090 3286 3275 3351 Οὕτως
3294 3282 3387 3342 οὖν
3414 3288 3504 3341 καὶ
3527 3287 3771 3343 ἐνταῦθα
3797 3290 3876 3354 τὸ,

2304 3372 2517 3441 Κύριος
2540 3373 2647 3445 (65)
2672 3376 2874 3429 ἐκτισέ
2914 3394 2989 3446 με
3026 3377 3224 3447 ἀρχὴν
3246 3378 3403 3433 ὁδῶν
3427 3382 3610 3437 αὐτοῦ
3631 3384 3720 3450 εις
3734 3384 3875 3452 ἔργα

2305 3461 2510 3529 αὐτοῦ,
2544 3462 2662 3517 ἀντὶ
2699 3464 2815 3532 τοῦ,
2855 3465 3152 3533 Κατέταξέ
3178 3487 3256 3539 με
3286 3474 3378 3538 είς
3417 3474 3483 3526 τὸ
3512 3472 3714 3542 ἄρχειν
3752 3474 3868 3526 τῶν

2305 3552 2491 3623 ἔργων
2517 3556 2722 3622 αὑτοῦ,
2756 3557 3020 3612 λέλεκται.
3068 3561 3157 3613 Διὸ
3209 3563 3307 3634 οὐχ
3357 3564 3545 3628 ἁπλῶς
3574 3566 3765 3618 ἕκτισέ
3791 3581 3867 3633 με

2304 3646 2535 3717 εἴρηται,
2567 3649 2699 3702 ἀλλὰ
2727 3651 2862 3720 μετὰ
2879 3652 3192 3724 προσθήκης
3223 3655 3331 3725 (66)
3355 3657 3477 3725 τῆς,
3506 3657 3700 3727 ἀρχὴν
3720 3657 3876 3712 ὁδῶν

2304 3744 2490 3799 αὐτοῦ
2516 3747 2596 3808 εις
2631 3745 2772 3813 ἔργα
2787 3746 2990 3799 αὐτοῦ.
3026 3745 3193 3800 Τοῦτο
3214 3748 3269 3801 δὲ
3294 3750 3529 3819 μάλιστα
3556 3752 3877 3824 παρίστησιν

2303 3834 2630 3907 ἡἙὸραῖκὴ
2680 3834 2842 3899 λέξις.
2893 3836 2956 3888 Et
2985 3835 3115 3902 γοῦν
3171 3855 3255 3901 τις
3309 3840 3739 3914 ὲξακριϐώσαιτο
3788 3844 3879 3898 τὸν

2306 3926 2481 3998 ἀληθῆ
2505 3927 2625 3981 νοῦν
2674 3927 2773 3998 τῆς
2816 3927 3169 3981 Θεοπνεύστου
3199 3930 3440 4002 Γραφῆς,
3485 3933 3635 4005 εὖροι
3680 3935 3748 3989 ἂν
3781 3937 3882 4008 τὴν

2316 4018 2604 4090 Ἐϐραῖκὴν
2627 4020 2926 4088 ἀνάγνωσιν
2957 4022 3015 4074 ού
3047 4022 3405 4095 περιέχουσαν
3431 4027 3509 4089 τὸ,
3533 4026 3743 4082 ἕκτισέ
3762 4047 3845 4099 με
3868 4046 3882 4061 ’

2303 4112 2490 4183 διόπερ
2507 4113 2626 4166 οὐδὲ
2658 4114 2764 4165 τῶν
2791 4113 2991 4168 λοιπῶν
3014 4116 3359 4186 ἐρμηνευτῶν
3380 4119 3544 4190 ταύτῃ
3570 4136 3654 4182 τις
3683 4122 3888 4193 κέχρη-

2303 4220 2392 4256 ται
2427 4206 2491 4275 τῇ
2520 4203 2677 4269 λέξει.
2702 4206 2906 4259 Αὐτίκα
2929 4206 2972 4259 δ’
2992 4203 3082 4259 οὖν
3110 4207 3136 4258 ὁ
3157 4208 3252 4278 μὲν
3268 4209 3506 4274 Ἀκύλας,
3528 4210 3752 4277 Κύριος
3784 4215 3888 4268 ἐκ-

2303 4292 2532 4362 τήσατό
2551 4293 2659 4364 (67)
2665 4310 2741 4362 με
2759 4294 3087 4363 κεφάλαιον
3110 4298 3225 4351 τῶν
3241 4297 3389 4352 ὁδῶν
3401 4295 3604 4364 αὐτοῦ,
3626 4301 3881 4373 εἴρηκεν·

2303 4384 2331 4435 ὁ
2369 4383 2425 4436 δὲ
2457 4384 2751 4454 Σύμμαχος
2777 4426 2791 4450 ,
2823 4386 3036 4455 Κύριος
3061 4388 3355 4454 ἐκτήσατό
3379 4406 3453 4459 με
3479 4389 3680 4459 ἀρχὴν
3722 4394 3889 4447 ὁδῶν

2304 4475 2507 4529 αὐτοῦ·
2536 4478 2563 4528 ὁ
2586 4475 2641 4528 δὲ
2673 4475 2981 4541 Θεοδοτίων,
3014 4480 3230 4547 Κύριος
3256 4480 3553 4548 ἐκτήσατο
3570 4500 3646 4551 με
3677 4484 3889 4554 ἀρχὴν

2303 4564 2445 4619 ὀδοῦ
2468 4566 2671 4620 αὐτοῦ’
2705 4569 2798 4621 καὶ
2820 4569 2931 4639 ἔχοι
2960 4571 3010 4639 γ’
3038 4571 3103 4624 ἂν
3124 4571 3280 4641 λόγον
3302 4574 3334 4644 ἡ
3365 4575 3645 4646 ἑρμηνεία.
3669 4576 3746 4629 Τὸ
3774 4577 3889 4647 γὰρ

2302 4657 2593 4726 κεφάλαιον
2628 4659 2724 4730 τῆς
2772 4660 2878 4713 τῶν
2902 4661 3173 4733 γεννητῶν
3228 4664 3485 4717 ἁπάντων
3506 4665 3801 4736 ὁρωμένων
3823 4684 3885 4718 τε

2301 4748 2394 4800 καὶ
2431 4747 2649 4816 ἀφανῶν
2698 4750 3005 4813 συστὰσεώς
3037 4767 3095 4803 τε
3130 4752 3222 4804 καὶ
3285 4753 3559 4825 σωτηρίας
3590 4756 3756 4818 αὐτὸς
3789 4753 3885 4827 ἦν,

2301 4837 2358 4891 ὃν
2387 4839 2577 4907 ἐγέννα
2597 4840 2694 4911 μὲν
2726 4841 2958 4912 ὁΠατὴρ
2993 4842 3117 4895 Υίὸν
3144 4846 3405 4916 μονογενῆ
3427 4862 3439 4874 ο
3487 4848 3755 4917 γεννήσας
3788 4848 3847 4900 δὲ
3867 4890 3880 4910 ,

2301 4931 2594 4985 κατέταττε
2625 4933 2851 5004 Σωτῆρα
2878 4934 2988 4986 τῶν
3032 4934 3188 4999 ὅλων,
3224 4937 3793 5008 ἀνακεφαλαιούμενος
3821 4941 3880 4991 ὲν

2301 5020 2447 5091 αὐτῷ
2479 5021 2572 5075 καὶ
2601 5022 2667 5074 δι’
2696 5023 2859 5076 αὑτοῦ
2892 5024 2989 5095 τὴν
3015 5023 3255 5091 διάταξιν
3281 5025 3372 5079 τοῦ
3404 5028 3629 5093 παντὸς,
3669 5029 3749 5092 ὡς
3776 5027 3881 5080 ἐδί-

2301 5114 2456 5179 δαξεν
2484 5117 2512 5167 ὁ
2528 5115 2665 5180 Θεῖος
2681 5116 2999 5181 Ἀπόστολος
3015 5116 3199 5170 είπών·
3220 5118 3877 5187 Ἀνακεφαλαιώσασθαι

2303 5205 2499 5259 πάντα
2543 5207 2611 5261 ἐν
2644 5208 2725 5274 τῷ
2764 5209 3017 5280 Χριστῷ,
3053 5210 3125 5263 τὰ
3161 5209 3258 5261 ἐπὶ
3296 5210 3421 5277 τοῖς
3449 5213 3745 5281 οὐρανοῖς,
3774 5211 3883 5265 καὶ

3145 5374 3159 5402 ¹
3186 5371 3222 5424 ll
3264 5372 3387 5427 Cor.
3415 5388 3469 5437 v,
3498 5374 3584 5428 i7.
3666 5375 3687 5406 ³
3713 5374 3895 5430 Prov.

635 5436 759 5517 vni:
783 5451 874 5506 22.
954 5451 974 5481 ³
997 5436 1131 5505 Luc:
1163 5436 1341 5515 3,31.
1420 5448 1441 5479 ⁸
1466 5444 1580 5501 Jac.
1609 5460 1661 5509 ν,
1688 5442 1773 5497 t6.
1850 5440 1872 5471 ⁵
1895 5436 2101 5492 Coloss.
2138 5452 2173 5501 ι,
2213 5437 2302 5491 20.

708 5584 819 5655 (64)
859 5582 1022 5655 Yulgo
1046 5582 1154 5655 τῶν
1182 5582 1610 5655 ἁμαρτημάτων.

708 5653 819 5725 (65)
852 5653 1023 5725 Xulgo
1054 5653 1265 5725 ἔκτισεν
1296 5654 1416 5723 ἐμὲ.

706 5715 817 5845 (ϐϐξ
850 5715 1020 5792 Vulgo
1050 5715 1383 5845 πὶοοσθήκης,
1409 5723 1529 5845 την.
1598 5791 1609 5804 ⁹
1851 5790 1862 5801 .
1988 5790 1998 5801 ν
2150 5790 2161 5801 '

708 5795 794 5845 {67
838 5794 1051 5845 Κύριος
1100 5792 1447 5845 ·κτήσατο.Α
1476 5802 1575 5845 iter
1599 5808 1648 5845 ιιι
1671 5791 1896 5845 valeatis
1916 5788 2059 5843 L.\X
2080 5789 2161 5844 edi

708 5788 817 5865 (67)
838 5788 1051 5860 Κύρῐος
1077 5788 1392 5860 ἐκτήσατο.
1409 5788 1575 5849 Aliter
1598 5791 1648 5846 iu
1671 5790 1896 5863 vulgatis
1916 5788 2059 5843 LXX
2080 5789 2195 5844 edi-

2304 5577 2560 5642 tionibus,
2611 5579 2827 5647 Aquila,
2880 5576 3262 5648 Symmachus,
3292 5588 3346 5632 et
3378 5576 3743 5642 Theodotion,
3781 5578 3897 5633 ista

2303 5648 2681 5787 {:gggzt‘..hl.—
2702 5648 2963 5705 Ca‘terum
2998 5648 3067 5703 cf.
3100 5648 3253 5704 liuet.
3276 5652 3342 5704 ad
3362 5650 3574 5718 Origen.
3618 5655 3759 5703 tom.
3795 5648 3897 5716 :ll,
