4086 6202
275 293 376 348 977

1216 289 1303 343 DE
1340 290 1877 346 ECCLESIASTICA
1918 291 2305 347 THEOLOGIA
2350 289 2472 344 LIB.
2517 289 2610 344 111.-

3400 290 3499 345 978

274 407 348 461 τὰ
377 405 480 459 ἐπὶ
512 405 627 473 τῆς
659 405 794 474 τῆς,
830 404 904 468 ὡς
943 405 1017 474 μὴ
1050 409 1207 473 μόνον
1236 404 1306 458 τὰ
1341 407 1627 477 σύμπαντα
1661 407 1726 460 δι’
1755 408 1841 461 αὖ·

1956 423 2074 462 esse
2113 393 2500 476 provenientia,
2533 407 2627 461 sed
2661 406 2879 475 insuper
2913 406 2964 460 in
2996 419 3054 461 se
3081 405 3377 476 susciperet
3407 410 3502 460 ati-

271 496 370 551 τοῦ
403 496 687 568 συστῆναι,
717 499 780 548 ἐκ
809 493 900 547 τοῦ
932 495 1004 566 μὴ
1030 494 1181 558 ὄντος
1210 497 1288 560 είς
1314 496 1376 549 τὸ
1401 494 1538 551 εἶναι
1570 497 1846 570 προελθόν-

1947 495 2395 551 ministrationem
2463 495 2702 550 omnium
2755 503 2810 549 et
2859 496 3250 562 providentiam
3279 513 3295 552 :
3325 504 3506 562 utpote

272 605 364 651 τα,
399 587 537 641 ἀλλὰ
565 588 659 642 καὶ
685 587 784 656 τῆς
806 585 913 638 τῶν
947 585 1084 639 ὅλων
1122 586 1440 658 διοικήσεως
1465 589 1564 660 τὴν
1594 589 1841 661 πρόνοιαν

1945 589 2032 658 qui
2061 587 2232 656 Λόγος
2278 597 2441 650 esset,
2472 585 2767 656 Sapientia,
2803 588 2934 653 vita,
2977 588 3155 641 omnis
3182 588 3316 642 boni-
3345 597 3506 658 atque

273 677 631 750 ἀναδέχεσθαι
659 678 838 740 αὐτὸν,
866 676 961 730 ἆτε
1007 677 1179 745 Λόγον
1219 677 1344 730 ὄντα
1391 679 1485 731 καὶ
1527 680 1724 749 Σοφίαν
1754 682 1841 733 καὶ

1947 679 2151 748 pulchri
2180 679 2454 747 plenitudo
2479 696 2493 732 :
2520 695 2626 748 quo
2654 693 2751 748 per
2781 694 2900 733 eum
2930 680 3301 750 guberncntur
3319 683 3502 734 omnia

277 767 427 840 ζωὴν
446 808 462 833 ,
491 769 686 831 παντός
719 785 776 821 τε
807 766 973 822 καλοῦ
1005 769 1098 822 καὶ
1121 766 1327 836 ἀγαθοῦ
1355 768 1654 840 πλήρωμα’
1685 769 1760 833 ὡς
1778 771 1844 823 δι’

278 860 448 915 αὑτοῦ
498 861 854 934 κυϐερνᾶσθαι
903 861 999 915 καὶ
1050 854 1403 925 διἀσώζεσθαι
1437 861 1503 914 τὰ
1534 861 1839 933 σύμπαντα.

279 952 452 1006 Τοῦτο
478 953 532 1006 δὲ
560 954 646 1005 καὶ
668 952 752 1006 διὰ
783 952 890 1005 τῶν
912 951 1284 1024 προτεθέντων
1322 953 1515 1020 λογίων
1543 953 1701 1016 αὐτὸς
1735 953 1842 1024 (68)

283 1043 537 1114 παρίστη,
575 1043 638 1095 δι’
669 1036 744 1097 ὧν
778 1043 979 1112 ἔφασκε
1001 1061 1014 1074 ’
1047 1045 1126 1096 Δι’
1171 1043 1316 1112 ἐμοῦ
1351 1044 1632 1110 ,βασιλεῖς
1666 1046 1844 1109 ,βασι-

281 1135 548 1196 ⁹ζεινύουσι,
581 1133 676 1187 καὶ
704 1138 756 1188 οι
783 1133 1076 1188 δυνάσται
1107 1134 1402 1204 γράφουσι
1432 1135 1841 1204 δικαιοσύνην.

285 1224 363 1276 Δι’
395 1223 537 1292 ἐμοῦ
557 1222 916 1293 μεγιστᾶνες
944 1226 1381 1295 μεγαλύνονται
1401 1267 1415 1289 ,
1443 1227 1538 1280 καὶ
1566 1229 1844 1295 τύραννοι

281 1310 355 1364 δι’
410 1311 554 1381 ἐμοῦ
602 1311 888 1380 κρατοῦσι
933 1312 1064 1381 γῆς.
1111 1313 1303 1381 Λόγοις
1357 1315 1402 1368 δ’
1449 1311 1541 1368 οῦν
1587 1317 1842 1387 ἀρρήτοις

281 1401 377 1472 τῆς
415 1402 642 1456 καθόλου
695 1403 884 1473 σοφίας
907 1421 964 1456 τε
1013 1405 1106 1457 καὶ
1141 1407 1394 1477 προνοίας
1425 1407 1518 1460 τοῦ
1553 1407 1681 1461 Υἱοῦ
1731 1408 1842 1479 (69)

280 1492 373 1545 τοῦ
390 1491 550 1560 Θεοῦ,
581 1493 650 1546 τὰ
675 1495 962 1564 σύμπαντα
991 1494 1290 1550 διοικεῖται.
1333 1497 1494 1551 Ταῦτ’
1520 1494 1610 1551 οὖν
1634 1498 1720 1551 διὰ
1739 1498 1842 1551 τῶν

282 1584 718 1655 προεκτεθέντων
795 1584 1071 1649 ἐδίδασκε,
1135 1586 1442 1660 προῦτρεπέ
1497 1607 1554 1641 τε
1627 1589 1842 1661 ἔχεσθαι

281 1678 470 1741 αὑτοῦ,
501 1678 723 1747 φάσκων
745 1695 757 1708 ⁸
797 1678 935 1748 Ἐγὼ
965 1679 1102 1745 τοὺς
1130 1680 1233 1748 ἐμὲ
1260 1681 1586 1749 φιλοῦντας
1615 1680 1837 1752 ἀγαπῶ·

1944 781 1997 826 et
2022 780 2426 827 conserventur.
2467 770 2578 825 Hoc
2609 774 2782 840 ipsum
2825 773 2877 825 in
2917 782 3040 825 ante
3072 772 3262 841 positis
3306 772 3502 827 divinis

1942 862 2175 918 oraculis
2207 863 2458 917 indicavit
2489 864 2620 933 ipse,
2658 863 2943 933 inquiens:
2978 861 3082 916 Per
3132 879 3212 917 me
3251 879 3391 933 reges
3423 881 3504 918 rc-

1942 962 2122 1024 gnant,
2164 965 2211 1007 et
2257 963 2488 1024 potentes
2527 955 2792 1023 justitiam
2849 955 3192 1008 determinant
3231 970 3374 1023 :per
3422 973 3501 1007 me

1942 1054 2212 1115 magnam
2228 1045 2656 1114 magniﬁcantur,
2673 1058 2719 1099 et
2741 1046 3000 1114 principes
3023 1062 3112 1114 per
3127 1063 3206 1100 me
3225 1046 3499 1100 dominan-

1942 1144 2031 1187 tur
2068 1142 2220 1188 terra:
2236 1133 2276 1188 ⁸.
2329 1132 2486 1189 Modo
2529 1134 2708 1203 itaque
2756 1133 3113 1203 inexplicabili
3150 1149 3243 1202 per
3281 1134 3496 1203 sapien-

1944 1224 2071 1277 tiam
2145 1223 2288 1278 illam
2361 1231 2416 1278 et
2472 1225 2863 1291 providentiam
2945 1224 3300 1278 universalem
3376 1224 3494 1278 Filii

1945 1315 2056 1380 Dei,
2107 1317 2356 1370 universa
2404 1316 2870 1370 administrantur.
2930 1315 3055 1370 Haec
3089 1329 3196 1370 nos
3245 1316 3298 1369 in
3348 1318 3496 1384 prius

1940 1407 2132 1477 positis
2169 1407 2383 1462 edocuit
2413 1425 2426 1461 :
2455 1410 2806 1477 hortaturque
2851 1417 2909 1462 ut
2948 1409 3016 1463 ab
3056 1407 3146 1463 illo
3195 1408 3496 1477 dependea-

1944 1515 2111 1554 mus:
2150 1498 2259 1568 Ego
2319 1501 2488 1564 enim,
2548 1500 2752 1569 inquit,
2837 1499 3107 1569 diligentes
3171 1515 3252 1553 me
3315 1499 3494 1569 diligo.

1947 1597 2005 1654 ᾖ(
2046 1590 2148 1656 Qui
2178 1606 2258 1645 me
2288 1601 2550 1659 quwrunt,
2583 1593 2899 1647 invenient".
2932 1593 2975 1645 Α
3012 1591 3282 1646 contraria
3309 1607 3499 1646 rursus

1946 1683 2026 1736 via
2061 1698 2158 1737 nos
2201 1684 2415 1749 avertit,
2457 1684 2544 1737 ubi
2578 1683 2746 1748 addit,
2775 1683 2886 1753 Ego
2922 1683 3043 1737 odio
3067 1680 3226 1736 habui
3257 1683 3364 1736 vias
3395 1683 3498 1735 im-

282 1773 337 1823 οι
380 1768 450 1822 δὲ
505 1769 608 1838 ἐμὲ
644 1769 948 1837 ζητοῦντες
976 1768 1363 1837 εὑρήσουσιν.
1404 1771 1734 1843 Ἀπέτρεπέν
1782 1790 1841 1826 τε

1943 1776 2147 1844 piorum
2187 1791 2450 1841 perversa:
2474 1775 2514 1829 ⁸.
2543 1775 2665 1830 Haec
2706 1784 2760 1830 et
2803 1776 2887 1831 his
2927 1775 3123 1829 similia
3177 1775 3294 1844 ipse
3331 1773 3500 1830 Filius

286 1861 382 1931 τῆς
410 1861 650 1923 ἐναντίας
667 1860 806 1914 ὁδοῦ.
832 1861 896 1913 δι’
921 1854 993 1913 ὧν
1022 1862 1315 1932 ἐπήγαγεν,
1333 1861 1623 1930 Ἐμίσησα
1652 1861 1702 1914 δ’
1731 1863 1844 1932 ἐγὼ

285 1950 747 2020 διεστραμμένας
778 1950 954 2016 ὀδοὺς
975 1950 1193 2007 κακῶν.
1222 1952 1330 2005 Καὶ
1365 1951 1427 2024 δὴ
1447 1951 1615 2005 ταῦτα
1645 1953 1737 2005 καὶ
1776 1954 1843 2008 τὰ

287 2041 494 2105 τούτοις
538 2040 738 2111 ἀδελφὰ
776 2043 804 2094 ὁ
854 2040 944 2094 τοῦ
991 2040 1124 2094 Θεοῦ
1174 2041 1321 2104 Υἱὸς,
1356 2042 1516 2106 αὐτὸς
1551 2041 1656 2114 γὰρ
1699 2039 1766 2112 ἦν
1808 2043 1842 2114 η

289 2134 456 2202 Σοφία
504 2133 650 2204 (7οὶ,
697 2133 1164 2204 διαστειλάμενος,
1200 2134 1324 2204 ἐξῆς
1371 2135 1480 2195 τοῖς
1542 2134 1608 2187 δι’
1667 2133 1843 2187 αὐτῶν

286 2222 749 2296 προωφελομένοις
792 2223 889 2294 τὴν
929 2222 1190 2294 μυστικὴν
1241 2221 1371 2293 περὶ
1402 2222 1592 2276 ἐαυτοῦ
1643 2223 1844 2292 γνῶσιν

283 2314 607 2388 παραδίδωσι
656 2314 1034 2383 λέγων,ιἘᾶν
1081 2314 1382 2383 ἁναγγείλω
1429 2314 1554 2384 ὑμῖν
1601 2315 1669 2368 τὰ
1723 2316 1841 2369 καθ’

281 2410 494 2481 ἡμέραν
532 2407 874 2479 γιγνόμενα,,
901 2408 1254 2479 μνημονεύσω
1297 2407 1366 2459 τὰ
1407 2406 1465 2471 ἐξ
1499 2405 1689 2468 αἰῶνος
1725 2407 1845 2477 ἀρι-

283 2501 505 2574 θμῆσαι.
533 2520 552 2553 ι
579 2501 640 2553 Et
687 2500 795 2572 γὰρ
848 2500 1113 2571 μέλλοιμι,
1154 2499 1346 2570 φησὶν,
1371 2498 1440 2551 τὰ
1485 2498 1568 2568 ἐφ’
1612 2499 1843 2568 ἑκάστης

281 2597 492 2669 ἡμέρας
519 2597 608 2649 ὑπ’
640 2595 773 2666 ἐμοῦ
800 2593 1141 2664 πραττόμενα
1169 2591 1434 2645 διδάσκειν
1454 2631 1468 2652 ,
1503 2589 1712 2658 ἀνάγκη
1751 2589 1844 2641 καὶ¹

283 2689 390 2742 τῶν
437 2686 497 2752 ἐξ
545 2687 715 2759 ἀρχῆς
773 2685 865 2738 τοῦ
917 2683 1116 2744 παντὸς
1165 2683 1358 2745 αἰῶνος
1384 2680 1556 2752 ἔργων
1606 2678 1842 2750 ἐμαυτοῦ

290 2778 678 2851 μνημονεῦσαι,
717 2777 810 2830 καὶ
839 2775 1203 2847 παραστῆσαι,
1231 2774 1306 2838 ὡς
1331 2773 1424 2826 ἐπὶ
1469 2773 1642 2842 τούτῳ
1697 2789 1763 2841 με
1815 2773 1844 2824 ὁ

285 2871 556 2940 γεννήσας
587 2870 773 2940 Πατὴρ
801 2868 984 2938 ἄρχειν
1006 2867 1110 2919 τῶν
1126 2867 1261 2919 ὅλων
1294 2865 1644 2935 κατέστησεν,
1687 2864 1772 2933 ἐφ’
1799 2855 1844 2928 ᾧ

283 2979 345 3016 τε
380 2961 626 3033 ἡγεῖσθαι
651 2960 756 3014 τῶν
781 2960 909 3013 ὁδῶν
931 2957 1115 3019 αὐτοῦ,
1151 2959 1241 3010 καὶ
1279 2957 1384 3010 τῶν
1443 2957 1533 3010 ὑπ’
1567 2954 1728 3008 αὑτοῦ
1776 2955 1843 3008 δι’

288 3053 424 3125 ἐμοῦ
456 3051 830 3123 πεποιημένων
852 3051 1042 3121 ἔργων.
1072 3050 1162 3102 Διὸ
1191 3047 1494 3112 ἀκολούθως
1529 3048 1720 3116 ἐπάγει
1762 3045 1839 3109 τὸ,

289 3146 503 3214 Κύριος
529 3145 726 3199 ἐκτισέ
747 3161 822 3213 με
846 3141 1038 3212 ἀρχὴν
1059 3139 1212 3194 ὁδῶν
1239 3138 1452 3200 αὑτοῦ,
1481 3141 1568 3203 εὶς
1599 3137 1670 3190 τὰ
1703 3137 1846 3204 ἔργα

286 3237 494 3302 αὐτοῦ,
523 3237 577 3308 ἦ,
614 3239 823 3304 Κύριος
839 3235 1132 3301 ἐκτήσατο
1153 3249 1248 3301 με,
1277 3229 1416 3284 κατά
1452 3230 1548 3300 τὴν
1574 3229 1846 3282 ἀποδοθεῖ-

291 3347 390 3384 σαν
420 3329 730 3400 ἑρμηνείαν.
755 3327 826 3380 Τὸ
852 3326 958 3399 γὰρ
993 3327 1132 3396 μέγα
1164 3325 1346 3395 κτῆμα
1371 3322 1464 3376 τοῦ
1512 3321 1646 3376 Θεοῦ
1679 3323 1708 3374 ὁ
1749 3338 1843 3391 μο-

287 3421 504 3491 νογενὴς
531 3420 654 3484 Υἱὸς
679 3415 768 3490 ἦν,
798 3418 931 3472 καθὸ
965 3419 1061 3489 μὲν
1101 3416 1157 3483 ἐξ
1201 3414 1362 3469 αὐτοῦ
1386 3413 1692 3483 γεγέννητο,
1723 3411 1847 3474 Υἱὸς

284 3513 358 3565 ὣν
386 3510 547 3566 αὑτοῦ
567 3528 580 3541 ⁸
617 3511 750 3564 καθὸ
784 3511 840 3563 δέ
879 3511 991 3572 τοῖς
1024 3510 1185 3562 πᾶσιν
1235 3503 1562 3575 κοινωφελὴς
1596 3503 1690 3558 καὶ
1739 3521 1837 3556 σωο

285 3604 350 3672 τή
361 3619 472 3672 ριος
496 3601 818 3671 καθέστηκε,
835 3600 894 3654 τὸ
921 3598 1172 3670 μέγιστον
1193 3597 1287 3650 καὶ
1313 3593 1636 3665 τιμιώτατον
1663 3593 1846 3663 κτῆμα

287 3692 380 3744 τοῦ
400 3691 607 3762 Πατρὸς
641 3692 896 3761 ὑπάρχων
929 3706 986 3742 τε
1019 3689 1112 3741 καὶ
1137 3686 1534 3758 ὠνομασμένος.
1573 3684 1704 3739 Οὐδὲ
1737 3683 1846 3756 γὰρ

288 3783 414 3839 ἄλλο
437 3801 486 3836 τι
511 3785 699 3852 γένοιτ’
735 3783 799 3836 ἂν
852 3781 1046 3852 πατέρι
1105 3780 1218 3834 υἱοῦ
1275 3780 1592 3850 τιμίωτερον
1640 3779 1843 3848 κτῆμα.

294 3869 481 3924 Ἔνθεν
514 3869 605 3924 καὶ
631 3871 658 3922 ὁ
683 3868 1099 3939 πρωτόπλαστος
1147 3868 1333 3939 Ἀδὰμ,
1375 3870 1463 3922 ὅτε
1513 3867 1605 3920 τὸν
1653 3869 1710 3918 ἐν
1755 3869 1844 3920 ἀν-

287 3961 525 4032 θρώποις
578 3960 791 4029 πρῶτον
850 3961 962 4013 υἱὸν
1011 3962 1278 4029 ἐκτήσατο
1306 3999 1319 4021 ,
1366 3957 1555 4029 ἐλέχθη
1609 3959 1700 4011 καὶ
1759 3958 1843 4009 ἐπ’

287 4053 496 4121 ἐκείνῳ,
515 4050 891 4120 Ἐκτησὰμην
915 4051 1224 4119 ἄνθρωπον
1259 4051 1356 4104 διὰ
1401 4051 1504 4103 τοῦ
1543 4047 1688 4102 Θεοῦ
1707 4066 1719 4078 ·
1748 4050 1845 4118 τῆς

301 4141 597 4212 Ἐϐραϊκῆς
633 4142 812 4211 φωνῆς
878 4141 997 4194 ἀντὶ
1052 4141 1168 4205 τοῦ,
1217 4139 1583 4209 ἐκτησάμην,
1623 4139 1844 4192 κανίθει

289 4231 662 4306 περιεχούσης.
697 4233 769 4285 Τὸ
790 4232 866 4296 δὲ,
901 4229 1217 4296 ἐκτήσατο,
1239 4229 1392 4283 κὰνα
1410 4230 1534 4300 παρ’
1579 4227 1846 4299 Ἑϐραίοις

288 4327 626 4395 ἐκφωνεῖται.
685 4323 869 4386 Οὕτως
890 4317 980 4376 οὖν
1029 4322 1120 4375 ἐπὶ
1169 4319 1262 4372 τοῦ
1321 4318 1569 4389 Ἀϐραὰμ
1611 4317 1840 4389 εἴρηται,

1946 1866 2063 1931 Dei,
2092 1867 2206 1936 ipse
2246 1867 2445 1921 etenim
2485 1865 2759 1937 Sapientia
2789 1877 2926 1932 erat,
2958 1867 3010 1920 in
3033 1866 3299 1921 mandatis
3327 1865 3493 1922 dedit.

1940 1959 2114 2026 Atque
2147 1959 2220 2012 ita
2271 1959 2322 2012 in
2385 1961 2730 2029 sequentibus
2776 1958 3175 2028 mysticam'sui
3230 1959 3495 2028 cognitio-

1943 2063 2065 2104 nem
2097 2050 2257 2104 tradit
2283 2050 2347 2104 iis
2370 2050 2562 2120 quibus
2579 2051 2726 2119 prius
2755 2050 3045 2118 profuerat,
3072 2051 3318 2118 inquiens
3345 2068 3360 2105 :
3389 2066 3410 2100 ι
3435 2049 3493 2103 Si

1943 2140 2336 2196 annuntiavero
2362 2139 2514 2196 vobis
2551 2156 2669 2210 quae
2692 2141 2759 2195 de
2781 2141 2866 2195 die
2902 2141 2952 2194 in
2977 2143 3118 2194 diem
3151 2141 3370 2205 ﬂebant,
3399 2155 3496 2196 ne-

1942 2245 2098 2288 cesse
2121 2241 2202 2287 est
2222 2242 2281 2286 ut
2301 2247 2613 2288 enumerem
2637 2248 2756 2300 qua:
2785 2248 2815 2287 a
2848 2232 3044 2288 sacqu
3075 2246 3500 2288 commemoran-

1945 2334 2084 2382 tur.»
2111 2325 2220 2379 Hoc
2239 2333 2344 2391 est,
2371 2327 2414 2378 si
2435 2339 2527 2379 vos
2544 2323 2702 2378 velim
2728 2323 2920 2379 docere
2941 2323 3028 2378 illa
3054 2339 3172 2394 quae
3202 2339 3232 2378 a
3263 2340 3348 2380 me
3365 2341 3500 2394 quo-

1945 2415 2073 2471 tidie
2123 2417 2290 2480 (lunt,
2355 2428 2574 2470 necesse
2625 2425 2708 2471 est
2755 2424 2813 2470 ut
2854 2415 3005 2470 vobis
3044 2416 3297 2484 repiicem
3335 2431 3496 2486 opera

1943 2522 2060 2562 mea
2095 2506 2162 2561 ab
2187 2507 2340 2562 initio
2361 2505 2700 2570 saeculorum,
2724 2518 2778 2560 et
2796 2506 2848 2560 in
2873 2507 3189 2560 memoriam
3228 2523 3495 2573 revocem,

1943 2596 2084 2666 quod
2125 2611 2210 2650 me
2240 2595 2399 2650 Pater
2420 2597 2507 2664 qui
2535 2598 2738 2664 genuit,
2770 2597 3056 2652 constituit
3085 2597 3368 2652 Dominum
3403 2615 3498 2654 su—

1943 2703 2039 2758 per
2087 2689 2306 2742 omnia:
2335 2696 2390 2741 ut
2430 2688 2503 2742 ita
2552 2687 2764 2756 praesim
2804 2703 2905 2758 ego
2938 2688 3040 2742 viis
3063 2687 3271 2755 ipsius,
3316 2698 3370 2743 et
3405 2689 3498 2743 im-

1945 2794 2124 2850 perem
2173 2780 2428 2849 operibus
2477 2779 2594 2848 ejus
2639 2793 2736 2848 per
2793 2795 2879 2835 me
2925 2779 3178 2834 conditis.
3231 2778 3499 2846 Quocirca

1943 2882 2335 2940 consequenter
2359 2870 2559 2937 intulit,
2586 2869 2843 2924 Dominus
2865 2872 3055 2925 creavit
3079 2887 3160 2925 me
3185 2871 3498 2939 principium

1943 2961 2147 3014 uiarum
2168 2977 2383 3014 suarum
2402 2960 2470 3013 ad
2497 2975 2654 3030 opera
2677 2975 2796 3016 sua.
2831 2960 2959 3024 Aut,
2985 2959 3277 3012 secundum
3305 2972 3500 3027 reprte-

1945 3059 2209 3107 sentatant
2265 3052 2762 3123 interpretationem
2784 3090 2800 3116 ,
2832 3050 3090 3105 Dominus
3135 3051 3363 3119 possedit
3396 3065 3496 3107 me.

1944 3143 2133 3214 Magna
2166 3143 2429 3213 siquidem
2466 3142 2560 3197 Dei
2600 3142 2873 3213 possessio
2899 3182 2912 3206 ,
2963 3152 3079 3197 erat
3106 3142 3274 3196 Filius
3315 3143 3502 3212 unige-

1943 3235 2089 3288 nitus
2121 3251 2136 3289 :
2171 3249 2238 3288 eo
2261 3236 2403 3303 quod
2435 3249 2499 3289 ex
2527 3236 2644 3304 ipso
2669 3238 2879 3305 genitus
2899 3233 3066 3289 Filius
3097 3242 3217 3288 erat
3245 3234 3362 3302 ejus
3393 3249 3409 3288 :
3437 3250 3502 3288 eo

1943 3336 2122 3378 autem
2149 3327 2290 3393 quod
2329 3324 2578 3379 omnibus
2617 3325 2903 3394 proficiens
2935 3333 2989 3379 et
3015 3325 3241 3379 salutem
3267 3322 3502 3378 aﬂ‘ereus

1944 3415 2393 3478 constituebatur,
2445 3415 2677 3468 maxima
2732 3424 2786 3470 et
2843 3425 2961 3469 erat
3009 3424 3065 3469 et
3119 3415 3502 3468 nominabatur

1945 3509 2210 3576 possessio
2258 3506 2341 3560 sui
2390 3505 2588 3562 Patris.
2615 3504 2797 3574 Neque
2829 3505 2972 3559 enim
3011 3505 3146 3574 patri
3198 3505 3368 3572 magis
3414 3503 3503 3558 bo.

1945 3598 2198 3653 norabilis
2236 3607 2295 3655 et
2335 3607 2489 3668 grata
2534 3597 2818 3668 contigerit
2869 3597 3137 3666 possessio
3163 3635 3178 3660 ,
3215 3610 3376 3664 quam
3418 3604 3503 3649 est

1953 3689 2112 3744 ﬁlius.
2155 3690 2306 3746 Unde
2343 3699 2398 3745 et
2444 3690 2613 3744 Adam
2651 3688 2740 3743 ille
2782 3687 3146 3757 protoplastes
3171 3728 3185 3752 ,
3226 3701 3350 3741 cum
3393 3686 3502 3754 pri-

1945 3798 2088 3836 mum
2121 3783 2431 3851 possederat
2481 3782 2692 3846 (ilium,
2742 3790 2798 3834 ut
2860 3782 3018 3834 homo
3063 3777 3235 3842 dixit,
3280 3776 3499 3831 Ροεηάί

1945 3874 2202 3927 hominem
2249 3890 2280 3928 a
2311 3872 2414 3927 Deo
2439 3874 2482 3928 ’.
2532 3872 2632 3930 Ubi
2676 3873 2726 3926 in
2772 3871 2996 3926 Hebrzeo
3023 3881 3107 3926 est
3138 3885 3233 3941 pro
3273 3868 3499 3938 possedi,

1945 3963 2140 4016 canitlti
2184 3973 2285 4018 :et
2320 3978 2418 4032 pro
2452 3965 2702 4031 possedit,
2747 3979 2898 4020 cana.
2949 3960 3038 4017 Sic
3085 3963 3150 4016 de
3193 3961 3502 4015 Abrahamo

1945 4064 2264 4124 usurpatur:
2289 4055 2420 4125 Ager
2443 4071 2592 4124 quem
2621 4055 2848 4124 possedit
2879 4054 3140 4108 Abraham
3160 4070 3174 4118 ;
3194 4053 3246 4107 in
3279 4051 3504 4108 Hebraeo

1944 4157 2026 4201 est
2065 4163 2220 4212 cana,
2249 4162 2366 4215 qua:
2398 4158 2482 4202 est
2510 4148 2696 4201 eadem
2727 4162 2832 4200 vox
2859 4155 3112 4216 usurpata
3141 4147 3214 4210 in,
3249 4145 3501 4199 Dominus

1943 4239 2171 4306 possedit
2219 4253 2300 4292 me
2349 4239 2664 4308 principium
2718 4240 2919 4293 viarum
2971 4253 3186 4292 suarum
3235 4235 3303 4289 ad
3344 4251 3501 4304 opera

1945 4342 2062 4380 sua.
2115 4326 2265 4382 Unde
2291 4342 2413 4381 cum
2450 4329 2644 4383 ibidem
2685 4345 2784 4382 vox
2817 4345 2950 4382 cana
2996 4327 3096 4393 sit,
3135 4325 3506 4395 conspiranter

288 4421 391 4474 τὸν
417 4421 599 4489 ἀγρὸν
655 4419 727 4473 ὃν
783 4418 1078 4487 ἐκτήσατο
1128 4415 1391 4484 Ἀϐραὰμ,
1425 4412 1539 4466 ἀνθ’
1572 4404 1633 4465 οὗ
1667 4411 1726 4464 τὸ
1763 4411 1841 4463 'E-

1947 4433 2137 4473 omnes
2182 4419 2465 4473 reddidere
2511 4420 2839 4489 interpretes
2896 4418 3144 4487 possedit.
3198 4415 3330 4470 Illud
3373 4428 3505 4468 vero

285 4514 506 4586 δραῖκὸν
535 4513 688 4568 κάνα
710 4511 980 4584 περιέχειο
1012 4511 1114 4581 τῆς
1145 4509 1313 4579 αὐτῆς
1354 4507 1553 4571 λέξεως
1586 4503 1841 4576 κειμένης

284 4607 414 4676 παρ’
449 4605 713 4676 Ἑὸραίοις
734 4605 824 4658 καὶ
851 4605 908 4656 ἐν
935 4601 1032 4671 τῷ,
1069 4603 1280 4669 Κύριος
1323 4598 1522 4652 ἐκτισέ
1548 4613 1623 4666 με
1648 4595 1842 4666 ἀρχὴν

283 4694 440 4750 ὁδῶν
461 4696 646 4750 αὐτοῦ
665 4698 752 4761 εἰς
777 4695 918 4764 ἔργα
931 4693 1135 4748 αὐτοῦ.
1154 4693 1263 4745 Καὶ
1279 4688 1508 4745 ἐνταῦθα
1527 4688 1635 4759 γὰρ
1651 4688 1841 4758 κειμέ-

281 4805 380 4859 νης
400 4789 500 4857 τῆς
529 4788 683 4842 κάνα
709 4787 923 4854 λέξεως,
945 4785 1026 4848 τὸ,
1049 4784 1365 4852 ἐκτήσατο,
1394 4782 1591 4844 πάντες
1616 4779 1839 4851 συμφώ-

281 4896 388 4944 νως
415 4879 768 4934 ἐκδεδωκασιν
792 4882 838 4933 οἱ
887 4875 1210 4951 ἐρμτινευταί
1231 4892 1244 4905 ’
1283 4875 1346 4928 τὸ
1390 4873 1445 4926 δὲ
1482 4871 1615 4942 (71),
1637 4872 1840 4926 ἔκτισε

1947 4509 2216 4574 condidit,
2271 4510 2513 4580 rejicitur
2566 4513 2634 4565 ab
2686 4512 2945 4577 Hebraeis,
3003 4526 3101 4564 nec
3148 4509 3198 4562 in
3252 4507 3503 4578 presenti

1945 4600 2208 4668 scriptura
2239 4602 2520 4672 reperitur.
2557 4603 2858 4656 Plurimum
2908 4617 3037 4656 vero
3083 4599 3261 4654 diil'ert
3298 4597 3502 4664 ἔκτισε,

1946 4692 2140 4746 creavit
2199 4702 2253 4748 et
2301 4694 2601 4766 ἐκτήσατο,
2631 4694 2856 4764 possedit
2884 4709 2903 4748 :
2931 4708 3051 4748 cum
3080 4691 3205 4746 illud
3237 4687 3507 4759 signiﬁcet

1946 4783 2214 4838 communi
2251 4785 2490 4851 notione,
2524 4796 2898 4842 creaturarum
2924 4795 3262 4852 processum,
3294 4778 3360 4832 de
3396 4793 3502 4832 non

1947 4887 2064 4930 esse
2111 4877 2178 4931 ad
2231 4877 2526 4932 subsistere
2568 4896 2583 4931 :
2621 4878 2724 4932 hoc
2776 4890 2903 4930 vero
2952 4872 3027 4927 rei
3080 4869 3505 4943 praaexsisteutis

355 5048 414 5106 »14
445 5043 541 5098 Ed.
572 5039 765 5108 Paris.,
796 5056 915 5111 pag.
949 5039 1070 5096 155.
1147 5037 1167 5069 ⁸
1197 5037 1349 5092 Prov.
1379 5050 1496 5099 vtn,
1532 5032 1617 5095 l5,
1652 5030 1738 5085 16.
1812 5033 1832 5064 ⁷

1943 5032 1986 5086 d.
2018 5031 2102 5084 i7.
2178 5031 2200 5063 ⁸
2236 5030 2359 5086 ibid.
2392 5032 2482 5088 20.
2555 5034 2576 5066 ’
2611 5032 2744 5089 Gen.
2782 5046 2854 5097 tv,
2881 5030 2932 5085 i.

490 5217 655 5299 Y'ulgo
688 5217 1002 5299 παρίστησι.

379 5287 467 5358 69)
498 5287 660 5358 vulgo
693 5287 800 5341 oni.
834 5287 950 5343 τοῦ.

485 5357 667 5432 ΧιιΙεο
705 5361 733 5412 ὁ
764 5358 1164 5432 διατιλάμενος.

351 5425 463 5498 (71)
483 5428 739 5499 Ἕκτισε.
762 5427 852 5481 Sic
868 5425 1168 5499 legendum,
1184 5426 1429 5499 provulg.
1450 5425 1835 5498 ἐκτησε.ῐῖοοιο

278 5497 542 5554 Eusebius
571 5498 642 5550 ait
675 5497 953 5565 legendum
983 5497 1068 5552 ltic
1108 5497 1356 5563 possedit,
1375 5507 1427 5550 et
1443 5512 1544 5549 non
1567 5497 1830 5551 condidit.

280 5567 434 5622 Libet
464 5567 755 5631 ascribere,
785 5584 902 5633 quae
930 5568 1092 5621 Basil.
1137 5567 1295 5621 habet
1335 5569 1423 5619 lib.
1465 5583 1522 5627 tt,
1549 5577 1685 5620 cont.
1721 5565 1833 5618 En-

283 5654 420 5721 nont.
467 5635 692 5721 Ἑγὼῃδέ
721 5638 889 5721 πολλα
936 5637 1072 5708 ἔχων
1100 5640 1278 5721 ,εἰπεῖν
1335 5637 1462 5710 περὶ
1501 5638 1607 5721 πῆς
1652 5635 1834 5721 movi-1.:

283 5708 498 5779 ταύτης,
522 5707 653 5778 μηδὲ
666 5710 839 5761 ἐκεῖνο
863 5706 1118 5780 ἀπαρασή
1129 5725 1320 5778 μαντον
1362 5706 1682 5776 καταλείψω.
1713 5707 1832 5757 Ὀτι

1946 5217 2092 5289 ἄλλοι
2123 5215 2228 5270 τῶν
2278 5215 2676 5289 ἐρ-μηνέωνηοῐ
2729 5205 3197 5289 καιριώτερονπῆς
3237 5202 3509 5289 cruciarias

1939 5288 2046 5372 τῶν
2087 5275 2386 5372 Ἐϐραξκῷν
2408 5275 2784 5368 καθικόμενοι,
2820 5275 3110 5372 Lemma
3140 5293 3233 5372 με-

1940 5358 2150 5429 ἔκτισεν
2185 5343 2544 5429 ἐκδεδιῦκασιν
2563 5372 2576 5385 ο
2607 5343 2744 5429 ὅπερ
2776 5343 3233 5429 μέγεστοναύτοῖς
3255 5343 3508 5429 ἐμπόδιρν

1940 5411 2090 5481 ἔσται
2125 5429 2260 5499 πρὸς
2307 5427 2403 5499 τὴν
2440 5411 2787 5499 βλασφημίαν
2823 5411 2918 5499 τοῦ
2964 5411 3299 5499 κτίσματοςί
3398 5411 3504 5499 γςξρ

1940 5499 2129 5559 εἰπὼν,
2160 5482 2473 5567 ἐκτησάμην
2491 5482 2790 5567 ἄνθρωπον
2818 5489 2904 5543 διὰ
2927 5488 3019 5567 τοῦ
3060 5482 3214 5567 Θεοῦ,
3239 5482 3360 5555 οὐχὶ
3385 5482 3503 5567 κτιί-

1940 5585 2039 5632 σας
2063 5553 2152 5621 τδν
2185 5553 2345 5630 Καΐν,
2370 5553 2514 5620 ’ἀλλὰ
2548 5553 2831 5633 γεννήσας,
2864 5559 3034 5632 ταύτῃ
3071 5553 3336 5627 φαίνεται
3367 5553 3503 5624 χρή-

1943 5655 2170 5707 σαμενος
2188 5641 2251 5708 τῇ
2276 5639 2443 5706 φωνῇ.
2485 5634 2551 5687 Μ.
