4086 6208
535 5720 542 5727 ι

595 323 697 380 979

1256 318 1527 376 EUSEBII
1562 314 2036 371 CESARIENSIS
2070 313 2143 369 OE

2260 312 2441 368 rans
2478 313 2564 369 iv.
2605 346 2672 355 -
2712 312 3133 372 DOGMATICA.
3196 301 3201 305 ’

3720 312 3806 370 εει

595 441 1032 513 possessionem,
1079 448 1135 492 et
1182 437 1563 507 proprietatem
1595 433 1922 504 peculiarem
1980 432 2143 501 possi-

2255 430 2654 502 παραλέλεκται
2717 434 2843 502 παρ’
2883 430 3174 502 Ἑϐραίοις,
3228 428 3364 500 ὅπερ
3417 428 3480 481 ού
3519 430 3699 482 κεῖται
3734 429 3813 481 ἐπὶ

593 536 791 591 dentis.
826 532 1074 599 lnquiens
1101 529 1220 583 ideo
1251 530 1345 584 Dei
1376 528 1580 594 Filius,
1620 526 1873 580 Dominus
1921 525 2152 580 condidit

594 644 677 682 me
706 624 1018 695 principium
1046 622 1253 675 uiarum
1283 636 1504 673 suarum
1537 620 1607 673 ad
1639 633 1796 686 opera
1832 636 1962 685 sua,
1992 620 2153 674 simul

596 727 653 771 et
678 716 796 785 ejus
825 713 1028 768 indicat
1062 711 1555 782 prmexsistentiam
1578 749 1594 775 ,
1643 720 1697 765 et
1735 712 2056 781 peculiarem
2086 712 2154 766 ad

592 809 811 866 Patrem
858 807 1283 877 proprietatem;
1328 818 1534 859 necnon
1583 803 1868 858 utilitatem
1899 808 1957 866 >14
1989 818 2150 872 quam

593 904 818 967 paterna
858 897 974 965 ejus
1020 910 1182 966 opera
1212 935 1228 960 ,
1281 895 1348 949 de
1397 894 1540 949 illius
1585 894 2051 948 administratione
2099 903 2154 949 et

595 990 934 1058 providentia
962 999 1281 1059 perceptura
1315 997 1472 1042 erant
1512 1006 1527 1044 :
1568 988 1691 1043 inde
1718 998 1769 1042 et
1805 985 1987 1054 infert,
2018 986 2151 1040 Ante

592 1080 786 1136 sarcula
817 1081 1053 1151 [undavit
1079 1097 1181 1136 me.
1216 1079 1285 1134 In
1318 1077 1576 1149 principio
1609 1082 1912 1149 priusquam
1957 1089 2150 1132 terram

592 1179 781 1247 faceret
804 1217 819 1242 ,
843 1185 1119 1245 antequam
1146 1174 1432 1243 prodierint
1467 1172 1635 1241 fontes
1652 1187 1910 1240 aquarum
1932 1185 1951 1223 :
1977 1169 2152 1240 prius-

590 1285 747 1339 quam
781 1277 980 1321 montes
1012 1263 1393 1329 stabilirentur,
1439 1271 1560 1316 ante
1584 1278 1759 1317 omnes
1796 1260 1953 1315 colles
1971 1259 2149 1329 genuit

590 1377 673 1415 me
706 1360 773 1414 ¹⁹.
805 1358 1008 1426 Quibus
1030 1355 1259 1426 singulis
1286 1353 1618 1418 declaratur,
1659 1368 1822 1422 quam
1872 1351 2034 1406 fuerit
2063 1351 2149 1406 ille

592 1449 739 1505 utilis
782 1457 836 1504 et
880 1446 1215 1502 necessarius
1260 1460 1439 1499 rerum
1473 1444 1808 1499 universitati
1848 1461 1862 1497 :
1896 1446 2149 1500 docetur-

589 1554 695 1607 que
720 1538 860 1610 quod
884 1548 939 1593 et
954 1544 1090 1601 erat,
1115 1545 1171 1591 et
1189 1544 1316 1590 ante
1345 1546 1483 1599 erat,
1506 1543 1559 1589 et
1591 1543 1716 1589 ante
1743 1535 1997 1588 mundum
2025 1534 2145 1589 uni-

586 1645 803 1686 versum
843 1629 1190 1695 subsistebat,
1259 1637 1315 1685 et
1339 1628 1499 1685 rebus
1534 1629 1782 1685 omnibus
1806 1628 2147 1699 praesidebat.

586 1723 720 1778 Cum
771 1722 913 1778 enim
949 1723 1002 1777 in
1044 1722 1267 1777 historia
1303 1722 1597 1778 creationis
1618 1720 1794 1778 Moses
1822 1722 2148 1791 supercalc-

2252 526 2352 595 τῆς
2411 524 2776 596 προκειμένης
2823 524 3058 594 γραφῆς.
3117 521 3346 592 Πλείοτη
3406 521 3453 574 δ’
3500 520 3567 575 ἂν
3615 519 3820 589 γένοιτο

2251 614 2367 683 τοῦ,
2398 617 2619 681 ἔκτισε,
2644 613 2883 678 itaita-06,
2912 613 3229 681 ἐκτήσατο,
3258 612 3489 684 διαφορά
3509 612 3588 683 τῷ
3601 611 3705 682 τὴν
3732 613 3821 682 μὲν

2252 710 2426 765 κτίσιν
2445 708 2587 764 κατά
2610 709 2706 781 τὴν
2738 709 3047 778 κοινοτέραν
3069 706 3328 773 διάνοιαν,
3355 706 3453 777 τὴν
3480 707 3545 759 ὲκ
3590 706 3686 759 τοῦ
3752 705 3821 775 μὴ

2250 803 2399 865 ὄντος
2432 803 2512 864 είς
2540 801 2602 854 τὸ
2622 796 2760 855 εἶναι
2795 799 3023 872 πάροδον
3060 798 3343 869 σημαίνειν
3360 815 3373 828 ο
3402 796 3499 869 τὴν
3522 797 3580 850 δὲ
3606 797 3821 868 κτῆσιν,

2249 892 2343 947 τοῦ
2371 892 2817 965 προϋπάρχοντος
2861 890 3163 955 ἰδιάζουσαν
3200 890 3507 959 οἰκειότητα
3553 889 3692 960 πρὸς
3734 888 3823 941 τὸν

2249 983 2541 1055 κτώμενον.
2596 983 2783 1052 Λέγων
2814 982 2991 1037 τοίνυν
3022 984 3050 1035 ὁ
3090 982 3219 1044 Υἱὸς
3251 979 3346 1034 τοῦ
3374 979 3505 1033 Θεοῦ
3559 980 3642 1043 τὸ,
3695 980 3823 1033 Κύ-

2244 1094 2374 1144 ριος
2397 1074 2680 1146 ἕκτισέμε
2703 1075 2900 1145 ἀρχὴν
2927 1073 3082 1129 ὁδῶν
3102 1073 3287 1129 αὑτοῦ
3318 1076 3401 1139 εὶς
3432 1074 3574 1143 ἔργα
3598 1072 3822 1142 αὑτοῦ,

2248 1167 2381 1240 ὁμοῦ
2441 1169 2534 1222 καὶ
2596 1169 2695 1239 τὴν
2753 1168 3094 1240 προῦπαρξιν
3133 1165 3297 1219 αὑτοῦ
3346 1164 3520 1238 ἐδήλου
3576 1165 3672 1218 καὶ
3716 1164 3823 1238 τὴν

2251 1260 2554 1326 ἰδιάζουσαν
2588 1260 2725 1332 πρὸς
2777 1259 2868 1312 τὸν
2900 1257 3118 1330 Πατέρα
3158 1257 3461 1328 οἰκειότητα
3484 1298 3499 1320 ,
3538 1255 3674 1326 ὁμοῦ
3720 1256 3825 1310 καὶ

2246 1350 2308 1404 τὸ
2331 1352 2596 1422 χρήσιμον
2623 1349 2716 1403 καὶ
2743 1349 3032 1418 ἀναγκαῖον
3049 1348 3147 1419 τῆς
3175 1347 3401 1410 οἰκείας,
3428 1346 3550 1418 περὶ
3585 1344 3651 1399 τὰ
3704 1362 3824 1399 πα-

2248 1444 2397 1516 τρῷα
2428 1443 2585 1516 ἔργα,
2639 1442 2895 1514 προνοίας
2956 1458 3016 1494 τε
3047 1441 3141 1494 καὶ
3180 1441 3514 1512 διοικήσεως.
3563 1439 3648 1491 Διδ
3679 1438 3823 1508 ἑξῆς

2248 1538 2460 1608 ἐπάγει,
2508 1535 2628 1605 Πρὸ
2653 1534 2759 1589 τοῦ
2781 1532 2997 1600 αἰῶνος
3031 1531 3387 1602 ἐθεμελίωσέ
3412 1548 3490 1600 με
3508 1547 3523 1560 ’
3554 1531 3622 1583 ἐν
3653 1528 3822 1600 ἀρχῇ

2248 1628 2361 1700 πρὸ
2397 1628 2503 1683 τοῦ
2528 1627 2642 1695 τὴν
2672 1623 2785 1696 τῆν
2809 1624 3075 1694 ποιῆσαι,
3096 1623 3208 1694 πρὸ
3231 1624 3338 1678 τοῦ
3363 1623 3676 1693 προελθεῖν
3710 1624 3826 1691 τὰς

2249 1721 2445 1792 πηγὰς
2491 1719 2608 1773 τῶν
2658 1718 2892 1774 ὑδάτων
2908 1734 2922 1748 ·
2978 1716 3091 1786 πρὸ
3149 1715 3255 1771 τοῦ
3303 1716 3410 1785 ὄρη
3430 1714 3819 1784 ἑδρασθῆναι,

585 1815 748 1869 stium
778 1825 833 1871 et
880 1816 1227 1872 invisibilium
1283 1824 1605 1885 potestatum
1660 1816 1987 1870 mentionem
2036 1830 2141 1869 non

2245 1814 2357 1883 πρὸ
2382 1811 2492 1884 (72)
2541 1809 2898 1865 δὲ’-πάντων
2937 1806 3184 1874 ﬂow-(Br
3236 1806 3422 1877 γεννᾷ
3453 1823 3561 1876 με·
3620 1807 3689 1861 δι’
3742 1801 3821 1862 ὧν

588 1908 807 1964 iecisset
826 1909 1049 1963 omnino
1072 1909 1271 1975 ullam,
1299 1916 1520 1976 propter
1546 1905 1757 1961 illorum
1784 1904 2148 1976 imperfectio-

582 2013 707 2053 nem
738 2000 827 2068 qui
852 2000 1130 2054 erudiendi
1157 2007 1314 2053 erant
1342 2013 1437 2067 per
1465 1996 1612 2050 illum
1649 2012 1664 2050 :
1693 2008 1750 2050 at
1790 1997 1974 2051 mundi
2004 1996 2145 2050 invi-

584 2091 760 2147 sibilis
782 2093 1188 2161 productionem
1215 2091 1389 2145 obiret
1412 2098 1467 2143 et
1491 2100 1724 2157 quatuor
1753 2089 2143 2145 elementorum

581 2182 805 2237 fecisset
834 2182 888 2236 in
917 2181 1181 2251 principio
1211 2180 1541 2235 mentionem
1582 2180 1728 2243 coeli,
1760 2190 1937 2246 terrae,
1967 2180 2145 2250 abyssi

582 2284 640 2328 et
669 2287 842 2342 aquae,
871 2273 1095 2328 istorum
1126 2271 1230 2327 duo
1255 2287 1285 2325 a
1313 2272 1421 2328 Deo
1450 2283 1629 2328 creata
1663 2273 1797 2326 dixit
1826 2290 1841 2327 :
1871 2287 1994 2326 nam
2045 2273 2144 2336 ait,

579 2367 648 2424 In
669 2367 923 2438 principio
940 2365 1130 2420 creavit
1169 2362 1305 2419 Deus
1341 2364 1527 2419 coelum
1547 2375 1595 2419 et
1622 2376 1816 2420 terram
1838 2365 1902 2419 εί.
1938 2365 2005 2419 At
2039 2378 2143 2419 non

580 2459 648 2514 ad
692 2459 835 2513 hunc
880 2458 1096 2512 modum
1145 2456 1214 2512 de
1255 2471 1397 2526 aqua
1432 2466 1488 2512 et
1534 2458 1728 2529 abysso
1766 2457 1972 2513 locutus
2015 2469 2139 2515 est:

578 2548 733 2619 quasi
763 2558 818 2603 et
841 2548 928 2602 illa
956 2562 987 2603 a
1031 2547 1141 2602 Deo
1164 2548 1420 2617 producta
1440 2548 1626 2603 fuisset
1661 2567 1676 2604 :
1706 2551 1799 2604 sed
1824 2549 2142 2620 simpliciter

579 2643 716 2717 dixit
743 2680 761 2706 ,
794 2639 861 2695 Et
897 2643 1121 2696 tenebrae
1171 2651 1318 2694 erant
1351 2656 1506 2709 super
1538 2641 1779 2710 abyssum
1807 2681 1822 2703 ,
1849 2653 1895 2695 et
1925 2643 2142 2711 spiritus

575 2734 676 2790 Dei
719 2734 985 2804 ferebatur
1021 2750 1177 2803 super
1210 2752 1377 2805 aquas
1412 2735 1477 2792 “.
1521 2733 1840 2790 Necessario
1881 2749 1975 2803 per
2003 2750 2142 2804 pra:-

576 2826 720 2880 dicta
753 2824 973 2890 docuit,
1008 2835 1064 2879 ut
1091 2835 1146 2880 et
1170 2825 1337 2880 Filius
1380 2826 1511 2888 Dei,
1562 2826 1702 2894 quod
1744 2827 1929 2895 genita
1960 2837 2138 2893 erant,

574 2926 634 2972 et
669 2920 812 2989 quod
842 2919 958 2988 ipse
975 2929 1101 2972 ante
1129 2919 1219 2971 illa
1252 2918 1431 2971 omnia
1454 2918 1555 2971 fuit
1584 2935 1598 2973 :
1627 2926 1679 2972 et
1704 2934 1797 2988 per
1829 2920 1999 2983 ipsum
2025 2937 2142 2975 om-

572 3010 668 3063 nia
718 3008 934 3064 condita
970 3018 1137 3063 sunt:
1171 3008 1291 3062 ideo
1335 3007 1450 3073 ait,
1496 3008 1631 3061 Ante
1671 3010 1863 3063 saecula
1905 3009 2140 3078 fundavit

575 3117 659 3155 sue
682 3140 698 3162 .
750 3101 805 3154 in
848 3100 1108 3170 principio
1134 3137 1148 3162 ,
1181 3099 1483 3169 priusquam
1527 3109 1716 3152 terram
1758 3103 1998 3155 conderet
2031 3119 2051 3156 :
2089 3114 2138 3157 et

2248 1906 2502 1960 ἁπάντων
2522 1903 2584 1956 τὸ
2613 1902 2674 1967 ἐξ
2702 1901 2865 1956 αὐτοῦ
2905 1900 3177 1963 λυσιτελὲς
3226 1899 3322 1952 καὶ
3355 1900 3653 1968 ἀναγκαῖον
3704 1903 3823 1964 τοῖς

2247 1999 2410 2051 πᾶσιν
2437 1995 2794 2049 ὲνδείκνυται’
2832 1995 2913 2047 ὃτι
2943 2010 3003 2047 τε
3042 1989 3130 2064 ἦν,
3162 1994 3257 2048 καὶ
3308 1993 3522 2065 προῆν,
3581 1995 3676 2047 καὶ
3722 1994 3821 2048 τοῦ

2246 2089 2557 2160 σύμπαντος
2614 2088 2818 2159 κόσμου
2880 2086 3198 2159 προϋπῆρχε
3253 2102 3313 2138 τε
3374 2086 3469 2140 καὶ
3523 2087 3824 2157 καθηγεῖτο

2243 2181 2553 2250 ἀναγκαίως
2592 2179 2881 2235 διδάσκων.
2940 2181 3182 2243 Μωσέως
3205 2179 3337 2253 γὰρ,
3385 2181 3444 2233 ἐν
3491 2183 3558 2251 τῇ
3610 2198 3818 2253 κοσμο-

2243 2273 2394 2346 ποιίᾳ
2422 2272 2531 2327 τῶν
2568 2273 2666 2344 μὲν
2692 2271 3075 2344 ὑπερκοσμίων
3125 2272 3221 2327 καὶ
3268 2270 3488 2340 ἀφανῶν
3531 2272 3815 2343 δυνάμεων

2246 2365 2511 2437 μηδεμίαν
2574 2365 2789 2437 μνήμην
2820 2363 3183 2435 πεποιημένου
3236 2364 3324 2419 διά
3380 2364 3442 2418 τὸ
3476 2363 3667 2427 ἀτελὲς
3704 2365 3815 2418 τῶν

2240 2456 2309 2510 δι⁹
2337 2454 2500 2510 αὐτοῦ
2533 2455 3093 2525 παιδαγωγουμένων,
3124 2453 3217 2508 τοῦ
3250 2454 3308 2507 δὲ
3363 2453 3554 2526 ὁρατοῦ
3597 2454 3815 2525 κόσμου

2241 2548 2339 2620 τὴν
2377 2546 2630 2604 σύστασιν
2657 2546 3016 2613 διεξελθόντος
3035 2586 3052 2613 ,
3086 2545 3359 2617 τεττάρων
3417 2561 3473 2597 τε
3519 2545 3817 2614 στοιχείων

2241 2644 2300 2696 ὲν
2332 2642 2473 2714 ἀρχῇ
2500 2640 2991 2713 μνημονεύσαντος,
3027 2637 3254 2711 ούρανοῦ
3277 2639 3369 2692 καὶ
3391 2638 3485 2709 γῆς
3516 2637 3610 2690 καὶ
3636 2636 3817 2691 ἀϐύσο

2244 2753 2336 2789 σου
2363 2739 2456 2790 καὶ
2485 2736 2707 2803 ὓδατος,
2750 2737 2967 2792 καὶδύο
3022 2736 3120 2807 μὲν
3172 2734 3495 2806 πεποιῆσθαι
3555 2733 3664 2787 ὑπὸ
3711 2733 3814 2787 τοῦ

2240 2829 2376 2883 Θεοῦ
2406 2831 2516 2900 (75)
2541 2832 2842 2904 εἰρηκότος·
2860 2827 3125 2899 Ἐνάρχῇ
3156 2828 3285 2899 γὰρ,
3309 2828 3490 2898 φησιν,
3520 2827 3818 2895 ἐποίησεν

2241 2924 2275 2975 ό
2294 2922 2431 2988 Θεὸς
2469 2921 2572 2976 τὸν
2601 2921 2862 2991 οὐρανὸν
2877 2920 2975 2976 καί
2997 2919 3110 2988 τὴν
3130 2918 3247 2990 γῆν
3264 2936 3278 2950 ·
3306 2921 3404 2973 οὐκ
3432 2918 3513 2972 ἔτι
3536 2919 3596 2972 δὲ
3615 2919 3815 2990 ὁμοίως

2242 3013 2336 3065 καὶ
2361 3013 2453 3067 ἐπὶ
2469 3016 2562 3067 τοῦ
2595 3013 2782 3077 ὓδατος
2813 3012 3028 3082 καὶτῆς
3054 3011 3291 3066 ἀϐύσσου
3326 3010 3656 3082 μνησθέντος
3674 3051 3691 3075 ,
3736 3010 3815 3074 ὡς

2241 3104 2347 3175 ἄρα
2375 3104 2460 3174 εἴη
2490 3106 2582 3158 καὶ
2613 3104 2786 3158 ταῦτα
2804 3104 3056 3174 γεννητὰ,
3119 3102 3232 3156 ἀλλ’
3265 3102 3451 3166 ἁπλῶς
3508 3103 3812 3172 εἰρηκότος,

573 3193 879 3261 priusquam
897 3193 1108 3262 abyssos
1131 3190 1319 3254 faceret
1337 3207 1356 3244 :
1368 3192 1671 3261 priusquam
1694 3195 2005 3247 seaturirent
2019 3195 2143 3263 [on-

2244 3197 2351 3252 Kai
2374 3199 2592 3262 σκότος
2616 3195 2815 3249 ἐπάνω
2835 3194 2945 3264 τῆς
2963 3195 3258 3260 ἀϐύσσου,
3281 3196 3381 3248 καὶ
3409 3195 3647 3264 πνεῦμα
3665 3194 3810 3248 Θεοῦ

570 3291 649 3337 tes
667 3283 989 3350 aquarum“.
1008 3282 1234 3355 Istorum
1252 3282 1433 3349 trium,
1453 3292 1627 3347 terrae,
1644 3285 1843 3355 abyssi,
1857 3300 2137 3356 aquarum,

2241 3288 2555 3357 ἐπεφέρετο
2583 3285 2782 3341 ἐπάνω
2812 3285 2916 3341 τοῦ
2946 3284 3161 3351 ὕδατος
3178 3326 3193 3348 ,
3226 3284 3538 3353 ἀναγκαίως
3587 3284 3677 3338 διὰ
3700 3284 3807 3337 τῶν

576 3373 718 3428 facta
733 3374 1022 3441 mentione,
1038 3385 1285 3443 quartum
1303 3383 1357 3429 et
1369 3376 1708 3445 praestantius
1723 3377 1789 3431 ad
1813 3388 2137 3444 postremum

2243 3381 2615 3451 προκειμένων
2657 3379 2898 3434 διδάσκει
2941 3378 3034 3433 καὶ
3080 3379 3207 3450 περὶ
3262 3378 3440 3432 αὐτῶν
3485 3381 3516 3432 ὁ
3555 3379 3682 3442 Υἱδς
3710 3378 3797 3431 τοῦ

575 3466 752 3520 locum
774 3458 1095 3533 reservavit,
1127 3466 1319 3523 ctelum
1352 3481 1561 3539 nempe,
1594 3469 1733 3524 unde
1762 3468 1839 3524 ait
1865 3470 2136 3540 deinceps,

2243 3470 2396 3535 Θεοῦ,
2428 3472 2508 3524 ὅτι
2543 3487 2602 3524 τε
2627 3469 2860 3541 γεννητά
2892 3469 3000 3541 εἴη,
3022 3472 3116 3524 καὶ
3142 3470 3218 3534 ὡς
3250 3470 3413 3535 αὐτὸς
3455 3473 3565 3544 πρὸ
3592 3473 3794 3525 πάντων

573 3557 795 3623 Quando
828 3560 1048 3627 parabat
1083 3558 1257 3624 cwlos,
1290 3561 1504 3614 aderam
1532 3577 1636 3614 una
1669 3577 1787 3614 cum
1812 3579 1870 3616 eo
1904 3563 1990 3618 η’.

2243 3562 2466 3634 είηζκαὶ
2489 3564 2555 3617 δι’
2589 3562 2755 3616 αὐτοῦ
2775 3564 2844 3619 τὰ
2869 3562 3048 3617 πάντα
3080 3564 3360 3635 πεποίητο.
3389 3565 3485 3618 Διό
3510 3581 3656 3636 φησι,
3681 3562 3791 3631 Πρὸ

571 3653 678 3705 τοῦ
707 3649 922 3717 αἰῶνος
954 3651 1312 3720 ἐθεμελίωσέ
1340 3668 1437 3720 με·
1468 3651 1539 3705 ἐν
1574 3651 1731 3721 ἀρχῇ
1768 3652 1882 3721 πρὸ
1929 3656 2036 3708 τοῦ
2095 3654 2208 3725 τὴν
2241 3654 2357 3725 γῆν
2377 3654 2621 3724 ποιῆσαι
2641 3672 2654 3686 ⁸
2680 3656 2778 3710 καὶ
2807 3657 2920 3725 πρὸ
2943 3657 3051 3712 τοῦ
3081 3660 3185 3723 τὰς
3212 3658 3528 3725 ἀϐύσσους
3541 3658 3798 3727 ποιῆσαι*

567 3741 681 3810 πρὸ
698 3743 804 3797 τοῦ
833 3742 1146 3811 προελθεῖν
1173 3742 1281 3809 τὰς
1305 3742 1503 3812 πηγὰς
1540 3742 1658 3796 τῶν
1688 3743 1939 3799 ὑδάτων.
1972 3746 2155 3831 Τριῶν
2194 3747 2252 3801 δὲ
2298 3746 2500 3801 τούτων
2519 3748 2915 3820 μνημονεύσας,
2941 3749 3047 3819 γῆς
3075 3751 3169 3803 καὶ
3206 3747 3445 3802 ἀϐύσσου
3475 3751 3572 3804 καὶ
3601 3751 3805 3815 ὓδατος,

567 3834 630 3892 τὸ
659 3836 917 3908 τέταρτον
949 3836 1142 3906 ἐπάγει
1162 3836 1490 3901 τελευταῖον,
1522 3836 1585 3889 τὸ
1627 3841 1871 3908 κρεῖττον
1898 3840 2134 3907 φυλάξας
2161 3843 2251 3899 τὸν
2297 3845 2542 3917 οὐρανόν.
2569 3846 2660 3900 Διὸ
2688 3845 2940 3919 ἐπιφέρει
2973 3846 3120 3917 ἑξῆς,
3166 3846 3374 3901 Ἡνίκα
3400 3848 3677 3915 ἡτοίμαζε
3706 3849 3808 3902 τὸν

568 3932 846 4000 οὐρανὸν,
873 3932 1276 4003 συμπαρήμην
1296 3933 1475 4000 αὐτῷ.

635 4023 765 4090 Quae
792 4037 917 4078 cum
948 4034 1053 4079 tam
1083 4026 1361 4081 evidenter
1387 4026 1440 4080 in
1470 4026 1668 4083 divinis
1701 4027 1993 4100 Scripturis
2013 4048 2139 4102 pro-

567 4124 879 4185 ponantur,
919 4125 973 4172 et
1002 4117 1150 4172 brevi
1207 4117 1439 4188 quadam
1489 4120 1652 4176 veluti
1709 4136 1804 4189 per
1845 4124 2137 4191 epitomen,

569 4207 915 4263 enarratione
944 4209 1051 4263 sint
1088 4225 1118 4264 ιι
1167 4211 1322 4266 nobis
1349 4216 1591 4282 exposita
1623 4253 1638 4278 ,
1695 4215 1976 4272 audiamus
2002 4232 2139 4286 quo-

568 4301 731 4356 modo
762 4300 1042 4357 Marcellus
1070 4344 1084 4367 ,
1112 4303 1317 4372 dejecta
1349 4304 1403 4359 in
1438 4306 1657 4360 humum
1697 4306 2140 4376 interpretatione

567 4409 689 4458 sua,
729 4395 845 4449 haec
882 4396 1063 4450 omnia
1090 4404 1146 4450 et
1175 4396 1387 4467 singula
1415 4397 1481 4451 de
1527 4408 1780 4466 suscepta
1811 4414 1971 4453 carne
2005 4415 2136 4454 con-

566 4484 739 4538 tendit
763 4485 1031 4554 usurpari.
1059 4486 1134 4541 Ita
1161 4488 1302 4543 enim
1322 4488 1512 4543 scribit
1546 4487 1637 4560 [Β.
1655 4487 1817 4553 XVII,
1845 4489 1972 4545 coll.
1994 4504 2045 4558 p.
2066 4490 2136 4545 45

566 4574 674 4649 D]:
711 4595 729 4627 ι
756 4576 866 4633 Hoc
899 4578 965 4632 ad
1003 4577 1143 4633 hunc
1171 4580 1383 4634 modum
1410 4580 1610 4650 posito,
1628 4589 2058 4650 consequensest
2080 4590 2136 4635 ut

571 4686 593 4720 ι
624 4671 1029 4725 consideremus
1050 4669 1393 4727 Prnverbiale
1411 4672 1537 4725 illud
1554 4682 1731 4741 caput,
1751 4671 2002 4726 Dominus
2019 4682 2137 4726 cuu-

573 4779 593 4811 s
628 4761 761 4813 didit
786 4777 865 4814 me
903 4762 1215 4831 principium
1243 4763 1445 4817 viarum
1467 4763 1601 4833 ejus.
1625 4761 1763 4817 Vere
1787 4765 1928 4817 enim
1957 4764 2137 4818 condi-

574 4872 594 4904 ι
625 4852 726 4915 dit,
752 4851 1001 4921 quiquod
1029 4868 1133 4907 non
1151 4853 1437 4919 eratfacit,
1471 4852 1732 4908 Dominus
1758 4865 1943 4908 noster
1970 4853 2128 4908 Deus.
2168 4849 2177 4852 ’

573 4963 591 4994 s
623 4943 851 4999 Carnem
868 4943 1010 4997 enim
1035 4959 1195 5013 quam
1212 4946 1503 5014 assumpsit
1527 4946 1776 5012 Verbum,
1793 4960 1912 4999 cum
1935 4960 2036 4998 non
2055 4958 2135 4998 es-

569 5053 589 5085 ι
629 5045 734 5101 set,
763 5034 1021 5090 condidit.
1059 5054 1077 5085 ι
1099 5034 1165 5088 Ει
1191 5038 1491 5090 subnectit:
1526 5055 1544 5087 ι
1572 5035 1735 5105 Igitur
1757 5035 1810 5089 in
1841 5035 2133 5090 novissimo

570 5143 593 5176 ι
628 5126 1136 5195 maximetempore,
1153 5125 1281 5182 licet
1296 5128 1401 5183 hoc
1420 5144 1612 5183 novum
1636 5130 1949 5200 mysterium
1975 5142 2130 5182 reve-

571 5235 590 5267 s
625 5216 836 5269 labatur
879 5233 894 5269 :
942 5228 1002 5270 ut
1043 5222 1102 5280 >3
1140 5215 1211 5271 ob
1253 5217 1305 5273 id
1349 5217 1518 5287 ipsum
1551 5234 1657 5273 non
1692 5219 1959 5274 immerito
1996 5231 2132 5286 prae-

2308 4034 2520 4090 Τούτων
2571 4034 2750 4088 τοίνυν
2806 4033 2911 4086 ὑπὸ
2978 4032 3077 4103 τῆς
3108 4032 3256 4096 θείας
3306 4033 3527 4105 Γραφῆς
3562 4036 3813 4106 ἐναργῶς

2239 4125 2676 4197 παρισταμένων,
2714 4123 2969 4196 βραχείας
2999 4139 3059 4176 τε
3090 4124 3218 4194 παρ’
3249 4122 3424 4194 ἡμῶν,
3457 4124 3533 4186 ὡς
3575 4124 3635 4176 ὲν
3683 4127 3814 4177 ἐπι-

2235 4218 2397 4287 τομῇ,
2444 4215 2742 4287 διηγήσεως
2781 4215 3153 4285 τετυχηκότων
3171 4254 3185 4277 ,
3220 4214 3600 4285 ἐπακούσωμεν
3647 4214 3813 4281 ὅπως

2235 4308 2567 4380 Μάρκελλος,
2603 4309 2776 4379 χαμαί¹
2800 4307 2976 4379 βαλὼν
3004 4308 3100 4379 τὴν
3126 4307 3363 4361 διάνοιαν
3380 4345 3395 4369 ,
3420 4304 3588 4358 ταῦτα
3618 4307 3813 4361 πάντα

2234 4399 2618 4472 διῖσχυρίζεται
2655 4401 2781 4471 περὶ
2809 4399 2909 4470 τῆς
2943 4399 3145 4472 σαρκὸς
3171 4399 3450 4470 εἰρῆσθαι,
3480 4393 3547 4470 ἧς
3579 4399 3813 4472 ἀνείλη-

2236 4507 2334 4560 φεν
2362 4492 2390 4543 ὁ
2418 4490 2605 4563 Σωτὴρ
2629 4531 2643 4555 ,
2666 4490 2891 4562 γράφων
2922 4490 3062 4544 κατὰ
3084 4489 3228 4557 λέξιν
3260 4490 3445 4544 τοῦτον
3461 4490 3557 4543 τὸν
3577 4491 3809 4561 τρόπον*

2241 4603 2259 4633 ι
2290 4582 2488 4635 Τούτου
2520 4582 2696 4636 τοίνυν
2723 4582 2894 4647 οὕτως
2915 4581 3128 4654 ἔχοντος
3147 4623 3162 4646 ,
3195 4583 3485 4637 ἀκόλουθόν
3522 4586 3640 4637 ἐστι
3680 4600 3813 4639 σκο-

2240 4692 2258 4724 σ
2296 4675 2415 4725 πεῖν
2438 4675 2509 4743 τῇ
2523 4672 2726 4744 διανοίᾳ
2778 4673 2839 4726 τὸ
2890 4672 3271 4745 παροιμιωδῶς
3313 4673 3621 4744 εἰρημένον,
3654 4677 3812 4729 τουτὶ

2239 4784 2257 4815 ι
2279 4764 2589 4833 κεφάλαιον,
2616 4765 2829 4833 Κύριος
2872 4764 3074 4818 ἐκτισέ
3090 4780 3167 4834 με
3193 4764 3390 4833 ἀρχὴν
3403 4763 3558 4819 ὁδῶν
3593 4767 3807 4820 αὐτοῦ.

2239 4872 2259 4905 ι
2280 4854 2497 4907 ’Έκτισε
2518 4853 2625 4926 γὰρ
2655 4852 2868 4925 ἀληθῶς
2894 4854 2956 4907 τὸ
2984 4854 3057 4926 μὴ
3072 4854 3133 4907 ὃν
3158 4853 3471 4923 πεποιηκὼς
3486 4854 3810 4925 δΔεστεότης

2240 4963 2258 4995 ι
2286 4948 2318 5016 ή
2328 4944 2443 5016 μῶν
2470 4947 2500 4998 δ
2541 4946 2690 5009 Θεός.
2726 4946 2839 4999 Ούκ
2867 4941 3033 4999 οὖσαν
3055 4944 3165 5017 γὰρ
3194 4946 3295 5015 τὴν
3326 4944 3524 5015 σάρκα.
3555 4944 3626 5015 ἥν
3652 4944 3808 4996 ἀνεί-

2238 5054 2257 5086 ι
2293 5035 2459 5105 ληφεν
2494 5034 2523 5085 ὁ
2549 5034 2740 5102 Λόγος,
2760 5033 2893 5087 ἀλλά
2923 5033 2996 5105 μὴ
3027 5030 3192 5089 οὖσαν
3210 5034 3412 5087 ἔκτισε.
3443 5053 3465 5086 s
3486 5034 3597 5087 Καὶ
3625 5034 3809 5087 Emis-

2231 5143 2317 5195 γει
2337 5144 2350 5158 θ
2381 5146 2400 5178 ι
2437 5126 2643 5181 Οὐκοῦν
2673 5127 2722 5179 εί
2753 5129 2848 5181 καὶ
2876 5127 2946 5181 τὰ
2997 5126 3232 5198 μάλιστα
3283 5129 3371 5181 ἐπ’
3397 5126 3645 5197 ἐσχάτων
3699 5126 3805 5181 τῶν

2237 5238 2257 5270 s
2296 5218 2501 5290 καιρῶν
2524 5219 2674 5272 τουτί⁵
2699 5218 2884 5272 καινὸν
2927 5218 3177 5290 ἀπεφάνη
3231 5219 3560 5290 μυστήριον·
3600 5218 3681 5280 ὼς
3720 5216 3804 5269 διὰ

571 5326 589 5355 α
629 5307 797 5362 visum
829 5311 1092 5378 propheta
1117 5310 1334 5377 dixerit,
1362 5311 1495 5366 Ante
1523 5312 1716 5367 sacula
1743 5312 1985 5382 [undavit
2018 5327 2128 5377 me,

2243 5329 2258 5363 ι
2300 5309 2457 5364 τοῦτο
2490 5311 2594 5382 πρὸ
2624 5310 2719 5364 τοῦ
2745 5310 2941 5374 αίῶνος
2971 5311 3163 5365 τούτου
3204 5310 3539 5382 προωρίσθαι
3578 5310 3802 5372 εἰκότως

638 5488 699 5563 is
722 5484 1058 5563 _E_d._‘l_’aris.,
1080 5502 1203 5560 pag.
1234 5488 1357 5557 154,
1388 5486 1515 5547 155.

594 5554 638 5586 ⁸³
666 5555 796 5609 inid.
827 5554 916 5609 27.

634 5740 749 5813 (72)
778 5739 945 5812 Vulgo
969 5756 1077 5798 om.
1103 5741 1183 5795 δέ.

1612 5493 1654 5525 ιο
1687 5488 1849 5548 Prov.
1878 5505 1994 5558 vttt,
2028 5489 2123 5558 2'5,
2154 5492 2247 5547 25.

2341 5489 2382 5522 “
2422 5487 2557 5544 Gcn.
2593 5502 2636 5553 ι,
2666 5488 2717 5541 Ι.
2813 5488 2856 5519 η
2882 5487 3009 5542 ibid.
3036 5487 3092 5541 2.
3194 5486 3238 5519 "
3256 5485 3413 5543 Prov.
3440 5499 3557 5547 vui,
3580 5487 3676 5542 33.
3711 5486 3807 5541 ΞΑ.

2306 5745 2415 5818 (7'5)
2444 5742 2609 5814 Vulgo
2637 5740 2912 5813 εἰρηκότα.
2945 5770 3011 5785 -
3032 5739 3159 5798 Cor.
3184 5740 3287 5797 iam
3319 5738 3390 5797 Μ.
3490 5746 3495 5749 ‘

2832 5998 2847 6039 ἱ
