4086 6208
398 221 495 276 931

1336 221 1423 275 DE
1462 215 1996 276 ECCLESIASTICA
2034 215 2438 273 THEOLOGIA
2478 215 2604 272 LIB.
2647 216 2734 272 ill.

3522 221 3626 277 98%

400 354 416 384 ι
451 337 480 388 ὁ
500 335 786 407 προφήτης
811 333 934 404 ἔφη,
953 332 1069 401 Πρὸ
1102 332 1206 387 τοῦ
1237 333 1450 400 αἰῶνος
1473 331 1824 404 ἐθεμελίωσέ
1869 349 1927 400 μί

2032 369 2040 390 ι
2075 348 2092 381 ι
2129 345 2341 385 carnem
2365 344 2556 400 nempe
2589 331 2914 402 intelligens.
2936 349 2953 382 ι
2989 331 3052 385 Et
3087 331 3246 388 infert
3269 333 3460 388 iterum
3482 355 3493 389 :
3518 357 3534 385 ι
3558 336 3625 391 In

396 445 428 479 ι.
454 427 696 497 δηλονότι
716 429 811 498 τὴν
832 425 1022 497 σάρκα.
1038 442 1059 478 ι
1075 426 1184 478 Καὶ
1199 423 1350 491 αὖθις
1365 427 1558 496 ἐπάγει
1575 427 1763 495 λέγων’
1795 443 1814 475 t
1827 419 1927 477 Εἴτε

2065 439 2083 473 ι
2117 423 2394 491 principio,
2418 421 2614 490 inquit,
2645 424 2950 492 priusquam
2985 417 3178 477 terram
3203 425 3462 479 conderet.
3495 425 3627 479 Ter-

395 537 414 570 ι
451 517 621 587 ἐντῇ
647 517 819 588 ἀρχῇ,
852 517 1002 586 φησι,
1043 517 1154 586 πρὸ
1203 517 1308 572 τοῦ
1360 518 1474 586 τὴν
1519 517 1635 588 γῆν
1689 515 1951 586 ποιῆσαι.

397 630 414 661 ι
445 611 554 680 Γῆν
585 611 739 663 ποίαν
763 626 776 674 ;
804 607 1026 678 ταύτην,
1049 609 1308 679 δηλονότι,
1335 611 1431 682 τὴν
1453 612 1726 684 ἡμετέραν
1756 612 1952 684 σάρκα,

398 719 416 751 ι
447 701 542 772 τὴν
576 700 708 771 μετὰ
735 699 829 769 τὴν
860 699 1139 771 παρακοήν
1163 701 1266 771 γῆν
1305 700 1458 765 αὖθις
1496 702 1811 774 γενομένην.
1861 702 1953 772 Γῆ

396 811 416 842 ι
451 794 559 861 γὰρ
588 788 659 855 εἷ,
694 791 825 861 φησὶ
853 829 868 854 ,
919 790 1016 844 καὶ
1055 794 1140 858 εὶς
1195 791 1311 861 γῆν
1355 795 1682 863 ἀπελεύσῃ.
1717 815 1736 846 ι
1791 796 1952 867 Ὁρᾷς

389 884 509 938 ὅσον
541 884 821 955 διήμαρτε,
854 885 951 954 τῆς
987 886 1082 955 μὲν
1111 885 1322 951 εὐθείας
1354 888 1665 960 ὲκτραπεὶς,
1697 891 1952 961 τραχεῖαν

388 977 445 1030 δὲ
467 979 556 1029 καὶ
585 976 976 1039 δύσϐατον,καὶ
1009 976 1196 1050 ὥσπερ
1249 979 1369 1034 τινὰ
1424 981 1736 1053 ἀνεξίτητον
1775 981 1951 1053 ἐαυτῷ

388 1069 706 1139 περινοήσας
738 1068 872 1122 ὁδόν.
903 1069 1009 1123 Θέα
1039 1070 1190 1138 γοῦν,
1228 1072 1374 1136 ὅπως
1417 1072 1730 1138 ἐξεϐιάσατο
1775 1077 1951 1129 πάντα

387 1161 581 1232 μᾶλλον
623 1162 977 1232 ἀναίσχυντον
1006 1164 1101 1216 καὶ
1139 1164 1324 1236 ἀναιδῆ
1358 1165 1511 1234 λόγον
1563 1166 1673 1238 (74)
1723 1168 1952 1238 φθεγγό-

384 1273 558 1326 μενος,
585 1256 618 1324 ή
641 1255 736 1327 τὴν
760 1256 954 1324 Σοφίαν
992 1256 1152 1310 αὐτὸν
1186 1252 1324 1309 εἶναι
1368 1258 1458 1310 τὸν
1489 1258 1615 1312 Υίδν
1660 1259 1754 1312 τοῦ
1813 1260 1946 1314 Θεοῦ

377 1346 674 1417 ὁμολογεῖν.
723 1347 795 1399 Τὸ
836 1347 934 1418 μὲν
965 1343 1080 1412 οὖν,
1129 1349 1342 1417 Κύριος
1395 1348 1596 1403 ἐκτισέ
1633 1367 1710 1419 με
1753 1351 1949 1421 ἀρχὴν

373 1437 530 1492 ὁδῶν
553 1439 736 1494 αὐτοῦ
771 1442 858 1506 εὶς
889 1441 1030 1509 ἔργα
1061 1441 1246 1495 αὐτοῦ
1273 1440 1350 1511 τῷ
1383 1441 1494 1514 (75)
1518 1483 1532 1507 ,
1573 1442 1663 1496 τοῦ
1699 1443 1948 1518 Σωτῆρος

370 1531 630 1603 ἀναφέρει
645 1530 936 1602 προσώπῳ,
955 1531 1226 1603 ὁμολογῶν
1255 1534 1415 1588 αὐτὸν
1434 1529 1572 1588 εἶναι
1603 1534 1694 1588 τὸν
1721 1536 1777 1588 ὲν
1795 1535 1944 1604 Παρ-

368 1623 576 1694 οιμίαις
600 1625 789 1686 ,ταῦτα
827 1626 1118 1695 φάσκοντα.
1153 1626 1314 1696 Λέγει
1347 1627 1389 1679 δ’
1419 1623 1510 1682 οὖν
1550 1629 1731 1692 αὐτοῖς
1765 1630 1944 1699 ῥήμα-

2064 529 2082 562 t
2119 527 2231 564 ram
2264 511 2600 580 quamnam?
2634 523 2870 566 nostram
2923 513 3173 566 nimirum
3202 529 3418 568 carnem
3447 553 3463 580 ,
3504 530 3627 583 quin

2064 619 2082 653 ι
2123 612 2242 672 post
2291 603 2785 672 transgressionem
2842 611 2984 657 terra
3033 605 3245 658 demmu
3303 604 3444 659 facta
3502 605 3621 660 fuit.

2064 713 2080 744 ι
2128 692 2269 746 Nam
2297 704 2438 747 terra
2472 710 2542 757 es,
2578 695 2791 763 inquit,
2826 706 2873 748 et
2910 697 2964 748 in
3018 706 3208 748 terram
3239 695 3559 750 revertere”.
3596 715 3615 748 ι

2060 787 2219 842 Vides
2281 797 2536 856 quantum
2591 787 2679 840 ille
2713 787 2984 842 aberravit
3016 803 3045 841 a
3092 797 3235 842 recta
3275 787 3358 840 via
3412 787 3618 854 devius,

2055 868 2192 933 viam
2254 879 2354 933 sibi
2403 879 2762 934 adinveniens
2807 895 3089 949 asperam,
3135 879 3614 950 impermeabilem,

2055 970 2342 1026 dilliculter
2365 972 2770 1026 transeundam.
2807 971 2940 1026 Vide
2973 989 3101 1044 ergo
3129 973 3359 1042 qualiter
3390 974 3478 1029 ille
3515 976 3618 1029 im-

2053 1063 2319 1134 pudenter
2361 1063 2538 1118 omnia
2571 1075 2625 1118 et
2673 1063 2954 1136 proﬂigato
2991 1067 3189 1136 pudore
3235 1067 3410 1134 potius
3438 1067 3615 1138 eloqui

2053 1158 2264 1234 maluit,
2301 1173 2462 1224 quam
2498 1157 2587 1227 qui
2618 1157 2711 1212 Dei
2746 1157 3021 1228 Sapientia
3063 1166 3177 1225 est,
3212 1169 3269 1213 ut
3295 1159 3487 1214 Filium
3521 1175 3614 1214 ve-

2051 1250 2110 1305 lit
2140 1251 2404 1314 confiteri.
2431 1250 2563 1304 lllud
2589 1267 2714 1322 ergo
2735 1291 2751 1316 ,
2782 1251 3030 1306 Dominus
3075 1253 3268 1306 crearit
3293 1269 3374 1306 me
3415 1255 3613 1322 princi—

2047 1346 2190 1416 pium
2211 1347 2410 1401 viarum
2436 1364 2674 1413 suarum,
2703 1350 2771 1400 ad
2797 1364 2953 1415 Opera
2979 1365 3097 1414 sua,
3119 1349 3182 1402 ad
3214 1363 3495 1419 personam
3525 1363 3611 1403 re-

2051 1439 2173 1492 tulit
2200 1440 2530 1506 Servatoris,
2570 1440 2854 1496 confessus
2903 1442 3051 1497 illum
3082 1444 3328 1498 eumdem
3352 1457 3489 1509 esse,
3518 1445 3612 1512 qui

2049 1532 2102 1586 in
2132 1529 2438 1586 Proverbiis
2469 1533 2581 1587 tunc
2608 1533 2888 1603 profatur;
2915 1535 2988 1588 ait
3012 1535 3173 1602 igitur
3205 1534 3355 1590 hisce
3388 1534 3608 1590 totidem

2048 1623 2226 1677 verbis
2277 1623 2362 1694 [IL
2413 1623 2549 1695 XI]:
2606 1644 2623 1675 ι
2675 1626 2935 1691 Quocirca
2995 1641 3115 1679 cum
3172 1635 3380 1681 vetusta
3428 1627 3608 1682 omnia

370 1731 453 1768 σιν
473 1733 486 1746 ·
529 1736 546 1765 ι
573 1715 778 1769 Οὐκοῦν
803 1717 1026 1781 εἰκότως
1062 1717 1168 1772 τῶν
1200 1718 1441 1790 ἀρχαίων
1473 1719 1927 1792 παρεληλυθότων.

2049 1734 2066 1766 ι
2110 1715 2557 1785 ρι-ίιξῑειίιιιλοτίιιι
2587 1759 2600 1783 ,
2641 1719 2814 1772 futura
2846 1729 3024 1774 autem
3067 1730 3248 1774 essent
3281 1721 3462 1775 omnia
3507 1736 3607 1776 no-

373 1824 390 1856 ι
434 1806 632 1859 καινῶν
659 1807 717 1860 δὲ
744 1806 960 1862 ἔσεσθαι
991 1809 1289 1880 μελλόντων
1317 1812 1571 1866 ἁπάντων
1595 1811 1684 1866 διὰ
1714 1814 1812 1884 τῆς
1844 1813 1936 1866 τοῦ

373 1914 395 1947 ι
425 1896 672 1968 Σωτῆρος
725 1899 884 1970 ἡμῶν
922 1902 1262 1972 καινότητος,
1314 1907 1342 1956 6
1393 1904 1656 1976 δεσπότης
1705 1907 1862 1977 ἡμῶν
1908 1910 1937 1961 ὀ

371 2006 390 2038 ι
424 1989 655 2059 Χριστὸς
707 1989 793 2044 διὰ
843 1990 936 2044 τοῦ
989 1995 1268 2064 προφήτου
1325 1995 1451 2048 ἐϐόα
1498 1995 1691 2064 λέγων,
1719 2000 1936 2066 Κύριος

371 2099 389 2132 ι
423 2079 622 2134 ἔκτισέ
637 2099 715 2151 με
738 2083 934 2152 ἀρχὴν
963 2084 1118 2138 ὁδῶν
1146 2085 1352 2140 αὑτοῦ.
1403 2106 1421 2137 ›
1464 2087 1632 2141 Τοῦτο
1672 2089 1714 2141 δ’
1766 2089 1933 2142 εἰπὼν

365 2173 456 2225 ἰπὶ
475 2174 574 2245 τὴν
620 2174 798 2246 σάρκα
821 2175 913 2228 τοῦ
964 2177 1212 2250 Σωτῆρος
1265 2177 1419 2247 ήμῶν
1474 2178 1802 2234 καταϐάλλει
1835 2180 1932 2252 τὴν

360 2262 626 2329 διάνοιαν,
668 2266 796 2337 ἑξῆς
823 2267 1089 2336 ἐπιλέγων
1115 2285 1127 2298 ⁸
1169 2289 1188 2320 ι
1222 2271 1441 2323 Ἔκτισε
1462 2271 1566 2343 γὰρ
1603 2272 1838 2343 άληθῶς,
1870 2273 1932 2326 τὸ

366 2374 384 2405 ι
416 2357 489 2427 μὴ
523 2356 581 2410 ὃν
628 2358 964 2429 πεποιηκὼς,
990 2363 1018 2413 6
1047 2359 1324 2433 Δεσπότης
1371 2363 1528 2434 ήμῶν
1571 2367 1599 2418 6
1633 2365 1783 2428 Θεός.
1817 2367 1930 2419 Οὐκ

363 2463 382 2495 t
418 2442 579 2501 οὖσαν
605 2447 713 2520 γὰρ
735 2449 833 2520 τὴν
862 2450 1038 2522 σάρκα
1057 2493 1071 2517 ,
1107 2453 1175 2524 ἣν
1206 2454 1492 2526 ἀνείληφεν
1519 2457 1547 2509 ό
1566 2457 1756 2524 Λόγος,
1793 2457 1930 2511 ἀλλὰ

362 2555 381 2590 t
423 2539 498 2611 μὴ
532 2537 694 2595 οὖσαν
722 2542 934 2598 ἔκτισεν
959 2547 1130 2619 ἀρχὴν
1164 2546 1316 2620 [τῶν]
1347 2548 1480 2602 ὁδῶν
1522 2549 1705 2604 αὑτοῦ.
1749 2570 1768 2603 3
1817 2553 1926 2604 Καὶ

353 2633 416 2687 οὐ
443 2637 686 2706 συνίησιν
718 2641 746 2691 6
783 2644 1045 2708 γενναῖος,
1072 2642 1147 2706 ὼς
1177 2643 1273 2713 μία
1311 2661 1396 2707 τις
1427 2644 1693 2716 ἔκφρασις
1724 2648 1818 2700 καὶ
1869 2647 1928 2700 ἓν

357 2727 646 2798 πρόσωπον
685 2733 937 2804 τυγχάνει
961 2734 1022 2788 τὸ
1057 2736 1254 2807 φῆσαν,
1290 2737 1436 2804 Ἐγὼ
1461 2740 1498 2807 ἡ
1525 2740 1732 2808 Σοφία,
1785 2757 1927 2818 «at:

351 2822 677 2891 εσκήνωσα
723 2825 965 2895 ,βουλὴν
995 2870 1010 2894 ,
1059 2831 1152 2882 καὶ
1195 2830 1286 2894 τὸ,
1339 2832 1553 2897 Κύριος
1596 2832 1800 2886 ἐκτισέ
1824 2850 1920 2902 με.

356 2913 523 2968 Ὥστε
553 2912 652 2986 (εὖ)
685 2917 774 2970 ἐπὶ
807 2917 901 2990 τὴν
934 2921 1111 2992 σάρκα
1128 2922 1380 2990 άνάγοιτο
1412 2921 1636 2994 θάτερον
1660 2964 1675 2989 ,
1710 2925 1921 2997 ἀνάγκη

353 3006 450 3059 καὶ
487 3007 548 3060 τὸ
581 3008 796 3079 ἕτερον’
841 3013 933 3064 καὶ
983 3015 1016 3084 ή
1062 3013 1226 3081 Σοφία
1265 3014 1414 3068 ἔσται
1461 3015 1593 3086 seu
1641 3018 1923 3088 ἀμφότερα

352 3096 602 3166 λέγουσα.
638 3101 700 3154 Εἰ
728 3101 784 3154 δὲ
827 3105 858 3174 ἡ
899 3103 1034 3175 σὰρξ
1078 3105 1225 3174 λέγει
1281 3106 1421 3160 κατὰ
1473 3107 1788 3179 Μάρκελλον
1839 3109 1918 3173 τὸ,

351 3188 566 3255 Κύριος
587 3189 787 3244 ἕκτισέ
811 3209 887 3261 με
917 3194 1115 3262 ἀρχὴν
1144 3193 1307 3267 [τῶν]
1335 3195 1486 3250 ὁδῶν
1527 3197 1741 3263 αὐτοῦ,
1783 3198 1917 3268 αὕτη

349 3280 416 3334 ἂν
440 3284 520 3351 εἴη
550 3286 580 3354 ή
645 3285 840 3354 Σοφία-
877 3288 970 3340 καὶ
1023 3287 1172 3342 ἔσται
1205 3291 1237 3361 ή
1272 3289 1405 3363 σὰρξ
1443 3293 1803 3363 ήφάσκουσα,
1840 3294 1917 3345 Δι’

343 3374 488 3444 ἐμοῦ
503 3376 783 3444 βασιλεῖς
828 3379 1253 3448 βασιλεύουσι,
1310 3385 1408 3436 καὶ
1446 3383 1518 3437 δι’
1573 3384 1719 3454 ἐμοῦ
1757 3401 1919 3455 μεγι-

343 3461 566 3532 στᾶνες
583 3469 1036 3538 μεγαλύνονται.
1075 3472 1197 3536 Πῶς
1236 3473 1280 3526 δ’
1311 3474 1375 3528 ἂν
1419 3473 1562 3528 εἴποι
1593 3478 1625 3547 ἡ
1676 3476 1809 3548 σὰρξ
1833 3477 1913 3543 τὸ,

342 3558 749 3626 Μνημονεύσω
785 3563 856 3616 τὰ
881 3563 950 3628 ἐξ
976 3563 1190 3630 αἰῶνος
1217 3567 1576 3637 ἀριθμῆσαι;
1613 3563 1694 3633 οἷς
1721 3571 1915 3640 ἐπάγει

343 3649 422 3710 τὸν.
457 3653 672 3720 Κύριος
711 3655 912 3710 ἐκτισέ
957 3674 1036 3725 με
1094 3659 1292 3729 ἀρχῆν
1321 3659 1485 3734 [τῶν]
1517 3662 1673 3718 ὁδῶν
1703 3668 1909 3722 αὐτοῦ.

346 3743 469 3797 Ὅδε
502 3747 595 3798 καὶ
625 3747 766 3810 τίνες
791 3750 844 3802 αἱ
869 3749 977 3802 ὁδοὶ
1009 3753 1303 3823 παρίστησι
1351 3753 1524 3823 λέγων
1557 3755 1710 3826 ἑξῆς·
1749 3778 1768 3810 ι
1807 3755 1910 3814 Οὖ-

346 3855 366 3886 ι
399 3854 488 3899 τος
511 3837 617 3909 γάρ
639 3843 770 3910 ἡμῖν
795 3847 904 3908 τοῖς
932 3845 1157 3909 δικαίως
1220 3845 1596 3901 πολιτεύεσθαι
1633 3849 1907 3920 μέλλουσι,

347 3947 366 3980 t
393 3928 696 3997 θεοσεϐείας
742 3935 858 4000 ὁδὸς
907 3938 1159 4006 γέγονεν’
1191 3939 1333 4011 ἀρχὴ
1389 3941 1576 3994 πασῶν
1609 3942 1715 3997 τῶν
1774 3946 1911 4015 μετὰ

346 4039 366 4072 ι
401 4023 730 4080 ταῦταόδῶν.
755 4049 772 4079 ι
797 4031 906 4083 Καὶ
922 4030 1294 4103 προστίθησιν,
1323 4051 1342 4085 ι
1360 4033 1558 4103 ἀρχὴν
1575 4035 1630 4088 δὲ
1655 4035 1809 4090 ὁδῶν
1821 4039 1908 4092 διὰ

344 4132 364 4164 ι
393 4114 552 4168 τοῦτο
580 4117 803 4182 εἰκότως
835 4121 1019 4193 εἴρηκε
1058 4121 1149 4175 τὸν
1183 4122 1448 4194 δεσπότην
1479 4127 1636 4196 ήμῶν
1667 4127 1757 4181 τὸν
1794 4131 1907 4182 Σω-

344 4223 364 4256 ι
400 4208 561 4278 τῆρα,
588 4209 720 4262 διότι
760 4217 853 4266 καὶ
882 4213 989 4267 τῶν
1020 4214 1240 4287 ἐτέρων,
1281 4208 1355 4270 ὧν
1389 4219 1720 4290 ἐσχήκαμεν,
1771 4221 1906 4277 ὁδῶν

341 4317 361 4350 ι
395 4302 530 4370 μετὰ
551 4302 649 4375 τὴν
681 4306 900 4378 πρώτην
959 4307 1076 4360 ὁδὸν
1121 4309 1261 4380 ἁρχὴ
1289 4309 1476 4379 γέγονε
1497 4327 1509 4339 °
1543 4311 1641 4375 τὰς
1664 4313 1750 4367 διὰ
1798 4314 1905 4368 τῶν

339 4408 362 4442 t
401 4393 558 4464 ἱερῶν
616 4395 926 4452 ἀποστόλων
979 4399 1151 4470 δηλῶν
1201 4401 1545 4474 παραδόσεις,
1587 4405 1694 4459 τῶν
1765 4407 1902 4477 μετά

339 4499 360 4534 t
391 4483 592 4555 ὑψηλοῦ
613 4526 627 4552 ,
668 4488 810 4542 κατὰ
833 4491 929 4561 τὴν
969 4494 1324 4565 προφητείαν,
1353 4496 1704 4568 κηρύγματος
1732 4516 1902 4571 κηρυ-

336 4593 357 4626 ‹
391 4575 594 4642 ξάντων
640 4583 770 4652 ἡμῖν
796 4584 856 4637 τὸ
891 4585 1076 4640 καινὸν
1117 4586 1273 4641 τοῦτο
1303 4591 1617 4660 μυστήριον.
1657 4611 1673 4642 ι
1715 4593 1899 4646 Ταῦτα

330 4668 664 4740 Μάρκελλος.

987 4749 1140 4801 ΚΕΦ.
1183 4750 1255 4803 Γ’.

2050 1827 2068 1860 ι
2106 1824 2193 1872 va,
2226 1825 2320 1879 per
2347 1820 2400 1863 et
2432 1823 2652 1881 propter
2696 1812 3030 1866 nobilitatem
3064 1810 3369 1866 Servatoris
3414 1813 3606 1876 nostri,

2045 1921 2062 1952 ι
2107 1901 2364 1957 Dominus
2398 1914 2581 1956 noster
2631 1903 2879 1960 Christus
2908 1920 3004 1974 per
3037 1905 3352 1975 prOphetam
3401 1905 3607 1975 procla-

2045 2009 2062 2042 t
2103 2001 2236 2056 mat,
2281 1992 2553 2062 inquiens,
2590 1994 2846 2050 Dominus
2895 1998 3130 2050 condidit
3159 2015 3239 2052 me
3285 1999 3604 2067 principium

2042 2101 2060 2134 ι
2103 2085 2301 2138 viarum
2328 2103 2564 2140 suarum.
2599 2106 2616 2138 ›
2652 2088 2774 2142 llaec
2801 2089 3115 2158 prolocutus
3142 2089 3208 2144 ad
3240 2104 3456 2144 carnem
3478 2092 3607 2145 Ser-

2036 2178 2260 2238 vatoris,
2297 2179 2682 2249 cogitationem
2716 2196 2868 2236 suam
2901 2182 3081 2246 dejicit
3110 2223 3126 2244 ,
3169 2183 3219 2236 in
3253 2183 3606 2252 sequentibus

2034 2265 2318 2336 inquiens:
2351 2287 2370 2320 ι
2410 2267 2544 2322 Vere
2599 2270 2738 2324 enim
2767 2269 3006 2324 condidit
3031 2269 3122 2338 qui
3151 2286 3254 2323 non
3283 2284 3378 2324 ens
3398 2271 3602 2324 creavit

2037 2377 2055 2408 ι
2085 2359 2339 2414 Dominus
2369 2373 2552 2414 uoster
2571 2359 2728 2412 Dens.
2748 2360 2877 2414 Nam
2896 2377 3114 2416 carnem
3134 2377 3235 2416 non
3251 2362 3597 2416 exsistentem

2036 2466 2053 2499 ι
2080 2451 2316 2518 suscepit
2358 2460 2596 2504 nostram
2623 2453 2876 2518 Verbum,
2896 2461 3086 2507 etcum
3107 2455 3422 2520 susciperet,
3447 2455 3597 2521 priu-

2037 2545 2272 2612 tcipium
2325 2545 2525 2598 viarum
2565 2562 2781 2599 suarum
2816 2544 2964 2600 fecit.
3006 2565 3024 2596 ι
3058 2544 3170 2600 Nec
3222 2546 3470 2617 intelligit
3515 2549 3599 2599 vir

2027 2635 2294 2704 optimus,
2324 2636 2468 2703 quod
2511 2646 2564 2691 et
2619 2638 2777 2696 unica
2809 2637 2975 2692 dictio
3019 2646 3074 2691 et
3123 2653 3351 2708 persona
3381 2654 3596 2709 quoque

2027 2729 2183 2783 unim
2219 2729 2309 2791 sit,
2341 2730 2429 2798 qui
2457 2730 2610 2793 dixit,
2645 2728 2759 2798 Ego
2796 2728 3065 2799 Sapientia
3095 2730 3371 2784 consilium
3399 2733 3596 2784 consti-

2027 2822 2102 2875 tui
2140 2821 2204 2885 ”,
2245 2831 2316 2886 et,
2349 2820 2603 2876 Dominus
2658 2822 2888 2875 :ondidit
2923 2838 3000 2875 me
3025 2821 3089 2878 ¹⁶.
3115 2820 3353 2887 Quorum
3387 2830 3594 2875 utrum-

2024 2928 2128 2983 que
2161 2914 2244 2968 vel
2289 2915 2604 2968 utrumlibet
2648 2916 2714 2968 de
2736 2929 2897 2967 carne
2931 2915 3298 2984 praedicatur:
3340 2913 3478 2984 quod
3515 2915 3592 2969 sic

2024 3007 2180 3074 plane
2232 3016 2516 3075 utrumque
2545 3015 2600 3059 et
2651 3007 2922 3076 Sapientia
2959 3007 3082 3070 erit,
3125 3023 3244 3076 qua:
3280 3016 3334 3062 et
3368 3008 3474 3063 hoc
3502 3009 3600 3074 di-_

2025 3099 2136 3164 xit,
2163 3110 2321 3167 atque
2350 3099 2496 3154 illud.
2535 3099 2687 3166 Quod
2717 3101 2760 3154 si
2796 3115 2860 3154 ex
2901 3101 3168 3155 sententia
3198 3098 3432 3154 Marcelli
3461 3115 3587 3155 raro

2024 3191 2192 3256 dicat,
2227 3192 2482 3258 Dominus
2513 3195 2702 3246 creavit
2738 3209 2818 3246 me
2852 3193 3169 3263 principium
3211 3195 3416 3248 viarum
3461 3211 3587 3248 sua-

2021 3301 2160 3348 rum,
2203 3283 2291 3336 illa
2323 3285 2427 3338 erit
2462 3283 2758 3353 Sapientia,
2793 3296 2954 3354 atque
2977 3300 3106 3340 caro
3143 3301 3261 3355 qua:
3287 3287 3435 3350 dicit,
3487 3285 3588 3339 Fer

2019 3391 2097 3428 me
2122 3391 2262 3443 reges
2290 3385 2506 3444 regnant
2533 3416 2547 3437 ,
2594 3387 2641 3430 et
2673 3392 2768 3444 per
2799 3393 2879 3430 me
2924 3387 3187 3446 magnates
3220 3379 3393 3448 magni
3425 3377 3582 3446 ﬁunt,

2019 3477 2074 3521 at
2097 3468 2366 3536 quomodo
2396 3469 2574 3523 dicere
2625 3468 2822 3538 poterit
2866 3484 3015 3532 caro,
3062 3467 3364 3522 Memorabo
3402 3486 3583 3526 eorum

2015 3579 2132 3630 quae
2174 3571 2294 3632 sunt
2345 3579 2377 3614 a
2422 3561 2656 3616 srrculo?
2703 3560 2899 3630 quibus
2951 3560 3272 3616 subnectit:
3325 3559 3582 3615 Dominus

2015 3653 2246 3706 condidit
2280 3669 2358 3706 me
2394 3653 2706 3721 principium
2742 3651 2946 3704 viarum
2988 3651 3124 3720 ejus.
3163 3650 3417 3717 Quaenam
3454 3665 3581 3707 vero

2013 3747 2120 3799 sint
2151 3747 2252 3800 illa;
2294 3747 2389 3799 via:
2439 3747 2592 3800 docet
2628 3746 2677 3799 in
2715 3745 3062 3815 sequentibus
3099 3743 3188 3816 [Β.
3229 3742 3342 3815 ΧΗ]
3376 3763 3388 3798 :
3429 3763 3447 3797 ι
3501 3744 3578 3799 Ita

2019 3857 2036 3890 ι
2070 3840 2209 3893 enim
2233 3829 2320 3893 ille
2348 3838 2522 3904 nobis,
2547 3839 2636 3908 qui
2661 3838 2959 3893 secundum
2993 3838 3253 3892 rationem
3277 3838 3475 3907 justam
3498 3839 3580 3892 in-

2017 3949 2036 3982 ι
2075 3931 2300 3986 stituere
2344 3932 2507 3984 vitam
2539 3930 2785 3985 volumus
2811 3970 2826 3993 ,
2871 3929 3089 4001 pietatis
3119 3931 3203 3986 via
3241 3931 3415 3988 factus
3443 3941 3525 3987 est
3559 3950 3576 3986 :

2016 4042 2033 4074 ι
2072 4025 2394 4094 principium
2432 4025 2642 4077 viarum
2683 4023 2924 4078 omnium
2953 4025 3332 4093 posteriorum.
3367 4042 3387 4076 ι
3416 4025 3578 4080 Addit

2009 4127 2186 4168 autem
2223 4135 2241 4168 ι
2274 4116 2590 4184 principium
2621 4115 2822 4170 viarum
2847 4117 2916 4171 ob
2958 4116 3060 4170 hoc
3090 4117 3260 4185 ipsum
3294 4116 3576 4204 Dominum

2014 4222 2033 4254 ι
2067 4219 2208 4269 esse,
2230 4214 2284 4260 et
2307 4204 2652 4260 Servatorem
2677 4214 2921 4260 nostrum
2956 4222 2971 4260 :
2997 4217 3277 4278 pr0pterea
3303 4209 3443 4278 quod
3469 4209 3576 4263 via-

2015 4317 2033 4351 ι
2077 4315 2215 4364 rum,
2257 4313 2392 4368 quas
2449 4298 2676 4368 ingressi
2731 4313 2919 4353 sumus
2956 4310 3076 4370 post
3125 4300 3353 4369 primam
3388 4302 3528 4356 viam
3556 4345 3572 4367 ,

2013 4408 2030 4441 ι
2072 4390 2392 4458 principium
2417 4389 2647 4444 exstitit.
2682 4387 2864 4444 lnnuit
2891 4400 3074 4445 autem
3110 4391 3432 4447 traditiones
3478 4410 3572 4449 ac-

2011 4501 2030 4534 ι
2058 4494 2240 4553 reptas
2256 4499 2285 4536 a
2303 4483 2498 4538 divinis
2511 4486 2791 4553 apostolis,
2807 4485 2919 4552 qui,
2935 4486 3225 4539 secundum
3242 4486 3571 4553 prophetias,

2011 4591 2029 4622 ι
2071 4589 2170 4628 una
2194 4589 2314 4627 cum
2347 4573 2610 4629 altissimo
2639 4574 2730 4630 illo
2753 4575 3042 4645 praeconio,
3086 4591 3281 4631 novum
3318 4579 3420 4633 hoc
3455 4595 3572 4649 my-

2009 4684 2026 4717 ι
2070 4665 2297 4720 sterium
2319 4667 2475 4722 nobis
2498 4671 2902 4723 annuntiarunt.
2928 4689 2947 4722 ι
2978 4667 3244 4724 Hactenus
3268 4667 3566 4728 Marcellus.

2598 4761 2827 4818 CAPUT
2871 4761 2953 4817 lll.

334 4831 764 4923 'E.}srzoc’rér
791 4842 914 4923 οὐκ·
947 4841 1252 4923 ὀρθῶςεὶς
1287 4845 1437 4923 τοὺς·
1472 4848 1697 4923 τόπους
1737 4850 1897 4923 αὐτῷ

2032 4858 2066 4915 Β
2127 4852 2389 4921 Refumtio
2441 4870 2619 4907 eorum
2655 4850 2770 4923 qua:
2804 4873 3038 4923 perverse
3086 4867 3460 4913 commentatus
3492 4870 3568 4914 est

398 4906 792 4977 λελεγμένων,
821 4906 1060 4966 καὶτῶν
1085 4906 1280 4968 αὐτῶν
1317 4906 1490 4983 ὐγίὴς
1524 4906 1821 4986 ἐρμηὶεία.

397 4997 459 5049 Εἰ
489 4998 587 5068 μὲν
608 4996 700 5054 οὖν
729 5001 802 5073 μὴ
832 5004 925 5056 καὶ
951 5003 1048 5075 τήν
1071 5005 1308 5069 Μωσέως
1333 5007 1423 5060 καὶ
1466 5007 1574 5061 τῶν
1605 5009 1713 5079 (76)
1757 5013 1895 5082 μετὰ

2162 4924 2229 4975 ad
2259 4924 2400 4988 loco,
2430 4933 2479 4976 et
2506 4927 2792 4978 orthodoxa
2819 4942 2996 4980 eorum
3025 4928 3408 4994 interpretatio.

2074 5015 2132 5070 Si
2193 5030 2366 5084 neque
2403 5015 2564 5071 Mosis
2613 5033 2712 5072 nec
2757 5021 3140 5088 prophetarum
3189 5031 3309 5090 post
3362 5021 3565 5077 Mosem

327 5086 528 5142 Μωσὲα
556 5091 848 5162 προφητῶν
879 5092 1202 5164 παρεδὲχετο
1229 5094 1448 5165 Γραφὴν
1471 5135 1484 5158 ,
1511 5091 1654 5166 εἶχεν
1679 5099 1742 5151 ἄν
1774 5116 1894 5153 τινα

2032 5108 2316 5177 lcripturas
2331 5109 2640 5163 admitteret
2663 5086 2966 5178 Marcellus,
3003 5086 3333 5181 probabilem
3369 5113 3559 5168 for-tas-

325 5181 510 5235 εἰκότα
534 5183 681 5254 αὐτῷ
713 5185 868 5254 λόγον
914 5188 946 5256 ή
985 5185 1234 5249 ἀπόδοσις
1254 5203 1266 5216 ·
1313 5188 1433 5241 ἐπεὶ
1459 5188 1515 5240 δὲ
1538 5189 1596 5242 οὐ
1620 5189 1728 5244 τῶν
1769 5192 1894 5246 ἀθε-

2003 5197 2078 5254 sis
2108 5199 2370 5254 rationem
2408 5200 2670 5255 haberent
2699 5215 2818 5270 qua:
2844 5202 2912 5256 ab
2944 5219 3010 5259 eo
3041 5205 3278 5274 profecta
3309 5217 3451 5261 sunt.
3495 5211 3558 5262 At

323 5271 560 5327 τούντων
598 5275 715 5330 ἐστὶ
741 5276 838 5346 τὴν
863 5277 1103 5331 Παλαιὰν
1137 5278 1572 5352 Διαθήκην,τίδή
1607 5300 1732 5337 ποτε
1764 5286 1888 5350 τοὺς

2032 5307 2115 5344 um
2151 5305 2252 5344 nou
2308 5291 2376 5344 sit
2403 5306 2469 5344 ex
2499 5305 2684 5346 eorum
2711 5307 2936 5350 numero
2977 5294 3067 5365 qui
3110 5291 3270 5353 Vetus
3310 5312 3557 5357 recusant

397 5429 454 5486 ὦ
492 5424 588 5478 Ed.
625 5425 822 5492 Paris,
856 5448 976 5500 pag.
1018 5432 1132 5486 156.
1216 5433 1256 5464 ¹³
1292 5433 1425 5490 Cen.
1458 5451 1540 5502 ιιι,
1587 5436 1669 5492 l9.

395 5613 510 5689 ili)
532 5613 878 5689 ,φθέγξαεθαι
909 5618 940 5688 ἦ
976 5617 1080 5689 Mp-

389 5681 501 5755 (τε)
532 5681 695 5757 Vulgo
725 5687 803 5739 τό.

1771 5441 1811 5474 ’⁵
1833 5442 1995 5504 Prov.
2028 5462 2124 5502 thl
2153 5484 2169 5514 ,
2198 5446 2286 5501 12.

2383 5446 2427 5478 ¹⁶
2461 5445 2586 5501 ibid.
2619 5448 2711 5504 22.

2077 5635 2184 5708 (76)
2214 5633 2378 5705 Vulgo
2413 5634 2565 5691 κατά.
