4086 6202
481 257 587 319 983

1148 255 1415 312 EUSEBII
1454 257 1931 315 CESARIENSIS
1967 258 2118 316 OPP.
2159 258 2338 316 PARS
2377 260 2465 318 IV.
2503 290 2569 302 --
2609 259 3022 319 DOGMATICA.

3612 260 3722 318 εει

479 381 900 442 Testamentum,
926 393 1178 448 quorsum
1204 387 1260 433 et
1291 377 1560 443 apostolos
1581 420 1595 444 ,
1625 388 1680 434 et
1708 379 1918 435 illorum
1951 388 2048 435 do-

2171 383 2255 436 ιὲν
2282 384 2604 448 ἀποστόλους
2625 386 2717 437 καὶ
2753 383 2958 438 τούτων
2995 381 3094 446 τὰς
3149 381 3513 449 διδασκαλίας,
3539 382 3726 450 ὁδοὺς

481 472 706 527 etriuam
751 470 862 524 vias
914 469 1257 523 nominavit?
1311 467 1498 539 Neque
1535 471 1772 526 animum
1815 473 2047 528 advertit

2171 474 2446 546 ϋνόμασεν,
2473 477 2593 546 οὐχὶ
2625 476 2680 529 δὲ
2709 476 3009 547 προσσέσχε
3058 477 3168 538 τοῖς
3193 473 3284 528 τοῦ
3322 473 3458 528 Θεοῦ
3515 477 3727 548 προφή-

483 565 571 618 Dei
603 563 900 633 prophetis,
925 561 1017 630 qui
1049 571 1304 615 sexcenta
1332 563 1576 632 quaedam
1615 564 1678 618 de
1705 564 1811 620 viis
1836 564 2044 619 Domini

2171 584 2286 632 παις,
2342 568 2507 639 μυρία
2543 569 2669 639 περὶ
2707 567 2844 621 ὁδῶν
2894 566 3028 620 Θεοῦ
3065 567 3432 636 γεγραφόσινς
3497 568 3726 640 Πριῖπσι

481 657 831 724 scripserunt.
864 652 1036 708 Moses
1064 663 1245 708 autem
1276 654 1524 723 inprimis
1572 657 1640 709 ita
1667 657 1904 727 scripsit,
1947 656 2047 711 Via

482 750 623 819 regia
670 747 994 818 proﬁciscere
1046 747 1110 802 ίτ.
1163 747 1269 813 Ει,
1318 745 1453 802 Ecce
1514 749 1665 815 posui
1711 760 1832 804 ante
1862 750 2049 820 faciem

483 851 626 893 tuam
655 840 790 894 riam
823 840 962 903 vitm,
994 849 1042 894 et
1075 842 1210 894 riam
1241 842 1428 895 mortis
1461 841 1525 895 ίδ.
1565 841 1629 894 Et
1658 841 1824 896 David
1862 842 2051 897 simili-

484 944 590 998 ter,
627 933 784 988 Novit
820 933 1073 988 Dominus
1103 935 1238 988 viam
1272 935 1562 1004 juslorum,
1592 944 1638 988 et
1669 935 1750 988 uia
1771 935 2050 1003 impiorum

481 1023 664 1092 peribit
689 1025 754 1079 ‘9.
789 1024 853 1079 Et
888 1023 1174 1089 Jeremias,
1201 1025 1353 1081 State
1386 1027 1440 1079 in
1479 1027 1598 1091 viis,
1647 1037 1693 1080 et
1734 1028 2053 1096 interrogate

485 1116 548 1169 de
579 1116 773 1170 semitis
803 1115 1011 1169 Domini
1035 1119 1259 1181 (uternis,
1278 1127 1324 1172 et
1355 1117 1519 1171 videte
1541 1135 1658 1188 qua:
1691 1119 1758 1172 sit
1790 1119 1872 1172 via
1896 1120 2050 1185 bona,

483 1216 536 1262 et
564 1207 617 1259 in
655 1208 748 1260 illa
772 1208 1032 1262 ambulate
1059 1210 1124 1263 ὀ.
1155 1208 1259 1264 Sed
1287 1219 1342 1264 et
1369 1211 1608 1280 singulos
1642 1213 1932 1280 proelietas
1970 1213 2054 1266 in-

484 1298 669 1353 venies
710 1297 906 1354 fecisse
953 1301 1276 1356 mentionem
1339 1301 1539 1356 viarum
1597 1301 1713 1358 Dei.
1784 1304 1841 1358 Si
1895 1305 2058 1373 igitur

490 1388 745 1445 Servator
765 1400 820 1446 et
863 1393 1118 1448 Dominus
1146 1403 1333 1448 noster
1363 1391 1521 1449 Jesus
1546 1395 1818 1460 Christus,
1852 1411 1911 1451 se
1949 1397 2054 1450 ini-

491 1483 623 1537 tium
659 1485 865 1539 viarum
898 1485 1108 1540 Domini
1146 1487 1356 1552 doceat,
1385 1486 1434 1540 in
1459 1488 1658 1557 quibus
1679 1488 1776 1555 ait,
1804 1488 2057 1544 Dominus

2153 660 2250 732 μὲν
2283 661 2390 733 γὰρ
2426 659 2632 730 Μωσῆς
2651 655 2752 713 ὧδε
2777 659 3000 731 γράφων
3032 658 3245 728 ἐλεγενο
3296 657 3440 725 Ὀδῷ
3476 661 3728 724 ,ϐασιλι-

2151 751 2228 822 κῇ
2285 754 2588 822 πορεύσῃ·
2639 753 2754 816 καὶ,
2807 751 2954 807 Ἰδοὺ
2987 749 3216 806 τέθεικα
3247 751 3357 820 πρὸ
3397 751 3726 822 προσώπου

2153 861 2270 900 σου
2299 845 2412 913 τὴν
2439 845 2582 900 ὀδόν
2609 839 2718 912 τῆς
2743 841 2890 912 ζωῆς
2909 886 2923 908 ,
2966 844 3060 898 καὶ
3091 843 3204 911 τὴν
3231 843 3374 898 ὁδὸν
3403 844 3510 899 τοῦ
3541 841 3724 899 θανά·

2153 954 2289 991 του’
2361 938 2454 990 καὶ
2495 939 2522 990 6
2577 935 2742 989 Aa6i6
2763 936 2981 1006 ὁμοίως,
3019 934 3310 989 Γινώσκει
3359 935 3468 1007 (77)
3505 937 3724 1006 Κύριος

2155 1027 2300 1080 ὁδὸν
2328 1026 2588 1090 δικαίων,
2625 1029 2722 1080 καὶ
2768 1026 2908 1091 ὁδὸς
2965 1026 3200 1080 ἀσεϐῶν
3228 1025 3560 1080 ἀπολεῖται·
3623 1025 3723 1080 καὶ

2167 1121 2454 1193 Ἱερεμίας,
2486 1117 2604 1188 Στῆ
2612 1138 2671 1173 τε
2691 1120 2760 1172 ἐν
2787 1119 2914 1183 ταῖς
2929 1118 3106 1185 ὁδοῖς,
3131 1118 3226 1172 καὶ
3250 1117 3575 1187 ἐρωτήσατε
3593 1117 3726 1186 τρί-

2157 1215 2301 1279 ϐους
2343 1215 2558 1281 Κυρίου
2601 1213 2894 1276 αἰωνίους,
2950 1211 3047 1264 καὶ
3097 1211 3252 1264 ἴδετε
3296 1212 3433 1266 ποια
3479 1209 3722 1276 ἐστινὴ

2157 1303 2295 1371 ὁδὸς
2317 1307 2354 1374 ἢ
2392 1304 2603 1374 ἀγαθὴ,
2635 1305 2730 1357 καὶ
2760 1304 3082 1373 πορεύεσθε
3121 1303 3192 1357 ἐν
3216 1301 3369 1372 αὐτῇ
3387 1320 3401 1333 ·
3448 1304 3537 1358 καὶ
3588 1304 3726 1356 ἑκα-

2160 1413 2280 1450 στον
2308 1396 2365 1449 δὲ
2394 1396 2500 1449 τῶν
2526 1396 2815 1468 προφητῶν
2835 1395 3104 1466 διαφόρως
3152 1393 3591 1466 μνημονεύσαντα.
3612 1393 3728 1448 τῶν

2157 1486 2290 1541 ὁδῶν
2314 1486 2406 1540 τοῦ
2435 1485 2568 1539 Θεοῦ
2600 1486 2867 1557 εὑρήσεις.
2897 1487 2958 1538 Εἰ
2979 1485 3156 1538 τοίνυν
3183 1487 3210 1538 6
3259 1484 3448 1556 Σωτὴρ
3479 1485 3571 1538 καὶ
3609 1483 3726 1538 Κύ-

490 1577 723 1629 condidit
776 1593 857 1631 me
905 1579 1220 1647 principium
1268 1581 1476 1634 uiarum
1525 1570 1744 1636 suarum
1785 1585 1857 1636 ad
1903 1599 2060 1651 opera

2171 1595 2276 1649 ριος
2308 1581 2341 1650 ἡ
2351 1578 2465 1648 μῶν
2501 1577 2704 1650 Ἰησοῦς
2737 1577 2969 1648 Χριστος
2986 1576 3079 1630 τοῦ
3106 1575 3240 1630 Θεοῦ
3267 1575 3440 1646 ἀρχὴν
3467 1570 3728 1629 εἶναιτῶν

491 1683 587 1720 sua
612 1669 678 1736 ¹¹,
711 1669 931 1725 omnino
953 1671 1060 1736 ille,
1101 1683 1156 1727 et
1194 1670 1343 1728 Mose
1374 1675 1669 1741 antiquior,
1701 1683 1756 1730 et
1782 1677 2061 1746 prophetis

2171 1668 2298 1722 ὁδῶν
2327 1668 2421 1721 τοῦ
2447 1668 2581 1722 Θεοῦ
2610 1667 2798 1722 ἑαυτὸν
2823 1667 3058 1721 διδάσκει
3086 1666 3507 1736 λέγων.Κύριος
3530 1665 3730 1721 ἐκτισέ

491 1760 616 1825 erit,
651 1769 704 1813 et
757 1761 822 1817 iis
854 1764 1106 1819 omnibus
1133 1765 1225 1834 qui
1273 1765 1450 1822 adhuc
1478 1766 1724 1831 ulterius,
1759 1770 2054 1824 secundum

2171 1779 2231 1825 με
2249 1759 2446 1830 ἀρχὴν
2473 1758 2625 1813 ὁδῶν
2649 1759 2833 1814 αὑτοῦ
2854 1761 2940 1825 εὶς
2965 1759 3108 1829 ἔργα
3134 1758 3339 1818 αὑτοῦ,
3379 1757 3599 1822 πάντως
3625 1773 3726 1810 που

493 1853 608 1906 vias
638 1852 730 1907 Dei
762 1855 1031 1911 vixerunt.
1075 1857 1179 1912 Sed
1210 1874 1315 1912 non
1353 1868 1471 1913 erat
1498 1875 1626 1914 caro
1657 1874 1819 1926 quam
1844 1874 2058 1914 assum-

493 1946 602 2014 psit
648 1947 794 2002 hisce
823 1948 1072 2004 omnibus
1096 1950 1373 2020 antiquior
1409 1971 1422 2006 :
1455 1952 1638 2020 itaque
1685 1967 1792 2007 non
1821 1963 1968 2007 recte
1994 1953 2060 2006 de

494 2052 656 2091 carne
687 2039 1108 2107 interpretantur
1149 2039 1428 2094 oraculum
1463 2039 1614 2095 illud.
1658 2037 1923 2106 Quocirca
1952 2054 2058 2093 non

496 2125 702 2180 locutus
727 2137 809 2180 est
838 2129 938 2182 ista
965 2127 1222 2183 Servator
1253 2139 1476 2200 prepter
1505 2145 1748 2195 carnem,
1794 2130 1888 2185 sed
1917 2131 2060 2200 quod

502 2219 908 2287 prmexsistebat
954 2220 1066 2288 ipse
1094 2260 1108 2284 ,
1160 2232 1215 2276 et
1244 2221 1386 2275 viam
1426 2221 1654 2276 ducebat
1708 2221 1809 2276 viis
1850 2221 2061 2276 Domini

505 2309 797 2375 universis,
835 2310 887 2365 in
919 2311 1116 2380 quibus
1149 2313 1238 2382 qui
1265 2313 1585 2390 erantolim,
1612 2312 1720 2367 Deo
1751 2312 1929 2367 dilecti
1956 2327 2064 2366 om-

500 2416 596 2456 nes
628 2403 1056 2457 ambulaverunt.
1094 2404 1537 2473 Quandoquidem
1581 2414 1634 2459 et
1667 2405 1883 2460 divinus
1919 2405 2062 2472 Apo-

499 2493 667 2548 stolus
704 2493 858 2559 dixit,
889 2493 932 2548 0
956 2495 1275 2564 profundum
1339 2495 1665 2558 divitiarum,
1695 2505 1743 2549 et
1773 2495 2062 2565 sapientiai,

497 2596 548 2640 et
587 2587 898 2657 cognitionis
945 2586 1041 2641 Dei
1067 2630 1080 2648 ,
1113 2605 1270 2659 quam
1311 2587 1671 2642 inscrutabi/ia
1700 2597 1820 2641 sunt
1855 2588 2065 2656 judicia

498 2674 613 2745 ejus
639 2716 655 2743 ,
690 2687 739 2729 et
781 2669 1275 2747 iinpervestigabiles
1306 2679 1399 2732 uia:
1429 2677 1546 2747 ejus
1577 2678 1643 2739 ²¹,
1673 2677 1835 2731 aliam
1873 2693 2065 2746 quam-

501 2768 625 2823 dam
662 2769 802 2823 viam
837 2769 924 2825 ille
952 2770 1206 2824 indicavit
1238 2811 1254 2833 ,
1299 2771 1670 2825 universitatis
1698 2787 1876 2825 rerum
1906 2785 2068 2825 cura-

505 2864 693 2917 tricem
723 2903 738 2927 ,
765 2877 863 2931 per
898 2877 1057 2930 quam
1113 2861 1365 2917 ineﬂ'abili
1401 2863 1630 2932 quodam
1653 2863 1860 2933 judicio
1883 2874 1938 2918 et
1967 2880 2069 2917 ra-

504 2954 738 3007 tionibus
761 2953 1079 3023 quibusdam
1124 2967 1225 3005 non
1254 2955 1794 3023 comprehendendis,
1819 2956 2066 3008 universa

503 3045 799 3115 gubernat,
850 3059 947 3114 pro
995 3044 1177 3098 divina
1217 3060 1313 3099 sua
1369 3053 1636 3114 potestate
1677 3063 1692 3101 :
1731 3059 2069 3114 consequens

2161 1850 2257 1904 καὶ
2282 1849 2524 1912 Μωσέως
2553 1849 2644 1903 καὶ
2671 1849 2778 1902 τῶν
2814 1847 3104 1920 προφητῶν
3129 1847 3222 1900 καὶ
3254 1846 3362 1901 τῶν
3398 1846 3478 1901 ἔτι
3529 1846 3728 1901 ἀνωτέ-

2163 1961 2240 2014 ρω
2293 1941 2434 1996 κατὰ
2482 1941 2582 2006 τὰς
2642 1942 2793 2005 ὁδοὺς
2832 1941 2927 1995 τοῦ
2979 1941 3113 1995 Θεοῦ
3183 1940 3520 2012 βεϐιωκότων
3547 1941 3631 2011 εἴη
3668 1938 3735 1994 ἃν

2161 2032 2529 2104 πρεσϐύτερος
2548 2050 2561 2063 ο
2587 2032 2700 2086 ἀλλ’
2725 2033 2846 2103 οὐχὶ
2882 2034 2914 2103 ἡ
2947 2031 3100 2103 σὰρξ,
3129 2032 3198 2103 ἢν
3235 2031 3544 2102 ἀνείληφεν,
3589 2031 3734 2084 ὲκεί-

2161 2140 2265 2177 νων
2299 2125 2554 2177 ἁπάντων
2588 2125 2800 2194 ὑπῆρχε
2830 2125 3252 2195 προγενεστέρα.
3283 2123 3398 2176 Οὐκ
3427 2121 3604 2194 ὀρθῶς
3641 2119 3736 2177 οὖν

2161 2218 2253 2269 ἐπὶ
2293 2217 2390 2288 τὴν
2421 2217 2599 2289 σάρκα
2630 2218 2940 2288 ὲξείληπται
2988 2219 3048 2271 τὸ
3102 2217 3299 2287 λόγιον.
3355 2218 3430 2270 Οὐ
3501 2216 3590 2270 διὰ
3637 2215 3737 2286 τὴν

2163 2315 2341 2380 σάρκα
2374 2310 2554 2363 τοίνυν
2578 2311 2726 2364 ταῦτ’
2751 2311 2934 2379 ἔλεγεν
2958 2312 2986 2363 6
3014 2309 3224 2381 Σωτὴρ,
3284 2308 3374 2363 διὰ
3413 2309 3471 2362 δὲ
3500 2310 3562 2362 τὺ
3599 2325 3738 2382 προ-

2165 2402 2429 2474 ϋπάρχειν
2461 2403 2652 2467 αὑτὸν,
2705 2404 2798 2456 καὶ
2830 2401 3186 2474 καθηγεῖσθαι
3243 2401 3355 2473 (78)
3409 2401 3593 2455 πασῶν
3625 2401 3740 2455 τῶν

2163 2493 2296 2548 ὁδῶν
2323 2494 2416 2548 τοῦ
2449 2494 2604 2559 Θεοῦ,
2654 2494 2722 2559 ἂς
2763 2494 2983 2559 πάντες
3003 2498 3056 2549 οἱ
3085 2494 3269 2548 πάλαι
3302 2492 3588 2562 θεοφιλεῖς
3614 2493 3725 2545 ἆν-

2164 2585 2300 2652 δρες
2326 2585 2678 2639 ὼδεύκασιν.
2721 2587 2870 2638 Ἐπεὶ
2902 2587 2958 2639 δὲ
2981 2587 3008 2639 6
3033 2585 3172 2649 θεῖος
3187 2583 3496 2647 Ἀπόστολος
3535 2583 3736 2651 λέγων,

2165 2673 2232 2731 Ὦ
2264 2678 2457 2744 ,βάθος
2484 2680 2752 2732 πλούτου
2779 2679 2874 2732 καὶ
2905 2680 3125 2746 σοφίας
3154 2676 3536 2746 καὶτνὼσεως
3566 2674 3744 2740 Θεοῦ,

2165 2772 2246 2836 ὡς
2301 2771 2735 2838 ἀνεξερεύνητα
2789 2772 2862 2824 τὰ
2915 2770 3166 2839 κρίματα
3221 2769 3408 2824 αὐτοῦ
3493 2767 3593 2821 καὶ
3639 2766 3746 2820 ἀν-

2166 2861 2531 2930 εξιχνίαστοι
2566 2865 2625 2915 αἱ
2654 2862 2776 2916 ὁδοὶ
2803 2861 3007 2924 αὑτοῦ,
3040 2861 3230 2932 ἐτέρας
3250 2859 3400 2924 τινὰς
3423 2859 3574 2922 ὁδοὺς
3613 2859 3746 2912 ὐπο-

2169 2948 2372 3012 6άλλει,
2404 2949 2501 3012 τὰς
2529 2951 2890 3021 προνοητικὰς
2916 2951 3021 3002 τῶν
3047 2950 3205 3015 ὅλων,
3231 2950 3298 3003 δι’
3323 2944 3397 3004 ῶν
3444 2949 3744 3022 ἀπορρήτῳ

2169 3042 2367 3113 κρίσει,
2398 3043 2491 3095 καὶ
2514 3042 2691 3110 λόγοις
2717 3044 2826 3114 (79)
2873 3044 3153 3114 ἁλήπτοις,
3189 3043 3255 3096 τὰ
3305 3042 3596 3113 σύμπαντα
3631 3041 3748 3094 δια-

504 3145 654 3190 certe
691 3146 771 3189 est
796 3175 811 3199 ,
847 3145 904 3190 ut
931 3145 986 3191 et
1014 3136 1204 3190 harum
1243 3138 1448 3192 viarum
1486 3153 1699 3208 quoque
1742 3137 2064 3207 principium

2171 3133 2404 3205 κυϐερνᾷ
2437 3135 2554 3206 θείᾳ
2584 3136 2847 3205 δυνάμει,
2904 3136 3193 3189 ἀκόλουθόν
3232 3137 3346 3187 ἐστι
3407 3134 3500 3187 καὶ¹
3544 3132 3748 3189 τούτων

503 3237 806 3284 staluamus
877 3228 1026 3283 illum
1069 3269 1085 3294 ,
1145 3229 1236 3299 qui
1292 3229 1466 3296 dixit,
1530 3228 1781 3283 Dominus
1834 3230 2066 3283 condidit

505 3337 586 3373 me
643 3321 958 3390 principium
1030 3323 1234 3376 uiarum
1305 3339 1524 3376 suarum
1584 3325 1651 3376 ad
1724 3340 1880 3390 Opera
1947 3340 2065 3378 sua.

507 3412 658 3478 Quod
732 3412 1015 3469 Marcellus
1081 3432 1187 3470 non
1251 3416 1553 3486 intelligens
1617 3418 1730 3471 vias
1800 3417 2068 3483 Domini,

505 3508 690 3560 statuit
745 3522 865 3561 esse
923 3521 1139 3561 carnem
1182 3508 1486 3563 Servatoris
1537 3509 1704 3563 nostri
1748 3524 1760 3561 :
1802 3514 1860 3572 ἧς
1909 3508 2074 3562 inter-

506 3608 751 3670 pretatur
797 3598 888 3671 [Β.
920 3598 1060 3672 XIII]
1113 3610 1167 3655 et
1215 3601 1342 3655 illud
1392 3616 1605 3671 quoque
1642 3602 1694 3655 in
1756 3604 1897 3656 hunc
1950 3616 2074 3657 seu-

507 3708 649 3760 sum,
686 3694 917 3747 condidit
970 3711 1050 3747 me
1087 3694 1432 3766 principium
1486 3693 1684 3746 uiarum
1727 3709 1941 3745 suarum
2004 3692 2072 3744 ad

507 3801 664 3851 cpera
689 3802 807 3842 sua.
833 3786 1092 3851 Qumnam
1125 3794 1302 3839 autem
1334 3799 1496 3853 opera
1527 3784 1680 3837 vult?
1707 3783 1795 3836 illa
1821 3775 2072 3838 nimirum

509 3876 576 3929 de
607 3876 802 3945 quibus
833 3876 1092 3929 Servatur
1124 3875 1234 3942 ait,
1263 3874 1425 3928 Pater
1445 3890 1588 3928 meus
1617 3875 1787 3928 adhuc
1812 3885 2072 3942 aperatur,

509 3975 556 4017 et
589 3981 679 4033 ego
709 3980 892 4030 operor
911 3967 976 4019 ’³.
1008 3965 1070 4017 Ει
1091 3980 1300 4028 rursus,
1336 3961 1480 4032 Opus
1501 3963 1693 4033 perfeci
1745 3963 1900 4029 illud,
1938 3964 2074 4031 quod

509 4057 696 4109 dedisti
735 4055 940 4110 mihi".
979 4054 1264 4127 Subjnngit
1295 4071 1457 4124 porro
1481 4097 1495 4121 ,
1543 4056 1694 4123 quasi
1748 4053 2074 4108 sententiam

512 4147 698 4200 horum
729 4147 1039 4214 exiilicans:
1073 4167 1090 4198 ι
1126 4148 1384 4213 Quisnam
1416 4157 1539 4202 ante
1571 4146 1767 4200 factam
1796 4161 1890 4216 per
1916 4159 2076 4214 opera

516 4258 536 4290 ι
569 4241 1086 4295 demonstrationem
1141 4240 1482 4306 credidisset,
1517 4240 1658 4308 quod
1705 4237 1937 4292 Verbum
1985 4239 2076 4292 Dei

517 4348 536 4381 ι
568 4345 661 4399 per
689 4326 961 4400 Virginem
990 4340 1337 4400 generatum,
1373 4341 1609 4384 nostram
1637 4345 1854 4384 carnem
1896 4343 2080 4384 susce-

516 4436 536 4472 ι
570 4421 774 4489 pisset?
801 4429 855 4476 et
886 4430 1064 4474 tamen
1103 4420 1411 4475 universam
1441 4422 1695 4475 deitatem
1730 4419 1782 4473 in
1815 4435 1871 4473 se
1899 4433 2080 4488 corpo-

517 4530 536 4563 ι
570 4513 754 4566 raliter
796 4515 1116 4568 residentem
1142 4515 1600 4569 demonstrasset?
1633 4534 1649 4565 ο
1681 4513 1744 4567 Et
1780 4514 1942 4567 veluti
1985 4515 2076 4584 qui
2109 4491 2152 4547 Ῑ)

513 4605 837 4658 sententiam
868 4604 1104 4672 perfecte
1122 4605 1474 4673 explicuerat.
1505 4606 1651 4659 addit
1679 4622 1691 4658 :
1728 4623 1745 4654 ι
1781 4604 1890 4659 Hoc
1921 4606 2082 4675 igitur

519 4715 538 4746 ι
563 4706 667 4760 est,
687 4695 936 4750 Dominus
966 4697 1198 4750 condidit
1223 4711 1301 4750 me
1319 4696 1630 4765 principium
1648 4697 1850 4748 uiarum
1871 4710 2101 4762 suarum,

517 4807 539 4841 ι
571 4791 640 4842 ad
673 4804 828 4856 apera
863 4806 979 4842 sua.
1014 4807 1032 4840 ι
1077 4789 1199 4844 Haec
1247 4800 1425 4844 autem
1477 4789 1696 4857 scripsit
1750 4802 1852 4842 non
1901 4786 2085 4840 valens

513 4897 625 4935 sua:
650 4880 844 4934 mentis
892 4880 1080 4936 oculos
1125 4895 1340 4936 sursum
1382 4880 1653 4942 attollere,
1705 4893 1803 4934 nec
1864 4877 2086 4948 perinde

514 4987 580 5026 ac
631 4971 894 5040 propheta
945 4971 1151 5038 dicens,
1176 4969 1400 5036 Quando
1447 4969 1689 5023 intuebar
1728 4967 1881 5021 caelos
1930 4983 2087 5035 apem

515 5063 798 5133 digitorum
831 5073 1061 5129 tuorum,
1095 5064 1277 5116 lunam
1307 5072 1357 5118 et
1395 5061 1597 5125 stellas,
1635 5076 1765 5129 quas
1807 5068 1864 5111 tu
1899 5059 2090 5126 funda-

516 5156 583 5207 sti
602 5153 668 5205 ³⁵.
693 5151 804 5208 Nec
837 5155 890 5209 in
927 5156 1239 5209 memoriam
1273 5169 1533 5210 revocans
1564 5151 1839 5222 propheta:
1864 5149 2090 5212 dictum,

484 5345 489 5414 ξ
521 5410 559 5414 υ
594 5347 650 5414 iis
689 5342 784 5396 Ed.
812 5341 1006 5403 Paris..
1044 5361 1165 5414 pag.
1211 5343 1332 5398 157.
1458 5343 1498 5375 ⁸⁷
1522 5349 1680 5397 Num.
1721 5356 1836 5414 3m,
1871 5339 1960 5394 22.

483 5405 491 5453 l
519 5410 564 5444 “
591 5412 749 5467 l’rov.
792 5430 909 5479 vm,
943 5405 1056 5469 9.2..
1110 5405 1154 5446 δ’
1182 5415 1336 5470 lium.
1366 5431 1443 5481 xl,
1472 5415 1562 5471 55.

591 5645 704 5791 γη)
731 5643 894 5713 Vulgo
919 5650 945 5700 6
977 5649 1177 5730 Κύριος
1204 5651 1300 5730 τῂν
1325 5649 1459 5705 ὀδόν.

616 5716 708 5778 78)
739 5715 908 5768 Vulgo
930 5735 1120 5774 πασῶν
1153 5720 1288 5774 ὁδων
1313 5720 1405 5774 τοῦ
1443 5723 1459 5776 1

616 5716 708 5788 78)
739 5715 908 5768 Vulgo
930 5715 1120 5774 πασῶν
1153 5715 1288 5774 ὁδῶν
1313 5720 1405 5774 τοῦ
1443 5721 1668 5791 Κυρίου.

2079 5339 2122 5372 ⁸⁸
2151 5339 2307 5396 Deut.
2348 5357 2476 5405 xxx,
2530 5343 2614 5398 I5.

1646 5414 1692 5444 ³³
1718 5409 1873 5468 Joan.
1905 5427 1954 5478 γ,
1988 5411 2072 5467 I7.
2151 5410 2197 5443 “
2227 5410 2382 5466 Joan.
2407 5428 2537 5478 xvii,
2576 5415 2628 5468 i.
2705 5417 2750 5447 ’⁵
2791 5418 2931 5472 Psal.
2963 5433 3078 5484 vm,
3116 5419 3167 5472 4.

2173 3225 2280 3280 τῶν
2312 3226 2447 3280 ὁδῶν
2491 3228 2664 3300 ἀρχὴν
2722 3225 2858 3282 εἶναι
2902 3229 3079 3296 λέγειν
3103 3228 3199 3280 τὸν
3235 3226 3516 3298 εἰρηκότα,
3537 3226 3748 3294 Κύριος

2174 3318 2372 3371 ἑκτισέ
2399 3336 2475 3387 με
2499 3319 2694 3388 ἀρχὴν
2718 3319 2872 3373 ὁδῶν
2892 3319 3075 3374 αὐτοῦ
3100 3321 3189 3385 εὶς
3216 3320 3360 3386 ἔργα
3397 3315 3581 3372 αὐτοῦ
3603 3333 3617 3346 ·
3640 3318 3671 3371 ὁ
3689 3316 3746 3370 δὲ

2179 3409 2254 3480 μὴ
2276 3412 2472 3481 νοήσας
2485 3411 2582 3475 τὰς
2598 3412 2747 3474 ὁδοὺς
2762 3413 2855 3464 τοῦ
2873 3404 3027 3475 Θεοῦ,
3059 3411 3155 3483 τὴν
3189 3411 3366 3483 σάρκα
3385 3411 3479 3466 τοῦ
3502 3411 3743 3482 Σωτῆρος

2178 3501 2348 3573 ἀρχὴν
2393 3503 2594 3556 τούτων
2643 3500 2776 3556 εἶναι
2811 3506 3145 3575 ἀπεφήνατο.
3205 3504 3528 3576 Ἐρμηνεύει
3563 3504 3618 3558 δὲ
3655 3504 3742 3558 καὶ

2177 3596 2257 3657 τὸ,
2292 3597 2379 3659 εὶς
2393 3596 2535 3663 ἔργα
2549 3595 2754 3658 αὐτοῦ,
2784 3596 3320 3664 φάσκων,Ἔκτισεν
3346 3593 3440 3649 οὖν
3447 3613 3547 3666 με,
3570 3597 3747 3668 φησιν,

2178 3685 2374 3755 ἀρχὴν
2410 3685 2563 3740 ὁδῶν
2601 3687 2785 3739 αὐτοῦ
2828 3690 2915 3753 εἱς
2943 3689 3085 3757 ἔργα
3116 3687 3321 3740 αὑτοῦ.
3368 3688 3502 3740 Ποῖα
3530 3687 3588 3741 δὲ
3621 3687 3756 3758 ἔργα

2180 3777 2378 3847 φησίνς
2414 3779 2540 3848 περὶ
2571 3771 2644 3831 ὧν
2685 3780 2714 3830 6
2751 3780 2939 3850 Σωτὴρ
2969 3778 3136 3846 λέγει,
3174 3780 3225 3831 '0
3249 3779 3450 3847 Πατήρ
3484 3797 3604 3849 μου
3647 3778 3759 3845 ἕως

2180 3867 2308 3935 ἄρτι
2347 3867 2668 3936 ἐργάζεται,
2719 3868 2878 3939 κάγὼ
2929 3869 3262 3939 ἐργάζομαι·
3310 3870 3406 3924 καὶ¹
3454 3866 3630 3934 αὖθις,
3687 3870 3759 3922 Τὸ

2180 3959 2375 4029 ἔργον,
2410 3961 2591 4031 φησιν,
2609 3961 2946 4026 ἑτελείωσα,
2970 3962 3000 4015 ὂ
3022 3962 3284 4029 δέδωκάς
3296 3981 3418 4032 μοι.
3440 3958 3550 4016 Εἶθ’
3569 3961 3761 4031 ῶσπερ

2181 4050 2454 4122 διασαφῶν
2498 4054 2596 4124 τὴν
2647 4053 2756 4106 τῶν
2801 4056 3104 4125 εἰρημένων
3159 4054 3424 4120 διάνοιαν,
3479 4052 3756 4122 ἐπιλέγει·

2189 4162 2207 4193 ι
2248 4144 2343 4207 Τίς
2371 4144 2479 4217 γὰρ
2513 4145 2616 4216 πρὸ
2641 4146 2740 4216 τῆς
2761 4146 2870 4198 τῶν
2901 4147 3239 4217 πραγμάτων
3267 4145 3597 4212 ἀποδείξεως,
3626 4144 3756 4197 ἐπί-

2190 4252 2209 4286 ι
2254 4252 2473 4289 στευσεν
2508 4235 2593 4301 ἂν,
2629 4239 2711 4290 ὅτι
2748 4238 2918 4306 Λόγος
2946 4237 3079 4290 Θεοῦ
3113 4238 3199 4292 διὰ
3224 4238 3484 4311 Παρθένου
3514 4234 3756 4305 τεχθεὶς,

2190 4343 2208 4377 ι
2250 4326 2350 4396 τὴν
2390 4329 2669 4398 ἡμετέραν
2699 4329 3031 4400 ἀναλήψεται
3057 4331 3266 4401 σάρκα,
3297 4331 3387 4384 καὶ
3427 4329 3526 4400 τὴν
3575 4330 3762 4384 πᾶσαν

2193 4437 2211 4469 ι
2255 4418 2483 4489 θεότητα
2542 4423 2598 4473 ἐν
2659 4423 2795 4493 αὐτῇ
2830 4425 3153 4492 σωματικῶς
3214 4421 3569 4488 ὲπιδείξεται;
3609 4440 3629 4473 ι
3666 4423 3767 4475 καὶ

2181 4507 2369 4581 ῶσπερ
2399 4512 2584 4582 ἐντελῆ
2610 4512 2702 4584 τὴν
2731 4514 2967 4567 διάνοιαν
2992 4516 3221 4580 ἀποδοὺς
3253 4515 3465 4584 ἐπάγει·
3500 4534 3519 4566 ι
3555 4512 3767 4568 Οὐκοῦν

2189 4621 2206 4653 ι
2248 4601 2390 4655 τοῦτ’
2418 4603 2529 4656 ἐστι
2573 4605 2652 4670 τὺ,
2690 4608 2904 4674 Κύριος
2938 4607 3138 4661 ἔκτισέ
3160 4625 3235 4677 με
3255 4608 3454 4677 ἀρχὴν
3481 4607 3635 4661 ὁδῶν
3659 4599 3769 4661 αὖα

2192 4713 2210 4744 ι
2251 4693 2355 4747 τοῦ
2381 4697 2468 4760 εἰς
2499 4697 2643 4765 ἔργα
2675 4699 2880 4752 αὑτοῦ.
2923 4719 2938 4749 ι
2976 4701 3083 4752 Καὶ
3109 4699 3281 4752 ταῦτα
3313 4699 3377 4770 δὴ
3415 4698 3672 4770 ἔγραφεν,
3701 4698 3766 4751 οὐ

2184 4783 2432 4856 δυνηθεὶς
2463 4787 2585 4849 τοὺς
2611 4788 2708 4858 τῆς
2736 4789 2974 4853 διανοίας
3005 4791 3314 4862 ὀφθαλμοὺς
3345 4794 3424 4853 εἰς
3454 4790 3585 4860 ῦψος
3612 4785 3765 4864 ἆραι,

2186 4875 2282 4928 καὶ
2319 4876 2397 4947 τῷ
2429 4881 2682 4953 προφήτῃ
2713 4882 3102 4954 παραπλησίως
3143 4886 3334 4946 εἰπεῖν,
3374 4885 3510 4937 Ὅτε
3547 4883 3767 4954 ὃψηίιαι

2187 4967 2328 5034 τοὺς
2366 4972 2692 5039 οὐρανοὺς,
2727 4975 2871 5044 ἔργα
2907 4974 3024 5028 τῶν
3061 4975 3372 5030 δακτύλων
3402 4991 3520 5029 σου
3540 5017 3555 5041 ,
3580 4973 3767 5040 σελή-

2187 5076 2304 5128 νην
2339 5064 2434 5116 καὶ
2467 5064 2742 5134 ἀστέρας,
2779 5065 2817 5120 ἅ
2842 5068 2923 5121 σὺ
2947 5068 3363 5138 ἐθεμελίωσας⁸
3399 5067 3520 5121 οὐδὲ
3558 5082 3769 5138 μνημο-

2191 5152 2391 5218 νεύσας
2423 5155 2518 5209 τοῦ
2550 5159 2889 5230 προφητικοῦ
2919 5159 3098 5229 λόγου,
3126 5160 3190 5214 δι’
3217 5155 3277 5214 οὗ
3306 5159 3541 5231 εἴρηται,
3585 5160 3660 5212 Τὰ
3700 5155 3770 5210 δὲ

2762 5344 2972 5401 "Psal.
3011 5363 3052 5408 ι.
3085 5348 3138 5403 6.
3291 5345 3335 5376 ’°
3379 5343 3492 5399 Jer.
3541 5355 3628 5408 Vt,
3683 5335 3745 5392 Ιε

2269 5653 2382 5722 (79)
2414 5651 2579 5724 Vulgo
2614 5650 3032 5722 ἀκαταλήπτοις.
