4086 6202
314 271 430 334 985

1297 278 1384 334 DE
1425 279 1961 338 ECCLESIASTICA
1997 280 2385 339 THEOLOGIA
2426 284 2550 339 LIB.
2592 285 2679 341 Ill.

3457 294 3563 352 986

312 395 466 463 ἐρ’,ία
504 396 727 463 Κυρίου
768 399 879 452 οὐκ
918 396 1283 467 ἐμϐλέπουσι
1306 436 1320 461 ,
1353 398 1451 451 καὶ
1492 398 1565 453 τὰ
1608 398 1750 467 ἔργα
1781 395 1899 451 τῶν

2017 415 2107 471 [uo
2125 401 2219 462 ait,
2244 401 2412 471 Opera
2435 414 2609 458 autem
2627 404 2836 460 Domini
2852 421 2954 461 non
2969 407 3326 471 intuebuntur,
3344 416 3392 461 et
3411 424 3566 477 apem

316 485 539 555 χειρῶν
590 491 776 545 αὑτοῦ
833 493 903 545 οὐ
964 492 1386 546 κατανοοῦσιν.
1438 493 1500 545 Εἰ
1546 492 1652 564 γὰρ
1694 492 1899 556 τούτοις

318 583 713 653 προσεσχηκει,
747 582 884 650 ἔγνω
912 584 998 648 ἂν,
1033 585 1113 637 ὅτι
1148 584 1253 656 πρὸ
1279 583 1503 655 οὐρανοῦ
1538 585 1631 637 καὶ
1660 584 1760 654 γῆς
1802 584 1897 637 καὶ

321 672 435 742 πρὸ
470 673 566 727 τοῦ
602 674 907 745 σύμπαντος
934 676 1162 746 κόσμου,
1195 679 1289 729 καὶ
1323 678 1384 729 οὐ
1413 676 1517 747 πρὸ
1550 675 1657 729 τῶν
1688 675 1896 747 ὁρατῶν

326 765 490 835 μόνον
532 765 665 818 ἀλλὰ
710 766 801 818 καὶ
850 766 985 837 (80),
1034 768 1141 839 πρὸ
1173 768 1279 821 τῶν
1317 767 1521 839 νοητῶν
1571 767 1747 839 ἔργων
1805 765 1897 820 τοῦ

325 857 463 911 θεοῦ
494 858 599 911 τῶν
627 859 683 909 ἐν
721 859 1035 929 ἀσωμάτοις
1068 862 1163 913 καὶ
1193 859 1583 931 ὑπερκοσμίοις
1611 857 1899 928 δυνάμεσιν

331 952 389 1003 ὲν
422 950 708 1003 ὑποστάσει
740 951 908 1003 όντων
929 990 943 1013 ,
985 947 1053 1021 ἦν
1088 952 1181 1004 καὶ
1221 952 1394 1023 προῆν
1424 950 1467 1004 6‘
1501 950 1673 1003 ταῦτα
1706 949 1897 1017 λέγων.

343 1043 401 1095 '0
423 1042 477 1095 δὲ
515 1041 754 1113 μεταϐὰς
784 1044 875 1096 ἐπὶ
904 1043 986 1107 τὸ,
1020 1043 1139 1112 Πρὸ
1170 1043 1273 1097 τοῦ
1302 1042 1515 1108 αἰῶνος
1546 1042 1900 1111 ὲθεμελίωσέ

326 1152 420 1203 με,
452 1134 611 1187 πάλιν
649 1134 748 1205 τὴν
790 1135 966 1206 σάρκα
1007 1137 1085 1199 είς
1132 1134 1294 1205 μέσον
1330 1134 1449 1202 ἄγει
1486 1133 1655 1201 λέγων
1691 1132 1859 1197 οὕτως
1882 1149 1895 1163 ο

337 1246 356 1278 ι
396 1226 678 1297 Θεμέλιον
700 1227 886 1282 τοῦτον
916 1227 1212 1298 ὀνομάζων,
1241 1227 1339 1298 τὴν
1368 1226 1508 1280 κατά
1534 1226 1708 1296 σάρκα
1736 1225 1898 1279 αὐτου

338 1339 355 1369 ι
392 1318 811 1389 προορισθεωαν
834 1319 1157 1389 οἰκονομίαν.
1195 1319 1278 1380 Ὡς
1301 1318 1394 1370 καὶ
1417 1319 1445 1370 ὁ
1476 1314 1790 1378 Ἀπόστολος
1815 1314 1901 1367 λέ-

340 1430 357 1462 ι
395 1428 479 1479 γει
500 1428 513 1440 ·
546 1410 831 1479 Θεμέλιον
852 1410 959 1481 γάρ
980 1410 1171 1463 ἄλλον
1197 1408 1394 1475 οὐδεὶς
1414 1408 1659 1463 δύναται
1695 1407 1898 1470 θεῖναι,

338 1530 355 1552 ι
400 1500 562 1571 παρὰ
587 1502 695 1555 τὸν
725 1503 1022 1571 κείμενον,
1052 1500 1119 1565 ὅς
1133 1501 1302 1554 ἐστιν
1317 1501 1554 1567 Ἰησοῦς
1578 1500 1846 1568 Χριστός.
1876 1518 1894 1551 ι

332 1595 446 1647 Καὶ
486 1593 759 1661 ἐπιλέγει·
794 1611 811 1643 ι
836 1592 982 1655 Ἐνὸς
1027 1592 1082 1645 δὲ
1114 1593 1305 1655 αἰῶνος
1334 1591 1563 1645 ἐνταῦθα
1613 1594 1898 1661 μέμνηται,

342 1704 359 1736 ι
404 1687 498 1753 ἀφ’
532 1679 592 1738 οὗ
636 1684 703 1737 τὰ
730 1682 871 1737 κατά
915 1682 1004 1736 τὸν
1050 1682 1281 1754 Χριστὸν
1309 1681 1730 1753 τεθεμελιῶσθαι
1773 1680 1898 1751 ἔφη,

2011 508 2259 546 manuum
2305 494 2468 562 ipsius
2520 511 2620 549 non
2657 496 2940 567 intelligent
2966 498 3030 552 ".
3083 495 3214 550 Nam
3275 498 3321 553 si
3362 500 3429 552 ad
3469 498 3569 553 ista

2006 584 2324 639 attendisset
2363 586 2624 651 animum,
2680 587 2807 641 illud
2860 590 3045 657 ulique
3101 604 3427 659 cognoscere
3474 606 3566 660 po-

2008 675 2197 731 tuisset
2217 716 2229 735 .
2260 678 2401 745 quod
2429 688 2556 732 ante
2586 678 2779 731 cmlum
2814 689 2867 735 et
2895 689 3127 745 terram,
3151 690 3275 735 ante
3312 682 3568 735 mundum

2008 769 2337 832 universum,
2400 785 2501 823 nec
2535 781 2659 824 ante
2690 772 2801 824 sola
2834 773 3062 825 visibilia
3087 813 3102 837 ,
3157 774 3249 827 sed
3288 784 3342 827 et
3382 774 3571 829 invisi-

2008 858 2153 919 hilia.
2189 868 2241 913 et
2269 870 2393 913 ante
2426 876 2585 929 opera
2616 862 2705 914 Dei
2750 862 3149 926 intellectualia,
3200 881 3316 933 quae
3362 866 3413 919 in
3467 881 3567 934 po-

2010 951 2192 1004 tentiis
2213 950 2451 1005 relucent
2479 953 2835 1021 incorporeis,
2866 966 2916 1007 et
2943 958 3406 1020 extramundnnis,
3431 968 3565 1023 erat,

2006 1052 2059 1095 et
2102 1053 2330 1111 pra-erat
2354 1043 2417 1108 is,
2455 1044 2544 1112 qui
2574 1044 2674 1097 ista
2707 1044 2958 1113 loquitur.
3005 1045 3095 1100 Ille
3137 1058 3335 1111 autem,
3369 1050 3567 1103 transi-

2010 1130 2157 1184 tione
2207 1130 2348 1184 facta
2393 1132 2455 1185 ad
2489 1133 2637 1199 illud,
2687 1133 2818 1186 Ante
2865 1135 3054 1187 swcula
3096 1136 3333 1205 fundavit
3384 1155 3484 1201 me,
3514 1141 3567 1194 in

2010 1222 2240 1275 medium
2275 1224 2449 1277 denuo
2481 1224 2697 1279 adducit
2723 1241 2961 1293 carnem,
2989 1227 3236 1297 inquiens
3263 1228 3352 1300 [ιι.
3380 1229 3518 1302 XIV]
3550 1249 3564 1284 :

2013 1333 2031 1366 ι
2068 1315 2140 1369 Ita
2169 1316 2219 1369 in
2251 1332 2412 1371 carne
2445 1318 2561 1386 ejus
2604 1320 3019 1387 przeordinatam
3054 1323 3406 1376 mcommiam
3428 1363 3445 1390 ,
3477 1338 3569 1378 vo-

2012 1425 2030 1457 (
2064 1416 2150 1460 cat
2182 1407 2578 1474 fundamentum
2627 1425 2643 1463 :
2697 1412 3147 1479 quemadmodum
3187 1423 3240 1468 et
3282 1414 3571 1484 Apostolus

2013 1516 2031 1548 ‹
2063 1498 2315 1567 loquitur,
2350 1496 2779 1554 Fundamentum
2807 1519 2951 1556 nemo
2982 1503 3128 1556 aliud
3148 1514 3319 1573 potest
3363 1523 3570 1573 ponere,

2013 1606 2031 1638 ι
2062 1600 2247 1656 praeter
2274 1590 2406 1643 illud
2434 1594 2571 1660 quod
2609 1594 2835 1660 positum
2865 1604 2969 1661 est,
2997 1597 3085 1662 qui
3115 1607 3188 1650 est
3231 1596 3386 1651 Jesus
3423 1598 3574 1652 Chri-

2015 1698 2033 1730 ι
2066 1692 2177 1735 stus
2201 1682 2265 1734 ³⁷.
2306 1700 2325 1733 ι
2345 1682 2538 1736 Addit:
2564 1700 2582 1733 ι
2611 1682 2780 1739 Unius
2798 1694 2975 1739 autem
3001 1688 3181 1741 saeculi
3206 1688 3365 1742 isthic
3382 1690 3572 1743 memi-

344 1797 361 1828 ι
406 1778 583 1830 καίτοι
616 1775 825 1829 πολλῶν
864 1775 1310 1848 παρεληλυθότων
1352 1772 1583 1838 αἰώνων,
1627 1773 1702 1835 ὡς
1738 1774 1766 1825 6
1805 1774 1910 1825 Δα-

2018 1792 2035 1823 c
2073 1771 2172 1836 nit,
2200 1772 2253 1826 in
2283 1787 2388 1841 quo
2415 1788 2474 1827 ea
2507 1790 2627 1844 qua:
2654 1776 2717 1829 ad
2746 1776 3014 1831 Christum
3051 1788 3316 1848 spectant,
3350 1780 3569 1834 fundata

345 1890 362 1918 ι
402 1870 487 1921 ϐὶδ
504 1868 627 1941 ἔφη,
644 1869 704 1921 '0
726 1867 1005 1937 ὑπάρχων
1028 1868 1138 1935 πρὸ
1163 1866 1280 1921 τῶν
1297 1865 1544 1921 αἰώνων.
1570 1885 1589 1917 ι
1616 1864 1722 1918 Καὶ
1740 1880 1907 1935 μετα-

2017 1885 2031 1918 ι
2064 1882 2183 1922 esse
2206 1867 2354 1930 dicit,
2385 1877 2703 1923 cumtamen
2736 1868 2884 1939 plura
2909 1870 3290 1938 praeteriissent
3330 1870 3527 1925 stecula
3552 1888 3570 1925 :

343 1961 444 2025 σὰς
474 1961 600 2030 ἑξῆς
634 1962 723 2014 ἐπὶ
754 1958 816 2013 τὸ
841 1961 910 2013 ἐν
939 1958 1096 2028 ἀρχῇ
1125 1958 1237 2026 πρὸ
1274 1957 1378 2011 τοῦ
1431 1956 1547 2025 τὴν
1598 1955 1715 2026 γῆν
1739 1955 1907 2024 ποιῆ-

2017 1975 2035 2009 ι
2074 1958 2289 2027 quodet
2327 1958 2494 2012 David
2544 1957 2792 2024 allirmat,
2836 1961 3105 2027 inquiens,
3136 1960 3238 2027 Qui
3288 1971 3399 2017 erat
3451 1971 3573 2017 ante

342 2071 467 2118 σαι,
509 2055 599 2108 καὶ
642 2053 737 2125 τὴν
776 2054 877 2124 γῆν
928 2052 1087 2107 πάλιν
1129 2050 1225 2122 τὴν
1302 2050 1479 2121 σάρκα
1553 2044 1688 2102 εἶναι
1739 2047 1905 2115 λέγει.

2017 2069 2033 2102 ι
2071 2049 2265 2104 arcula
2292 2050 2358 2102 ³⁸.
2390 2069 2408 2101 ι
2434 2048 2753 2118 Progressus
2778 2051 2904 2107 hinc
2930 2053 2996 2106 ad
3032 2053 3180 2118 illud,
3209 2051 3274 2107 In
3294 2055 3569 2122 principio,

341 2146 617 2218 Γράφειδὲ
648 2146 807 2199 οὕτωσ
849 2164 867 2197 ι
903 2147 1068 2199 Ποίαν
1121 2141 1322 2213 ταύτην
1375 2140 1470 2213 τὴν
1512 2138 1910 2211 γῆν;ἢδηλον-

2017 2142 2313 2211 priusquam
2364 2152 2555 2196 terram
2596 2143 2859 2208 conderet,
2911 2143 2984 2197 ihi
3014 2144 3188 2198 denuo
3223 2154 3419 2198 terram
3453 2160 3575 2200 esse

347 2258 366 2290 ε
406 2239 487 2292 ότι
516 2239 612 2309 τὴν
641 2238 915 2310 ἡμετέραν
948 2235 1148 2306 σάρκα,
1179 2234 1277 2305 τὴν
1312 2233 1447 2304 μετά
1501 2231 1598 2302 τὴν
1628 2228 1910 2301 παρακοὴν

2017 2248 2229 2289 carnem
2276 2244 2573 2292 asseverat.
2605 2253 2623 2286 ι
2653 2235 2950 2302 Quamnam
2991 2252 3120 2291 vero
3177 2238 3414 2293 terram?
3446 2256 3464 2290 ι
3498 2237 3573 2293 ita

346 2350 365 2382 ι
404 2330 507 2400 γῆν
542 2326 697 2393 αὖθις
732 2328 1060 2399 γενομένην
1094 2325 1185 2393 Γῆ
1225 2325 1335 2395 γὰρ
1376 2320 1449 2387 εἷ,
1479 2322 1663 2393 φησὶν,
1698 2321 1794 2375 καὶ
1826 2323 1913 2387 εις

345 2442 365 2475 ι
405 2420 521 2493 γῆν
566 2422 897 2489 ἀπελεύσῃ.
958 2419 1104 2472 Ἔδει
1150 2417 1258 2489 γὰρ
1307 2416 1510 2487 ταύτην
1578 2414 1770 2477 ίάσεως
1816 2431 1913 2467 τυ-

348 2536 365 2566 ι
407 2518 538 2585 χεῖν.
582 2533 601 2565 ι
648 2513 758 2566 Καὶ
794 2511 969 2565 ταῦτα
1008 2511 1064 2563 δὲ
1105 2510 1323 2579 φάσκει,
1351 2508 1409 2560 οὺ
1468 2506 1843 2578 μνημονεύσας
1885 2506 1914 2558 6

346 2606 650 2675 σοφώτατος
677 2605 751 2668 ὼς
776 2606 870 2658 καὶ
895 2603 1151 2674 ἀνωτέρω
1174 2602 1278 2673 πρὸ
1304 2600 1395 2653 τοῦ
1426 2601 1524 2671 τὴν
1552 2601 1654 2671 γῆν
1691 2598 1913 2667 ποιῆσαι

345 2699 589 2752 ἐκτίσθαι
632 2697 730 2768 τὴν
780 2698 957 2768 σάρκα
994 2694 1167 2767 ἀρχὴν
1206 2692 1340 2746 ὁδῶν
1378 2691 1470 2745 τοῦ
1516 2691 1648 2744 Θεοῦ
1681 2688 1915 2762 εἰρηκὼς

346 2792 555 2862 ἔτυχεν.
590 2793 651 2844 Εἰ
687 2791 742 2844 δὲ
772 2790 905 2853 ὅλως
936 2788 1023 2841 διὰ
1056 2790 1153 2858 τῆς
1189 2787 1290 2857 γῆς
1330 2784 1427 2856 τὴν
1468 2783 1667 2853 σάρκα
1703 2782 1913 2853 ἐδήλου,

348 2884 466 2947 πῶς
495 2882 554 2935 οὐ
598 2884 964 2952 προῦπάρχειν
1005 2880 1104 2950 τῆς
1139 2878 1337 2947 σαρκὸς
1379 2876 1591 2946 ἀνάγκη
1638 2874 1915 2945 ὁμολογεῖν

348 2976 441 3029 τὸν
468 2975 691 3043 λέγοντα
720 2973 824 3044 πρὸ
855 2971 944 3025 τοῦ
987 2971 1084 3043 τὴν
1113 2970 1215 3039 γῆν
1260 2970 1480 3040 ποιῆσαι
1524 2967 1713 3021 ἑαυτὸν
1740 2962 1911 3028 εἷναις

351 3066 473 3138 Πρὸ
512 3066 620 3138 γὰρ
661 3065 767 3119 τοῦ
810 3062 1048 3130 αἰῶνος,
1092 3062 1275 3135 φησὶν,
1319 3058 1674 3131 ἐθεμελίωσέ
1702 3076 1797 3130 με,
1849 3059 1918 3112 ἐν

352 3157 512 3230 ἀρχῇ
540 3158 653 3226 πρὸ
689 3157 794 3211 τοῦ
828 3156 939 3225 τὴν
974 3153 1087 3226 γῆν
1136 3152 1407 3222 ποιῆσαι.
1451 3152 1657 3206 Οὐκοῦν
1690 3151 1794 3223 πρὸ
1820 3149 1914 3204 τοῦ

349 3251 450 3325 τὴν
490 3252 667 3322 σάρκα
706 3250 925 3319 ποιῆσαι
957 3249 984 3300 6
1034 3246 1203 3300 ταῦτα
1247 3245 1418 3314 λέγων
1453 3244 1713 3315 ὑπῆρχεν.
1754 3244 1817 3296 Εἰ
1862 3242 1918 3296 δὲ

354 3344 445 3398 καὶ
478 3342 551 3415 μὴ
577 3341 785 3395 πολλῶν
823 3339 1032 3393 αἰώνων
1062 3337 1484 3409 ἐμνημόνευσεν,
1520 3333 1631 3389 ἀλλ’
1675 3333 1812 3398 ἑνὸς,
1856 3326 1917 3385 οὗ

351 3437 443 3490 καὶ
482 3438 511 3488 6
541 3435 729 3504 Σωτὴρ
771 3432 1014 3504 ἐμνήσθη
1055 3428 1252 3493 εἰπὼν,
1292 3431 1357 3483 Ol
1398 3427 1515 3483 υἱοὶ
1559 3426 1667 3481 τοῦ
1706 3426 1920 3490 αἰῶνος

350 3524 561 3578 τούτου
595 3520 850 3592 γαμοῦσι
883 3521 980 3573 καὶ
1012 3520 1398 3590 γαμίσκονται
1418 3558 1433 3583 ,
1482 3518 1576 3572 καὶ
1610 3516 1780 3581 οὕτως
1823 3517 1921 3587 οὐχ

353 3617 389 3685 η
415 3613 548 3685 σὰρξ
570 3615 633 3685 ἢν
664 3614 949 3685 ἀνείληφεν
977 3614 1004 3665 6
1033 3612 1220 3683 Σωτὴρ
1251 3615 1284 3683 η
1295 3611 1408 3682 μῶν
1437 3610 1543 3682 πρὸ
1571 3608 1666 3663 τοῦ
1692 3608 1919 3662 ἐνεστῶ-

261 3740 268 3748 ς
355 3722 444 3768 τος
468 3704 659 3769 αἰῶνος
684 3705 897 3776 ὑπῆρχε
916 3720 930 3733 ’
974 3703 1086 3756 ἀλλ’
1116 3702 1275 3766 αὐτὸς
1300 3704 1328 3756 6
1364 3701 1533 3757 ταῦτα
1562 3702 1649 3755 διὰ
1677 3699 1923 3772 Σολομῶ-

355 3815 443 3862 νος
468 3799 749 3863 διδάσκων,
776 3799 907 3868 ὁρᾷς
932 3798 1032 3869 ὅσῃ
1062 3795 1447 3868 περιπέπτωκε
1470 3795 1743 3866 δυσχωρία
1771 3796 1798 3845 6
1825 3794 1923 3864 τῆς

354 3891 566 3955 εὐθείας
596 3891 691 3944 καὶ
725 3890 835 3961 (81)
873 3889 1153 3960 βασιλικῆς
1196 3888 1571 3959 παρατραπεὶς
1611 3888 1750 3940 ὀδοῦ.
1789 3887 1845 3939 '0
1867 3886 1924 3939 δὲ

355 3980 492 4052 πρὸς
532 3983 648 4044 ταῖς
679 3980 993 4051 εἰρημέναις
1028 3978 1105 4031 ἔτι
1148 3977 1242 4031 καὶ
1284 3976 1458 4031 ταῦτα
1485 3975 1807 4048 προστίθησι
1838 3975 1925 4028 λέ-

356 4090 499 4142 γων’
534 4072 650 4143 Πρὸ
689 4072 793 4125 τοῦ
822 4072 925 4137 τὰς
956 4071 1266 4135 ἀϐύσσους
1304 4068 1585 4137 ποιῆσαι,
1618 4068 1808 4139 φησίν·
1843 4069 1927 4119 ὲν-

356 4166 530 4220 ταῦθα
560 4167 655 4229 τὰς
696 4165 961 4228 ἀϐύσσους
1006 4162 1386 4236 παροιμιιιῶῶς
1427 4165 1455 4215 6
1500 4164 1784 4233 προφήτης
1828 4160 1926 4224 τὰς

358 4258 462 4310 τῶν
504 4257 671 4325 άγίων
720 4257 946 4325 καρδίας
986 4252 1121 4309 εἶναι
1162 4255 1345 4323 λέγει,
1377 4254 1475 4316 τὰς
1525 4256 1581 4306 ὲν
1610 4254 1688 4323 τῷ
1722 4251 1927 4306 ἑαυτῶν

361 4348 512 4420 βάθει
551 4351 650 4421 τὴν
685 4348 776 4402 τοῦ
820 4348 1126 4420 πνεύματος
1166 4348 1396 4418 ἐχούσας
1446 4345 1673 4418 δωρεάν·
1717 4346 1809 4399 καὶ
1866 4344 1924 4398 οὐ

2013 2329 2089 2382 ait
2117 2344 2130 2380 :
2167 2348 2184 2379 ι
2216 2338 2362 2383 certe
2392 2344 2495 2382 non
2525 2330 2683 2383 aliam
2706 2346 2866 2399 quam
2898 2347 3116 2385 carnem
3143 2341 3381 2385 nostram
3412 2348 3425 2384 :
3455 2347 3575 2402 qua:

2018 2438 2036 2471 ι
2077 2431 2196 2486 post
2229 2422 2732 2490 transgressionem,
2790 2430 2933 2475 terra
2986 2422 3201 2475 demum
3254 2423 3399 2477 facta
3449 2423 3575 2479 fuit.

2020 2532 2038 2565 ι
2078 2511 2241 2567 Terra
2267 2530 2319 2567 es
2353 2513 2509 2574 enim,
2547 2513 2749 2582 inquit,
2780 2521 2826 2566 et
2880 2514 2934 2565 in
2979 2524 3172 2566 terram
3224 2514 3574 2569 reverteris".

2019 2621 2039 2655 ι
2070 2603 2162 2657 Ilia
2197 2604 2396 2658 etenim
2447 2603 2779 2672 persnnauda
2825 2602 3021 2656 fuerat.
3058 2623 3077 2654 ι
3112 2602 3235 2657 Haec
3272 2613 3451 2658 autem
3502 2606 3576 2660 ita

2014 2694 2213 2764 posuit,
2243 2709 2349 2748 non
2379 2694 2711 2755 recordatus,
2737 2707 2835 2762 pro
2862 2707 2957 2747 sua
2986 2694 3246 2762 sapientia
3272 2696 3412 2764 quod
3444 2696 3578 2751 dici-

2018 2796 2125 2851 tur,
2192 2785 2504 2855 priusquam
2564 2796 2705 2840 terra
2762 2785 3126 2851 conderetur,
3188 2796 3425 2841 creatam
3472 2788 3576 2844 dici

2017 2895 2238 2935 carnem
2267 2879 2587 2949 principium
2618 2879 2824 2933 viarum
2853 2879 2969 2935 Dei.
2998 2878 3149 2945 Quod
3196 2879 3239 2933 si
3288 2895 3422 2935 vero
3481 2896 3580 2952 per

2018 2984 2216 3026 terram
2269 2970 2508 3025 indicare
2551 2970 2723 3025 voluit
2760 2986 2967 3024 carnem
3002 2984 3020 3023 .'
3052 2970 3319 3039 quomodo
3364 2972 3580 3041 cogitur

2018 3061 2259 3117 conﬁteri
2290 3076 2394 3116 non
2441 3061 2712 3116 exstitisse
2755 3072 2881 3119 ante
2931 3077 3144 3117 carnem
3167 3063 3256 3132 qui
3282 3063 3408 3116 dicit
3442 3069 3501 3127 ᾖ(
3522 3077 3581 3118 se

2018 3155 2332 3224 priusquam
2372 3164 2514 3207 terra
2560 3154 2915 3218 conderetur,
2949 3152 3259 3209 exstitisse?
3296 3150 3430 3207 Nam
3461 3162 3585 3207 ante

2017 3246 2288 3311 saeculum,
2338 3245 2531 3315 inquit,
2582 3246 2820 3314 fundavit
2860 3262 2974 3309 me,
3021 3247 3076 3299 in
3121 3244 3387 3315 principio
3432 3252 3582 3298 ante-

2019 3356 2173 3410 quam
2202 3349 2393 3392 terram
2418 3338 2633 3407 faceret.
2664 3340 2840 3407 Atque
2866 3340 2935 3392 ita
2975 3339 3066 3407 qui
3107 3339 3208 3392 ista
3242 3341 3305 3393 de
3340 3353 3397 3392 se
3427 3336 3581 3398 dixit.

2020 3441 2166 3485 certe
2190 3427 2483 3483 exsistebat
2512 3438 2637 3483 ante
2662 3428 3043 3483 carnetn..Nec
3090 3429 3253 3483 refert
3282 3428 3428 3497 quod
3474 3445 3583 3485 non

2020 3522 2331 3576 meminerit
2360 3522 2710 3593 plurimorum
2744 3518 3100 3583 saeculorum,
3136 3520 3230 3573 sed
3263 3519 3443 3583 unius,
3490 3534 3575 3574 cu:

2016 3614 2106 3685 jus
2132 3624 2185 3670 et
2211 3612 2466 3668 Servator
2499 3612 2779 3679 men‘tinit,
2805 3612 3082 3681 inquiens,
3111 3608 3241 3663 Filii
3280 3610 3435 3679 hujus
3481 3626 3583 3665 sae-

2023 3712 2129 3765 culi
2166 3712 2290 3765 dant
2321 3719 2368 3764 et
2407 3710 2664 3779 accipiunt
2697 3709 2749 3760 in
2792 3707 3180 3760 matrimonium
3213 3705 3279 3761 ³⁰.
3305 3704 3482 3773 Atque
3512 3704 3586 3759 ita

2024 3820 2130 3860 non
2162 3817 2315 3866 caro,
2344 3816 2505 3871 quam
2546 3798 2780 3868 suscepit
2807 3798 3063 3851 Servator
3089 3804 3269 3849 noster
3296 3805 3420 3847 ante
3450 3808 3587 3862 pne-

2025 3914 2150 3955 sens
2200 3899 2301 3952 hoc
2359 3895 2611 3951 saeculum
2665 3892 2957 3946 exsistebat
2997 3904 3012 3943 :
3056 3890 3151 3943 sed
3185 3886 3296 3953 ille,
3340 3886 3429 3956 qui
3474 3886 3589 3940 haec

2027 3991 2216 4046 eadem
2272 4005 2367 4058 per
2409 3988 2752 4042 Salomonem
2802 3982 3017 4045 docuit;
3065 3981 3211 4035 vides
3246 3979 3332 4034 ille
3377 3979 3429 4033 in
3454 3992 3590 4048 quas

2032 4082 2315 4152 angustias
2359 4095 2416 4133 se
2464 4077 2776 4147 conjecerit,
2806 4074 2899 4144 qui
2942 4075 3007 4128 de
3051 4073 3195 4143 regia
3241 4081 3294 4127 et
3333 4080 3476 4126 recta
3503 4068 3588 4124 via

2026 4171 2330 4227 declinavit.
2351 4169 2429 4224 Ad
2461 4169 2543 4223 illa
2572 4167 2911 4222 autemdicta
2944 4166 3188 4235 superius
3203 4172 3255 4218 et
3274 4163 3373 4218 ista
3396 4162 3543 4216 addit
3573 4178 3589 4216 :

2035 4282 2053 4314 ι
2093 4262 2407 4333 Priusquam
2456 4260 2696 4313 conderet
2753 4260 2962 4328 abyssos
2996 4274 3013 4310 :
3063 4256 3169 4319 hic,
3208 4255 3399 4323 inquit,
3434 4253 3593 4324 abys-

2034 4370 2052 4403 ι
2091 4367 2180 4406 sos
2220 4349 2628 4421 proverbialiter
2666 4350 2923 4418 propheta
2953 4357 3256 4402 sanctorum
3281 4344 3445 4400 corda
3491 4357 3586 4413 αρε

360 4442 624 4514 συνίησιν,
657 4442 734 4505 ὼς
772 4441 875 4513 πρὸ
911 4442 1011 4511 τῆς
1065 4440 1328 4511 ὲνσάρκου
1375 4438 1487 4510 (82)
1530 4436 1624 4489 τοῦ
1677 4436 1910 4507 Σωτῆρος

2035 4464 2054 4496 ι
2092 4444 2458 4514 pellavit,qu:e
2480 4444 2532 4495 in
2558 4456 2651 4496 sua
2681 4441 3039 4509 profunditate
3059 4438 3275 4508 spiritus
3302 4437 3438 4489 dona
3467 4448 3591 4488 con-

360 4534 515 4605 ήμῶν
560 4534 861 4605 παρουσίας
898 4534 948 4585 οἱ
989 4534 1130 4600 ἅγιοι
1173 4530 1264 4585 τοῦ
1308 4530 1442 4584 Θεοῦ
1484 4530 1777 4602 προφῆται,
1830 4527 1910 4580 τοί

2038 4555 2058 4588 ι
2098 4534 2359 4590 tinebant.
2402 4554 2421 4587 ›
2452 4534 2561 4589 Nec
2589 4534 3297 4603 intelligitquodantequam
3345 4528 3396 4582 in
3430 4541 3594 4581 carne

361 4624 524 4679 αὐτοῦ
580 4626 837 4696 μετέσχον
881 4622 1217 4695 πνεύματος,
1254 4622 1455 4692 Μωσῆς
1500 4640 1561 4675 τε
1607 4622 1700 4675 καὶ
1750 4622 1800 4674 οἱ
1848 4619 1903 4671 έτ

2033 4625 2287 4681 Servator
2336 4623 2653 4690 adveniret,
2700 4624 2868 4677 sancti
2921 4622 3013 4677 l)ei
3050 4620 3322 4691 propheta:
3355 4616 3593 4687 ejusdem

361 4718 605 4781 Μωσέως
643 4717 1008 4788 παλαιότεροι.
1047 4714 1254 4769 Οὐκοῦν
1286 4716 1498 4784 ἀνάγκη
1544 4713 1747 4766 τούτων
1786 4713 1910 4765 ἀπα·

2032 4717 2251 4786 spiritus
2295 4714 2724 4785 participabant;
2778 4712 2950 4768 Moses
3006 4711 3257 4767 nimirum
3310 4718 3363 4763 et
3418 4708 3596 4761 adhuc

365 4808 472 4861 σῶν
508 4808 616 4861 τῶν
650 4808 922 4872 ἀϐύσσων,
954 4808 1000 4860 εἰ
1026 4807 1090 4878 δὴ
1117 4808 1172 4860 αἱ
1214 4804 1320 4859 τῶν
1352 4806 1518 4873 ἁγίων
1548 4803 1762 4873 καρδίαι
1789 4798 1910 4873 ἧσαπ

2035 4808 2125 4862 illo
2154 4808 2497 4861 vetustiores.
2529 4807 2709 4875 Itaque
2741 4819 2964 4859 necesse
2992 4813 3072 4858 est
3110 4800 3470 4869 antiquiorem
3512 4796 3598 4850 his

365 4894 543 4965 αὗται,
590 4900 940 4971 παλαιότερον
982 4895 1117 4953 εἶναι
1146 4898 1235 4952 τὸν
1273 4897 1516 4965 λέγοντα,
1549 4895 1668 4962 Πρό
1689 4894 1793 4948 τοῦ
1823 4895 1910 4958 τὰς

2036 4898 2245 4969 abyssis
2276 4897 2342 4969 (si
2374 4898 2534 4952 modo
2567 4907 2871 4951 sanctorum
2902 4896 3061 4948 corda
3105 4894 3216 4946 sint
3254 4890 3455 4959 abyssi)
3500 4902 3597 4943 ex.

364 4995 675 5061 ἀϐύσσους
720 4994 987 5062 ποιῆσαι.
1020 4992 1141 5057 Πῶς
1184 4988 1275 5045 οὖν
1312 4991 1534 5045 δυνατὸν
1577 4984 1644 5058 ἦν
1696 4989 1786 5041 ἐπὶ
1834 4986 1910 5057 τὴε

2036 4988 2240 5041 stitisse
2276 4987 2447 5052 illum,
2485 4987 2575 5055 qui
2612 4986 2778 5051 dixit,
2834 4984 3152 5053 Priusquam
3189 4981 3361 5051 abyssi
3408 4978 3597 5032 conde~

369 5086 546 5156 σάρκα
587 5085 679 5139 τοῦ
725 5086 973 5157 Σωτῆρος
1023 5082 1386 5154 ἀναφέρεσθαι
1425 5080 1627 5142 causa;
1662 5079 1771 5130 Καὶ
1804 5077 1909 5147 μὴν

2039 5090 2240 5143 rentur,
2268 5091 2375 5133 etc.
2414 5079 2691 5147 Quomodo
2728 5078 2892 5146 igitur
2942 5077 3008 5130 ad
3041 5089 3260 5129 carnem
3294 5069 3602 5127 Servatoris

368 5179 423 5232 εἴ
445 5196 526 5242 τις
558 5178 703 5249 αὐτῷ
729 5180 903 5250 παρῆν
926 5177 1035 5231 τῶν
1060 5176 1216 5231 θείων
1242 5174 1475 5243 Γραφῶν
1500 5172 1692 5242 ὲπιστή
1703 5188 1798 5241 μη,
1833 5172 1910 5223 66:

2042 5170 2229 5226 referri
2258 5173 2551 5243 poterant?
2585 5172 2763 5239 Certe,
2800 5170 2846 5224 si
2875 5170 2955 5224 vel
2994 5166 3255 5223 tantillam
3298 5164 3601 5220 divinarum

445 5352 503 5410 ixi
532 5348 626 5401 Erl.
657 5346 853 5411 Paris.,
886 5361 1008 5416 pag.
1044 5342 1163 5398 158.
1240 5343 1286 5374 ’⁸
1315 5341 1415 5395 lsa.
1450 5339 1617 5402 v.12.
1693 5337 1776 5391 ¹⁷Ι
1810 5337 1910 5391 Cor

2017 5353 2055 5401 ι,
2085 5335 2171 5392 il.
2274 5335 2317 5367 "
2334 5334 2476 5390 Psal.
2513 5348 2642 5400 xcu,
2674 5336 2730 5388 ‘2.
2832 5334 2875 5365 ”
2907 5331 3040 5387 Gen.
3084 5346 3170 5398 ιιι,
3198 5330 3281 5386 i9.
3392 5326 3435 5357 ⁸⁸
3468 5323 3628 5381 Luc..

434 5436 525 5485 xx,
563 5418 655 5478 54.

2274 5335 2317 5367 ’⁸
2334 5334 2476 5390 Psal.
2513 5348 2642 5400 xcu,
2674 5336 2730 5388 ‘2.
2832 5334 2875 5365 ”
2907 5331 3040 5387 Gen.
3084 5346 3170 5398 ιιι,
3198 5330 3281 5386 i9.

443 5610 765 5683 (StliVulgo
784 5611 919 5665 ἀλλὰ
965 5611 1095 5683 [τῶν
1140 5604 1406 5678 ἀοράτων]
1466 5606 1577 5659 καί.
1630 5602 1745 5657 Mox
1776 5602 1932 5671 vulgo

372 5696 495 5758 post
514 5682 697 5758 λέγων
728 5686 920 5758 ἰιιιεᾼψ.

443 5752 556 5825 (8t)
597 5741 766 5821 Vulgo
824 5741 1104 5823 βασιλικῆς
1157 5751 1248 5803 καὶ
1289 5746 1519 5815 εὐθείας,
1567 5752 1619 5802 et
1663 5759 1805 5807 mox,
1846 5741 1931 5795 ὅδε

2044 5604 2195 5674 πρός.

2112 5673 2224 5745 (82)
2266 5669 2435 5741 Vulgo
2455 5683 2547 5720 του
2572 5684 2677 5725 om.
