4086 6202
476 257 580 313 9f?

1138 251 1406 307 EUSEBII
1442 246 1917 306 CAESARIENSIS
1953 247 2105 305 OPP.
2145 247 2323 304 PARS
2363 249 2449 305 ιν.
2489 280 2558 290 -
2598 248 3010 307 DOGMATICA.

3593 259 3702 313 988

477 378 880 447 Seriptusart'tm
913 370 1273 446 cognitionem
1303 375 1554 437 haberet,
1588 387 1693 426 non
1734 372 1806 424 ita
1838 370 2030 424 leviter

2133 368 2199 422 ἂν
2238 370 2474 441 εὐχερῶς
2517 369 2688 435 οὕτως
2729 372 2838 443 (85)
2883 373 3209 442 ἀπεφαίνετο
3237 374 3336 439 τὰς
3379 375 3485 430 τῶν
3528 378 3701 445 ἁγίων

476 480 528 524 et
553 467 715 524 facile
736 466 1151 523 determinasset
1192 476 1503 520 sanctorum
1549 463 1708 519 corda
1743 477 1861 517 esse
1904 466 2036 516 istas

477 559 720 630 abyssos.
764 557 1030 611 lnstamer
1057 557 1204 609 addit
1233 556 1375 608 enim
1404 554 1609 621 Moses,
1636 554 1777 623 quod
1808 554 2038 608 tenebrze

477 658 813 717 erantsuper
838 649 1123 718 abyssum;
1152 647 1431 715 multiplex
1458 648 1551 702 sed
1570 645 2037 701 inextricabilisde

480 742 598 796 istis
623 756 799 795 sermo
816 743 1015 794 seritur
1037 742 1089 794 in
1115 741 1311 794 divinis
1332 739 1572 793 Litteris.
1593 736 1726 791 Nam
1746 737 2036 807 Apostolus

479 836 573 898 ait,
605 832 687 886 Ne
739 834 955 895 dixeris,
989 831 1117 896 Quis
1168 832 1409 884 ascendet
1464 830 1521 884 in
1570 828 1794 882 coelum!
1835 831 1931 882 ltoc
1961 838 2035 882 est

480 925 741 981 Christum
773 926 1062 986 deducere;
1097 934 1184 976 aut
1211 922 1340 988 Quis
1367 922 1637 975 descendet
1674 923 1727 974 in
1751 923 1993 991 abyssum
2011 922 2037 976 .’

478 1020 576 1071 hoc
600 1026 696 1084 est,
738 1015 1008 1070 Christum
1059 1032 1083 1069 ε
1134 1015 1355 1068 mortuis
1402 1014 1618 1067 educere
1639 1014 1703 1068 ³¹.
1750 1013 1805 1067 In
1842 1014 2034 1081 quibus

477 1108 689 1162 videtur
752 1106 1044 1161 iufernales
1095 1105 1341 1174 regiones
1404 1105 1630 1175 aliyssos
1708 1102 2028 1157 nominasse.

479 1198 629 1265 Quod
654 1197 854 1251 clarius
898 1198 1075 1250 adlmc
1129 1196 1334 1249 indirat
1377 1195 1633 1248 Dominus
1683 1194 1793 1262 ipse
1843 1194 1893 1247 in
1945 1192 2034 1247 illo

477 1306 599 1345 cum
624 1289 760 1345 Jobo
785 1289 1052 1358 colloquio
1081 1304 1195 1351 suo,
1234 1287 1376 1342 Vade
1401 1298 1573 1340 autem
1604 1287 1672 1339 ad
1701 1285 1892 1353 fontem
1921 1301 2034 1337 ma-

479 1378 570 1442 ris,
596 1386 669 1441 et,
702 1377 768 1430 In
799 1378 1018 1448 vestigiis
1046 1379 1216 1446 abyssi
1241 1378 1526 1431 ambulasti
1557 1393 1575 1430 :
1614 1376 1918 1444 aperiuntur
1942 1375 2033 1428 tibi

478 1487 586 1537 pro:
609 1471 793 1523 timore
814 1471 995 1539 jauua!
1021 1470 1203 1521 mortis
1229 1485 1248 1523 :
1279 1469 1541 1538 janitores
1573 1469 1767 1536 inferni
1807 1469 2030 1521 uidentes

478 1570 546 1625 te,
571 1563 973 1615 contremiscunt
992 1562 1057 1615 “.
1092 1562 1195 1614 Sed
1225 1571 1277 1615 et
1309 1562 1483 1629 impiae
1503 1562 1555 1615 in
1576 1562 1771 1631 abysso
1794 1569 2028 1629 potesta-

478 1660 560 1707 tes
585 1670 599 1705 :
628 1655 691 1705 tle
721 1652 912 1721 quibus
940 1653 1139 1705 dictum
1171 1661 1272 1716 est,
1311 1650 1546 1705 Laudate
1578 1652 1728 1705 illum
1768 1652 1831 1705 de
1868 1661 2027 1717 terra,

2135 462 2360 531 καρδίας
2392 458 2528 514 εἶναι
2556 462 2654 525 τὰς
2677 463 2960 529 ἀϐύσσους,
2986 466 3283 536 ἐπιστήσας
3306 465 3382 530 ὡς
3410 468 3599 531 σκότος
3632 463 3704 538 ἦν

2136 554 2320 607 ἐπάνω
2355 553 2454 624 τῆς
2486 554 2741 621 ἀϐύσσου,
2774 555 2913 609 κατὰ
2947 556 3045 628 τὴν
3087 558 3327 622 Μωσέως
3372 560 3700 631 μαρτυρίαν,

2134 643 2229 697 καὶ
2267 645 2342 708 ὼς
2391 645 2558 706 πολὺς
2602 646 2696 699 καὶ
2731 647 3159 719 δυσερμήνευτος
3193 652 3221 702 ό
3260 650 3386 720 περὶ
3418 651 3591 703 αὐτῶν
3642 653 3703 706 ὲν

2133 735 2197 804 τῇ
2232 732 2351 805 θείᾳ
2385 737 2569 805 Γραφῇ
2605 736 2827 807 φέρεται
2863 737 3033 805 λόγος.
3080 739 3136 791 '0
3171 739 3266 809 μὲν
3295 739 3401 810 γὰρ
3444 741 3704 794 Ἀπόστο-

2133 821 2240 886 λος,
2280 823 2375 891 Μὴ
2405 824 2599 892 εἴπῃς,
2625 827 2777 897 φησὶ,
2839 827 2934 892 Τίς
2956 826 3315 893 ἀναϐήσεται
3345 831 3432 893 εἰς
3456 829 3562 882 τὸν
3592 832 3700 883 οὐ-

2128 918 2349 983 ρανόν;
2377 916 2532 971 τοῦτ’
2569 918 2699 971 ἐστι
2748 919 3004 986 Χριστόν
3046 920 3411 990 καταγαγεῖν.
3457 924 3541 985 Ἠ,
3600 924 3701 990 Τίς

2133 1011 2524 1076 καταϐήσεται
2546 1013 2631 1077 εις
2658 1011 2771 1079 τὴν
2791 1011 3097 1076 ἅϐυσσον;
3117 1013 3274 1066 τοῦτ’
3296 1014 3700 1082 ἐστι’Χριστὸν

2131 1103 2199 1156 ἐκ
2237 1102 2463 1171 νεκρῶν
2506 1105 2843 1174 ἀναγαγεῖν.
2890 1104 3073 1157 Ἐοικε
3124 1104 3254 1173 γοῦν
3300 1107 3355 1159 ὲν
3389 1106 3591 1170 τούτοις
3621 1107 3697 1161 τὰ

2132 1195 2225 1249 τοῦ
2259 1195 2382 1266 ᾅδου
2414 1196 2587 1268 χωρία
2621 1196 2943 1267 κεκληκέναι
2972 1196 3223 1251 ἄϐυσσον.
3254 1197 3362 1251 Καὶ
3388 1198 3537 1260 αὐτὸς
3563 1198 3622 1252 δὲ
3660 1200 3693 1252 ό

2131 1286 2333 1359 Κύριος
2369 1288 2697 1357 σαφέστερον
2738 1287 2895 1342 τοῦτο
2934 1288 3168 1359 παρίστη
3213 1290 3272 1341 ὲν
3315 1288 3394 1359 τῷ
3423 1290 3550 1360 πρὸς
3592 1289 3691 1343 τὸν

2145 1377 2261 1431 Ἰὼϐ
2289 1379 2652 1450 χρηματισμῷ
2676 1378 2848 1448 λέγων
2874 1379 2982 1450 (84)
2998 1396 3012 1409 ⁸
3037 1375 3257 1446 Ἶιλθες
3280 1372 3461 1433 δὲ’ἐπὶ
3490 1379 3692 1449 πηγὴν

2129 1468 2462 1537 θαλάσσης,
2487 1471 2555 1524 ἐν
2572 1471 2641 1524 δὲ
2666 1471 2900 1541 ἴχνεσιν
2923 1471 3196 1525 ἀϐύσσου
3233 1470 3689 1539 περιεπάτησας·

2130 1564 2466 1632 ἀνοίγονται
2503 1562 2571 1617 δέ
2607 1579 2705 1617 σοι
2746 1558 2912 1631 ’φόϐῳ
2941 1562 3125 1617 avlai
3163 1562 3421 1617 θανάτου
3443 1580 3458 1594 ·
3494 1567 3691 1616 πυλω-

2122 1655 2220 1724 ροὶ
2254 1655 2321 1708 δὲ
2354 1655 2500 1722 ᾅδου
2542 1655 2767 1721 ἰδόντες
2803 1670 2896 1718 σε,
2930 1654 3218 1721 ἔπτηξαν.
3267 1654 3378 1707 Καὶ
3399 1653 3497 1719 τάς
3538 1656 3594 1707 ὲν
3624 1659 3688 1725 τῇ

474 1748 722 1801 dracones
742 1759 787 1799 et
809 1748 1062 1799 universa:
1084 1745 1330 1815 abyssi”.
1362 1744 1660 1799 Etulterius
1686 1744 1835 1810 illud,
1861 1744 2030 1812 Super

2131 1747 2349 1819 ἀϐύσσῳ
2384 1747 2440 1801 δὲ
2478 1747 2732 1818 δυνάμεις
2758 1747 3026 1817 πονηρὰς,
3056 1747 3183 1818 περὶ
3213 1739 3287 1799 ὧν
3316 1745 3551 1818 εἴρηται,
3597 1748 3694 1800 Αι-

475 1836 715 1904 abyssum
745 1836 987 1888 tenebra’.
1022 1835 1093 1888 De
1122 1837 1317 1903 quibus
1345 1835 1419 1887 ait
1463 1835 1635 1889 Moses
1655 1876 1670 1899 ,
1713 1835 1774 1888 Et
1811 1837 2032 1890 tenebrat

473 1936 622 1980 erant
666 1943 819 1992 super
842 1926 1162 1996 abyssum”.
1211 1927 1332 1981 llaec
1387 1929 1565 1980 omnia
1608 1928 1698 1996 qui
1754 1928 2032 1982 addiscere

472 2028 704 2086 poterat,
741 2019 783 2071 si
814 2018 1053 2071 sedulam
1097 2020 1282 2071 saltem
1323 2033 1571 2085 operam,
1621 2028 1675 2071 et
1718 2034 1822 2072 non
1867 2019 2031 2087 negli-

472 2119 683 2180 gentem
709 2112 761 2162 in
792 2111 988 2163 divinis
1024 2109 1236 2163 Litteris
1275 2110 1561 2177 posuisset,
1604 2115 1662 2173 >14
1704 2126 1808 2163 non
1849 2112 2031 2179 utique

472 2207 718 2254 vocasset
734 2209 1041 2252 sanctorum
1061 2198 1217 2252 corda
1234 2198 1456 2265 abyssos
1478 2214 1491 2249 :
1524 2197 1870 2251 intellexisset
1887 2199 2027 2251 enim

472 2292 736 2361 quomodo
775 2290 970 2343 dictum
1019 2290 1119 2354 sit,
1167 2300 1239 2356 et,
1273 2291 1500 2360 Abyssus
1539 2293 1737 2343 invocat
1765 2292 2026 2359 abyssum.

471 2385 540 2437 ad
569 2400 736 2438 vocem
767 2392 1155 2437 cataractarum
1187 2395 1402 2437 tuarum
1423 2384 1496 2449 ⁸⁸,
1543 2395 1595 2438 et
1638 2384 1864 2446 iterum,
1896 2386 2027 2436 Tur-

471 2477 606 2530 bata!
635 2485 751 2528 sunt
791 2476 995 2544 abyssi,
1038 2475 1312 2527 multitudo
1341 2476 1540 2528 sonitus
1596 2472 1934 2544 aquarum",
1974 2482 2029 2525 et

469 2568 684 2631 iterum,
710 2567 944 2637 Abyssus
966 2579 1210 2637 tauquam
1232 2567 1377 2621 restis
1400 2566 1814 2619 circumamictus
1832 2564 1942 2633 ejus
1960 2563 2026 2617 ³⁷.

472 2659 596 2714 Hzec
633 2669 687 2714 et
722 2660 804 2713 his
840 2658 1035 2712 similia
1086 2660 1320 2711 novisset
1365 2658 1638 2718 exactius,
1684 2657 1726 2709 si
1773 2671 1890 2725 qua:
1932 2654 2028 2724 ipsi

468 2766 595 2807 cura
630 2750 882 2805 suliiisset
924 2760 982 2803 ut
1013 2750 1127 2805 haec
1171 2750 1493 2817 intelligeret
1533 2758 1636 2802 :at
1696 2764 1835 2801 nunc
1883 2757 2026 2800 tanta

471 2844 585 2913 ipse
617 2842 910 2905 facilitate,
958 2851 1170 2910 tamque
1197 2839 1456 2895 dissolute
1502 2848 1809 2894 sanctorum
1864 2839 2025 2894 corda

468 2932 831 3002 pronuntiavit
868 2933 1110 3000 aliyssos.
1153 2929 1259 2984 Nec
1294 2940 1465 2985 tamen
1503 2931 1573 2982 ita
1607 2928 2027 2997 intellexitquod

468 3024 551 3078 vel
580 3024 873 3079 secundum
907 3023 1045 3076 hanc
1079 3021 1573 3087 interpretationem
1600 3058 1616 3084 ,
1662 3020 1707 3072 is
1737 3020 1826 3087 qui
1869 3019 2024 3084 dixit,

2135 1839 2288 1895 νεῖτε
2316 1839 2501 1893 αὐτὸν
2531 1840 2597 1893 ἐκ
2632 1838 2741 1908 τῆς
2756 1837 2885 1908 γῆς,
2919 1836 3258 1906 δράκοντες,
3290 1839 3383 1891 καὶ
3420 1835 3609 1892 πᾶσαι
3634 1840 3693 1891 αι

2135 1930 2425 1984 ἄϐυσσοιο
2464 1929 2558 1982 καὶ
2599 1929 2677 1982 ἔτι
2707 1930 2794 1996 τὸ,
2836 1928 3069 1982 Ἐπάνω
3109 1926 3227 1997 τῆς(
3248 1929 3522 1983 ἀϐύσσου
3551 1929 3670 1983 σκό

2134 2039 2263 2086 τος·
2292 2021 2419 2093 περὶ
2438 2016 2498 2075 οὗ
2537 2020 2742 2089 Μωσῆς
2779 2019 2905 2090 ἔφη,
2936 2019 3046 2073 καὶ
3092 2018 3202 2091 (85)
3240 2021 3461 2085 σκότος
3497 2019 3697 2073 ἐπάνω

2133 2113 2243 2181 τῆς
2280 2114 2585 2167 ἀϐύσσων
2622 2111 2793 2165 ταῦτα
2819 2113 2995 2165 πάντα
3035 2110 3240 2181 μαθὼν,
3295 2110 3452 2182 εἴπερ
3483 2106 3549 2181 ἦν
3574 2112 3699 2163 ἐπι-

2134 2204 2328 2265 πόνως,
2356 2203 2491 2257 ἀλλά
2536 2203 2609 2273 μὴ
2659 2202 2913 2272 ὲξιτήλως
2952 2205 3071 2266 ταῖς
3105 2201 3275 2266 θείαις
3324 2198 3697 2272 ἐντετυχηκὼς

2134 2296 2395 2365 Γραφαῖς,
2430 2295 2529 2347 οὐκ
2569 2294 2633 2346 ἂν
2667 2293 2764 2354 τὰς
2789 2292 2897 2345 τῶν
2926 2292 3094 2360 ἁγίων
3124 2292 3348 2362 καρδίας
3372 2290 3570 2361 ἐτόλμα
3610 2292 3697 2345 εί-

2134 2390 2254 2441 πείν
2280 2390 2376 2450 τὰς
2404 2385 2690 2448 ἀϐύσσους,
2715 2384 2854 2453 ἔγνω
2885 2384 2929 2437 δ’
2955 2384 3042 2447 ἂν,
3071 2384 3215 2447 ὅπως
3256 2384 3464 2456 εἴρηται
3485 2384 3579 2437 καὶ
3604 2382 3692 2446 τὸ,

2139 2476 2205 2528 Ἀ
2214 2476 2442 2542 ϐυσσος
2462 2476 2734 2530 ἄϐυσσον
2758 2474 3121 2528 ἐπικαλεῖται
3135 2476 3222 2540 είς
3235 2473 3434 2543 φωνὴν
3443 2470 3561 2528 τῶν
3581 2490 3693 2527 και

2133 2568 2471 2634 ταρῤακτῶν
2488 2582 2621 2621 σου’
2650 2568 2741 2621 καὶ
2755 2564 2925 2629 αὖθις,
2945 2565 3390 2635 Ἐταράχθησαν
3409 2565 3691 2629 ἄϐυσσοι,

2133 2658 2364 2726 πλῆθος
2389 2658 2577 2726 ἤχους
2598 2658 2833 2725 ὕδατοςο
2859 2658 2950 2710 καὶ
2966 2658 3145 2721 πάλιν,
3167 2658 3692 2727 Ἀϐυσσοςὼςιμά-

2133 2767 2261 2803 τιον
2291 2749 2358 2803 τὸ
2399 2752 2778 2820 περιϐόλαιον
2803 2750 3007 2804 αὑτοῦ.
3044 2750 3226 2804 Ταῦτα
3269 2753 3362 2805 καὶ
3387 2751 3455 2805 τὰ
3482 2753 3696 2817 τούτοις

2133 2841 2332 2910 ἀδελφά
2368 2842 2722 2914 διηκρίϐωσεν
2755 2844 2839 2906 ἂν,
2871 2844 2923 2896 εἴ
2957 2860 3037 2906 τις
3066 2839 3132 2914 ἦν
3161 2842 3308 2914 αὐτῷ
3347 2844 3565 2916 φρόντις
3594 2845 3696 2916 τῆς

2132 2935 2332 2989 τούτων
2375 2936 2729 3007 καταλήψεως
2760 2954 2772 2966 '
2811 2935 2921 3007 (86)
2953 2935 3046 2989 νῦν
3092 2937 3149 2989 δὲ
3187 2935 3488 3007 προχείρως
3523 2934 3699 3001 οὕτως

2133 3028 2226 3081 καὶ
2259 3028 2646 3099 διαλελυμένως
2672 3028 2771 3092 τάς
2800 3028 2906 3080 τῶν
2945 3028 3112 3096 ἁγίων
3146 3027 3371 3098 καρδίας
3401 3026 3500 3090 τὰς
3525 3027 3705 3081 esse-"

468 3116 785 3184 Priusquam
825 3116 1067 3166 conderet
1121 3113 1332 3182 abyssos
1376 3113 1587 3164 aderam
1626 3110 1790 3174 illi",
1841 3111 2030 3165 docere

2134 3136 2255 3182 σους
2304 3115 2440 3173 εἶναι
2489 3120 2904 3189 ἀποφηνάμενος
2924 3158 2937 3182 ,
2981 3119 3086 3171 οὐδ’
3117 3118 3291 3181 οὕτως
3324 3121 3553 3189 συνῆκεν
3572 3156 3588 3181 ,
3618 3119 3696 3183 ὡς

465 3205 636 3259 voluit
668 3219 726 3257 se
756 3202 1114 3256 antecessisse
1150 3211 1392 3268 tempore
1435 3210 1651 3254 sanctos
1690 3199 1808 3255 illos
1838 3208 1890 3253 et
1921 3199 2027 3253 Deo

467 3295 690 3351 dilectos
712 3295 858 3348 viros
890 3294 1035 3362 quia
1060 3291 1257 3346 saeculo
1301 3291 1514 3346 luerunt
1541 3332 1556 3356 ,
1590 3300 1651 3344 ut
1701 3291 2029 3358 impossibile

465 3387 628 3441 fuerit
654 3386 962 3439 omnimodo
990 3399 1161 3438 voces
1186 3383 1302 3437 illas
1342 3384 1622 3452 plvedictas
1659 3382 1806 3435 carui
1835 3381 2029 3434 Serva-

469 3479 600 3532 tori’s
619 3478 895 3546 adaptare.
919 3475 966 3529 Is
984 3489 1109 3529 vero
1132 3475 1195 3528 ad
1222 3474 1378 3528 aliam
1404 3488 1721 3543 progressus
1741 3472 2026 3526 dictionem
2070 3522 2075 3527 .

465 3567 702 3634 ejusdem
749 3566 1079 3635 Scripturse,
1119 3580 1239 3619 eam
1289 3578 1504 3633 quoque
1552 3564 1604 3617 in
1636 3564 1775 3616 hanc
1812 3571 2029 3616 senten-

469 3661 689 3713 tentiam
730 3660 1112 3728 interpretatur
1151 3657 1239 3728 [Κ.
1279 3654 1396 3727 XX]
1437 3672 1450 3708 :
1494 3672 1513 3705 ι
1554 3654 1691 3721 Quid
1738 3668 1897 3723 porro
1923 3653 2024 3707 sibi

470 3771 491 3803 ι
521 3751 636 3806 vult
686 3759 739 3803 et
795 3750 925 3803 illud
977 3759 1159 3817 caput,
1207 3748 1497 3815 Antequam
1547 3746 1811 3813 prodirent
1862 3744 2025 3813 fontes

471 3859 491 3892 ι
521 3856 776 3912 aquarum
793 3838 874 3891 ’9?
915 3839 1088 3892 Divini
1119 3850 1308 3906 nempe
1338 3835 1562 3904 apostoli
1594 3835 1825 3889 fuerant.
1856 3835 2026 3901 Quam

470 3953 489 3983 ι
517 3929 841 3985 sententiam
893 3926 1168 3996 Scriptura
1218 3925 1371 3979 nobis
1412 3925 1464 3977 in
1491 3924 1673 3979 Exodo
1721 3939 2025 3990 repraesen-

471 4044 490 4077 ι
526 4034 603 4079 tat
650 4039 666 4077 :
707 4024 796 4077 ubi
853 4021 959 4091 typi
993 4034 1178 4074 eorum
1223 4025 1730 4073 commemorantur.
1787 4015 2027 4069 Meminit

470 4136 489 4167 ι
520 4116 662 4171 enim
697 4113 923 4168 fontium
964 4111 1043 4166 ibi
1081 4110 1359 4164 duodecim
1379 4108 1447 4173 ⁸ο,
1492 4123 1613 4161 cum
1658 4107 1882 4162 totidem
1935 4123 2030 4161 ttu-

2130 3208 2236 3279 πρὸ
2272 3208 2376 3260 τῶν
2410 3209 2576 3276 ἁγίων
2610 3210 2703 3261 καὶ
2735 3208 2993 3277 θεοφιλῶν
3024 3208 3252 3279 ἀνδρῶν,
3282 3208 3389 3260 τῶν
3422 3207 3483 3273 ἐξ
3503 3207 3693 3272 αἰῶνος

2127 3300 2449 3370 γενομένων,
2493 3300 2677 3353 ἑαυτὸν
2713 3301 2974 3371 ὑπάρχειν
3006 3298 3235 3363 ἐδίδαξεν
3272 3301 3301 3351 ὁ
3336 3297 3540 3363 εἰπὼν,
3571 3299 3693 3368 Πρὸ

2127 3389 2233 3443 τοῦ
2276 3392 2379 3458 τὰς
2417 3393 2725 3457 ἀϐύσσους
2778 3392 3055 3459 ποιῆσαι·
3101 3392 3175 3455 ὼς
3231 3390 3564 3462 πανταχόθεν
3612 3392 3684 3462 μή

2126 3480 2379 3535 δύνασθαι
2401 3485 2465 3553 τῇ
2499 3483 2659 3554 σαρκὶ
2685 3482 2775 3534 τοῦ
2808 3484 3056 3553 Σωτῆρος
3085 3481 3416 3553 ἐφαρμόζειν
3439 3482 3539 3546 τὰς
3562 3496 3687 3552 προ-

2127 3574 2382 3646 κειμένας
2409 3574 2598 3641 λέξεις.
2639 3576 2694 3629 Ὀ
2718 3574 2773 3627 δὲ
2802 3575 2909 3644 (87)
2939 3574 3023 3644 ἐφ’
3047 3574 3237 3646 ἑτέραν
3268 3573 3511 3644 μεταϐὰς
3536 3573 3691 3645 ῥῆσιν

2125 3666 2224 3736 τῆς
2260 3666 2427 3736 αὐτῆς
2460 3666 2698 3737 Γραφῆς,
2730 3667 2824 3719 καὶ
2852 3666 3051 3737 ταύτην
3082 3665 3253 3729 οὕτως
3280 3664 3570 3736 ὲρμηνεύει
3608 3663 3693 3719 λέ-

2126 3774 2236 3825 γων
2256 3774 2268 3786 ·
2314 3776 2332 3808 ι
2374 3758 2437 3809 Τί
2470 3758 2647 3810 τοίνυν
2682 3757 2794 3810 ἔστι
2842 3758 2933 3810 καὶ
2966 3758 3115 3810 τουτὶ
3142 3756 3200 3810 τὺ
3227 3756 3541 3825 κεφάλαιον,
3570 3754 3692 3823 Πρὸ

2134 3868 2153 3899 ι
2190 3848 2294 3902 τοῦ
2340 3849 2655 3917 προελθεῖν
2693 3850 2797 3916 τὰς
2848 3849 3041 3919 πηγὰς
3088 3847 3207 3902 τῶν
3255 3846 3525 3911 discitur;
3564 3847 3693 3909 τοὺς

2133 3957 2150 3990 ι
2193 3939 2371 4010 ίέρους
2406 3939 2734 4002 ἀποστόλους
2782 3935 2919 3992 εἷναί
2966 3956 3147 4010 φησιν.
3178 3937 3347 3991 Τοῦτο
3375 3937 3431 3992 δὲ
3465 3939 3595 4009 ἡμῖν
3628 3936 3693 3989 τὸ

2133 4049 2151 4082 ι
2199 4033 2491 4103 μυστήριον
2528 4033 2850 4103 παρίστησιν
2885 4034 2916 4101 ή
2945 4031 3045 4100 τῆς
3092 4029 3302 4095 Ἐξόδου
3334 4028 3536 4102 γραφὴ,
3559 4028 3691 4090 τοὺς

2134 4142 2152 4175 ι
2189 4122 2297 4176 τῶν
2324 4123 2631 4176 ἀποστόλων
2658 4122 2862 4186 τύπους
2891 4122 3056 4175 παλαι
3087 4117 3536 4192 προαγορεύουσα.
3564 4114 3684 4169 Δώο

469 4227 488 4260 ι
522 4220 670 4261 mero
720 4203 941 4274 apostoli
1001 4210 1202 4257 essent.
1242 4219 1261 4254 ι
1330 4199 1453 4255 Ιιιεο
1499 4214 1618 4254 cum
1689 4200 1852 4264 dicat,
1918 4214 2023 4253 non

2133 4232 2150 4262 ι
2190 4213 2319 4267 δεκα
2339 4213 2447 4284 γὰρ
2477 4213 2643 4266 όντων
2664 4213 2750 4266 τὸν
2767 4213 2996 4285 ἀριθμὸν
3012 4212 3118 4265 τῶν
3136 4208 3455 4271 ἀποστόλων,
3469 4204 3686 4259 δώδεκα

464 4296 861 4362 animadvertit,
897 4295 1036 4365 quod
1072 4304 1124 4348 et
1176 4307 1249 4346 xtt
1290 4303 1449 4345 erant
1489 4291 1704 4347 Israelis
1741 4292 1933 4356 tribus,
1972 4300 2027 4345 et

2132 4323 2150 4356 ι
2192 4304 2381 4374 πηγῶν
2414 4307 2704 4375 μέμνηται.
2744 4325 2761 4357 ι
2794 4306 2902 4358 Καὶ
2932 4303 3102 4358 ταῦτα
3131 4304 3301 4371 λέγων
3327 4301 3385 4355 οὐ
3419 4299 3686 4370 συνίησιν,

462 4404 541 4444 ιιι
579 4390 791 4443 illorum
837 4388 1173 4458 patriarchae.
1225 4384 1516 4439 Duodecim
1566 4384 1745 4437 itidem
1792 4382 2023 4452 prophe-

2131 4391 2201 4456 ὡς
2234 4392 2444 4446 καὶτοῦ
2505 4395 2717 4466 Ἰσραὴλ
2752 4394 2955 4448 δώδεκα
2981 4390 3120 4466 ἦσαν
3156 4394 3341 4463 φυλαὶ,
3365 4393 3457 4448 καὶ
3479 4391 3693 4447 δώδεκα

465 4492 532 4537 tae
556 4470 661 4534 utio
688 4480 824 4533 libro
858 4476 1251 4546 comprehensi.
1286 4474 1391 4529 Sed
1421 4483 1475 4530 et
1504 4489 1580 4528 xu
1623 4475 1674 4527 in
1702 4474 1787 4528 die
1819 4473 1966 4527 horas
2002 4487 2017 4523 :

2131 4482 2173 4533 οί
2204 4481 2405 4535 τούτων
2442 4486 2789 4555 πατριάρχαι,
2827 4485 2923 4555 μία
2960 4502 3018 4537 τε
3061 4484 3238 4554 βίϐλος
3284 4486 3318 4555 ἡ
3355 4484 3463 4539 τῶν
3486 4482 3690 4536 δώδεκα

461 4574 600 4627 etin
646 4585 787 4625 anno
821 4584 895 4622 xit
946 4583 1177 4623 menses.
1227 4566 1508 4632 Quomodo
1552 4564 1715 4632 igitur
1761 4564 2024 4617 duodena-

2131 4570 2438 4640 προφητῶν
2467 4572 2601 4624 ἀλλὰ
2639 4574 2732 4626 καὶ
2766 4572 2969 4625 δώδεκα
3016 4574 3111 4643 τῆς
3138 4574 3351 4644 ἡμέρας
3379 4565 3551 4644 ὧραι,
3595 4571 3691 4625 καὶ

463 4667 574 4720 rius
614 4679 889 4729 numerus,
942 4664 1007 4717 ad
1052 4661 1319 4729 apostolos
1374 4661 1569 4728 potius,
1619 4672 1776 4726 quam
1816 4656 1881 4711 ad
1925 4656 2023 4710 ista

2133 4661 2294 4731 μῆνες
2318 4661 2412 4714 τοῦ
2446 4664 2643 4726 παντὸς
2685 4663 2833 4727 ἔτους
2864 4663 3087 4717 δώδεκα.
3122 4665 3186 4717 Τί
3216 4659 3309 4717 οὖν
3350 4663 3551 4733 μᾶλλον
3582 4664 3692 4725 τοῖς

460 4752 640 4808 omnia
672 4751 985 4821 spectabat?
1010 4749 1160 4815 Quod
1202 4750 1247 4803 si
1275 4749 1393 4817 quis
1428 4761 1677 4802 numerus
1711 4746 2030 4814 quantitati'

460 4859 581 4908 vus,
618 4858 832 4898 causam
884 4843 985 4911 ipsi
1027 4840 1252 4911 praebuit
1296 4839 1599 4895 istiusmodi
1654 4837 1901 4893 dictionis
1948 4839 2034 4892 in-

463 4932 883 5000 terpretationis,
914 4931 1193 4999 Oportebat
1216 4931 1360 4984 illum
1390 4928 1818 4983 animadvertere
1844 4967 1859 4992 ,
1886 4927 2026 4997 quod

463 5036 635 5091 neque
666 5023 834 5077 sancti
859 5023 1166 5092 prophetae,
1192 5021 1242 5074 in
1275 5028 1531 5090 quantum
1562 5018 1851 5087 participes
1874 5027 2030 5072 erant

462 5112 698 5181 ejusdem
745 5113 975 5184 Spiritus
1017 5113 1226 5178 sancti,
1274 5126 1304 5164 a
1347 5109 1581 5165 fontibus
1629 5109 1715 5165 his
1760 5109 2028 5180 peregrini

621 5295 716 5348 Ed.
748 5293 941 5361 Paris,
969 5309 1086 5363 pag.
1126 5293 1246 5349 159.

579 5367 676 5418 sal.
708 5366 882 5426 xu,8.
986 5362 1179 5419 ’“l'sal.
1219 5379 1398 5417 axx“.
1432 5363 1513 5428 l7,
1555 5362 1641 5416 18.

533 5544 643 5617 {8.3)
670 5542 837 5617 Yttlgo
863 5547 1232 5617 ἀπεφαίνοιτο.

558 5610 645 5683 86)
674 5610 872 5680 Ἦλθες
907 5610 1080 5683 vuigo.

537 5676 645 5759 (δυ)
683 5676 1061 5756 νυιεσίσκότος
1094 5685 1206 5759 [ἦν]
1243 5688 1443 5743 ὲπάνω.

2131 4753 2443 4816 ἀποστόλοις
2471 4754 2503 4824 ἧ
2534 4755 2760 4818 ἐκείνοις
2790 4756 2987 4808 ἆπασιν
3026 4757 3054 4807 ὁ
3083 4754 3190 4808 τῶν
3215 4752 3420 4807 δώδεκα
3448 4752 3692 4824 διέφερεν

2130 4840 2398 4911 ἀριθμός;
2436 4844 2497 4895 Et
2531 4844 2593 4915 δὴ
2632 4844 2723 4896 τού
2773 4844 2940 4896 ποσοῦ
2988 4863 3070 4908 τις
3112 4844 3342 4916 ἀριθμὸς
3513 4841 3691 4896 αἰτίαν

2130 4930 2277 4999 αύτῴ
2320 4933 2419 5001 τῆς
2457 4934 2658 4987 τοιασδὶ
2709 4933 2802 4987 τοῦ
2854 4935 3010 5003 λόγου
3066 4938 3321 5005 παρεῖχεν
3372 4933 3690 5005 ἑρμηνείας,

2128 5019 2265 5088 χρῆν
2305 5019 2361 5072 δὲ
2395 5022 2623 5077 συνιδεῖν
2654 5023 2730 5086 ὡς
2759 5024 2852 5076 καὶ
2872 5026 2922 5076 οἱ
2944 5022 3038 5077 τού
3071 5022 3204 5076 Θεοῦ
3233 5022 3527 5094 προφῆται,
3560 5021 3691 5075 καθὸ

2126 5110 2221 5163 τοῦ
2260 5112 2423 5166 αὐτοῦ
2457 5114 2711 5184 μετέσχον
2757 5101 3068 5185 Πνεύματος
3095 5114 3270 5183 ἀγίου,
3295 5113 3392 5166 οὐκ
3420 5107 3560 5184 ἦσαν
3602 5113 3692 5166 ἀλ-

1358 5292 1400 5323 ⁸¹
1426 5291 1579 5345 Rom.
1604 5307 1658 5356 x,
1686 5289 1737 5353 6,
1766 5289 1819 5340 7.
1896 5289 1938 5320 ³³
1977 5286 2030 5341 Jn

1363 5379 1398 5414 I.
1432 5363 1513 5414 l7.
1555 5362 1641 5414 18.
1743 5358 1785 5389 ³⁷
1822 5357 1965 5413 Psal.
1994 5375 2022 5413 c

2141 5303 2367 5350 xxxviii,
2399 5289 2484 5351 10,
2524 5290 2607 5342 17.
2686 5291 2730 5323 ³⁸
2764 5289 3229 5355 Psal.cxi.vm,‘7.
3307 5288 3352 5319 "
3391 5286 3532 5343 Gen.
3561 5304 3600 5351 ι.
3631 5290 3687 5341 Ξ.

2142 5357 2195 5412 6.
2292 5358 2341 5389 ³⁸
2379 5359 2533 5413 Prov.
2574 5374 2690 5414 vm.
2728 5363 2817 5414 2t.
2895 5361 2938 5392 ³⁹
2980 5361 3115 5414 ibid.
3192 5359 3236 5389 ⁸ο
3266 5358 3433 5413 Exod.
3471 5372 3559 5414 xv.
3593 5358 3680 5410 9.7.

1867 5387 1965 5413 aut.
1994 5387 2110 5423 ωιι,
2142 5387 2195 5412 υ.

2292 5358 2341 5389 ³⁸
2379 5359 2533 5413 Prov.
2574 5374 2690 5426 vttt,
2728 5363 2817 5415 2i.
2895 5361 2938 5392 ³⁹
2980 5361 3115 5415 ibid.
3192 5359 3236 5389 ⁸ο
3266 5358 3433 5413 Exod.
3471 5372 3567 5431 xv,
3593 5358 3680 5410 9.7.

2194 5544 2303 5615 (8η)
2347 5546 2512 5614 Vulgo
2532 5544 2668 5599 νυνί.

2195 5617 2304 5679 (87)
2334 5615 2497 5686 Vulgo
2519 5617 2633 5683 ἀφ’.
