4086 6202
381 322 490 380 989

1302 324 1391 382 DE
1429 326 1962 385 ECCLESIASTICA
2004 329 2393 388 'IHEOLOGIA
2433 332 2688 390 LIB.‘lll.

3527 350 3630 413 990

378 441 581 513 λότριοι
613 440 723 494 τῶν
753 441 959 512 πηγῶν.
985 442 1076 496 Διὸ
1099 442 1347 498 λέλεκται
1371 448 1499 518 περὶ
1529 448 1709 502 αὐτῶν
1725 451 1783 503 ἐν
1812 449 1962 503 Ψαλ-

2077 449 2295 506 fuerant.
2349 453 2615 520 Quocirca
2667 455 2734 509 de
2787 453 2892 509 illis
2935 456 2991 511 in
3024 455 3255 514 Psalmis
3291 457 3487 516 dieitur
3519 482 3533 518 :
3566 465 3633 521 In

381 536 527 604 μοῖς,
545 533 642 586 Ἐν
675 534 1052 601 Ἐκκλησίαις
1085 537 1385 606 εὐλογεῖτε
1409 541 1515 594 τὸν
1558 541 1706 595 Θεὸν
1747 543 1963 609 Κύριον

346 631 349 633 ’
377 624 448 677 ἐκ
480 623 688 693 πηγῶν
730 623 994 692 Ἰσραήλ.
1029 626 1190 680 Ὥστε
1219 630 1313 681 καὶ
1338 631 1443 702 πρὸ
1465 633 1687 685 ἐκείνων
1716 632 1822 686 τῶν
1850 638 1960 703 πη-

380 718 495 785 γῶν
514 758 529 781 ,
565 721 853 785 ἀναγκαῖον
891 718 1173 788 ὁμολογεῖν
1217 721 1308 775 τὸν
1360 722 1484 775 Υἱὸν
1531 718 1667 777 εἶναι
1712 722 1822 794 (88)
1866 722 1960 777 τοῦ

385 811 520 866 Ε)εοῦ
558 811 647 863 τὸν
691 809 938 878 λέγοντα,
982 812 1101 880 Πρὸ
1137 814 1241 868 τοῦ
1281 815 1595 884 προελθεῖν
1630 815 1739 881 τὰς
1769 815 1962 885 πηγὰς

384 902 503 957 τῶν
529 902 775 958 ὑδάτων.
793 903 851 955 '0
870 903 927 956 δὲ
948 904 1253 957 ἐπάκουσον
1282 906 1430 967 ὅπως
1450 907 1739 978 ἐρμηνεόει
1766 907 1957 976 λέγων’

392 1016 410 1045 ι
449 994 678 1056 Εἰκότως
705 989 798 1046 οὖν
826 994 955 1064 περὶ
983 995 1083 1066 τῆς
1112 996 1251 1049 κατὰ
1288 997 1465 1068 σάρκα
1494 997 1601 1068 (89)
1635 998 1901 1067 γενέσεως
1932 1000 1961 1051 ό

391 1108 410 1139 ι
445 1087 749 1157 Δεσπότης,
799 1085 886 1139 διὰ
929 1086 1022 1140 τοῦ
1077 1090 1356 1159 προφήτου
1404 1090 1713 1160 Σολομῶνος
1765 1090 1958 1159 λέγων,

390 1198 408 1228 ι
444 1178 563 1247 Πρὸ
586 1178 694 1232 τοῦ
726 1178 1040 1246 προελθεῖν
1080 1180 1187 1245 τὰς
1218 1181 1415 1250 πηγὰς
1462 1180 1581 1235 τῶν
1625 1182 1860 1237 ὑδάτων
1879 1222 1894 1245 ,
1937 1202 1956 1234 ι

376 1270 502 1341 ἔφη.
552 1271 666 1324 Καὶ
711 1270 962 1341 ἐπιφέρει
991 1287 1003 1300 ·
1072 1289 1091 1322 ι
1131 1271 1288 1325 Οὕτω
1343 1272 1453 1345 γὰρ
1506 1275 1535 1326 6
1591 1274 1781 1344 Σωτὴρ
1826 1274 1961 1344 πρὸς

385 1382 404 1414 ι
438 1362 536 1425 τὰς
569 1362 722 1433 ἱερὰς
744 1362 926 1432 πηγὰς
960 1362 1086 1433 ἔφη,
1119 1363 1519 1432 Πορευθέντες
1547 1366 1962 1434 μαθητεύσατε

2067 539 2312 595 Ecclesiis
2346 542 2560 597 laudate
2603 542 2766 597 Deum
2805 544 3087 600 Dominum
3112 548 3177 602 de
3201 549 3434 617 fontibus
3459 551 3634 608 Israe-

2062 630 2205 688 lis“.
2245 632 2312 687 Ut
2342 648 2561 688 necesse
2586 637 2657 689 sit
2685 650 2782 690 nos
2825 635 3067 692 conﬁteri
3097 637 3291 693 Filiam
3335 639 3429 694 Dei
3466 644 3635 696 exsti-

2064 726 2191 779 tisse
2235 735 2361 778 ante
2408 724 2583 782 fontes
2633 728 2772 795 illos,
2806 743 2928 783 eum
2981 730 3071 799 qui
3097 732 3263 798 dixit,
3314 732 3636 805 Priusquam

2060 819 2329 888 prodirent
2345 820 2513 889 fomes
2543 838 2822 891 aquarum.
2865 824 2911 879 Is
2941 828 3208 895 quomodo
3233 829 3335 883 hoc
3368 830 3635 899 interpre-

2065 919 2204 966 tetur
2268 913 2392 966 audi
2437 931 2451 966 :
2505 930 2524 963 ι
2572 912 2830 980 Quocirca
2895 930 2993 970 nec
3056 917 3327 974 immerito
3374 920 3633 978 Dominus

2065 1021 2085 1056 ι
2115 1019 2208 1073 per
2231 1005 2548 1073 prophetam
2587 1005 2928 1061 Salomonem
2961 1008 3122 1073 dixit,
3164 1007 3481 1081 Priusquam
3519 1029 3632 1066 sca-

2066 1114 2086 1146 ι
2120 1096 2341 1148 turirent
2372 1095 2538 1164 fontes
2566 1112 2844 1166 aquarum,
2876 1098 2940 1151 de
2970 1111 3063 1151 sua
3091 1101 3380 1153 secundum
3413 1118 3630 1157 carnem

2064 1187 2481 1268 «generatione.
2511 1206 2530 1240 ι
2585 1188 2746 1243 Addit
2798 1208 2812 1243 :
2871 1208 2890 1241 ι
2940 1188 3015 1244 lta
3070 1191 3213 1245 enim
3255 1190 3633 1260 Servator,ad

2064 1292 2084 1326 ι
2117 1285 2338 1330 sanctos
2389 1276 2567 1332 fontes
2611 1278 2767 1343 dixit,
2817 1278 3017 1335 Euntes
3070 1282 3247 1337 docete
3290 1299 3463 1338 omnes
3509 1302 3634 1357 gen-

2065 1385 2085 1418 ‹
2115 1377 2188 1422 tes
2211 1366 2276 1421 δ’.
2303 1387 2320 1420 ι
2339 1367 2642 1437 Postremo,
2662 1372 2823 1426 veluti
2848 1373 3149 1429 recollectis
3174 1376 3445 1442 omnibus,
3465 1378 3637 1433 intro-

386 1474 404 1505 σ
439 1455 639 1509 πάντα
663 1453 737 1519 τὰ
767 1455 932 1521 ἔθνη.
977 1474 996 1506 ι
1025 1451 1162 1520 Εἶθ’,
1193 1455 1380 1528 ὥσπερ
1405 1455 1723 1525 συναγαγίον
1755 1456 1845 1510 τὸν
1877 1456 1963 1509 λό-

2077 1456 2203 1512 lucit
2231 1446 2632 1515 conclusionem
2651 1462 3026 1531 disputationis
3052 1479 3162 1519 sua:
3189 1485 3201 1520 :
3234 1472 3291 1530 >14
3324 1485 3343 1519 ι
3366 1467 3439 1521 lla
3457 1469 3636 1523 omni-

378 1564 496 1617 γον,
529 1547 590 1600 τὸ
619 1548 986 1620 συμπέρασμα
1018 1548 1214 1618 ἐπάγει
1244 1552 1311 1620 τῇ
1346 1550 1540 1602 ἑαυτοῦ
1565 1550 1846 1622 διηγήσει,
1875 1550 1962 1604 λέ-

380 1657 515 1710 γωνο
556 1660 573 1691 ι
594 1640 935 1711 Πανταχόθεν
950 1641 1105 1713 δῆλόν
1124 1642 1260 1706 ἐστι,
1282 1644 1410 1707 τοὺς
1442 1644 1617 1714 ἱεροὺς
1630 1643 1957 1708 ἀποστόλους

2062 1566 2081 1600 ι
2111 1552 2269 1605 modo
2307 1553 2653 1622 perspicuum
2684 1565 2786 1619 est,
2822 1564 3039 1611 sanctos
3088 1558 3358 1626 apostolos
3406 1559 3635 1630 figurate

2062 1641 2282 1698 «fontes
2331 1646 2623 1715 appellatos
2675 1662 2705 1701 a
2765 1649 3048 1718 propheta.
3103 1668 3122 1701 ι
3182 1653 3472 1719 Apostolus
3523 1653 3636 1706 vult

380 1733 478 1786 καὶ
508 1732 687 1802 πηγὰς
724 1732 995 1804 τροπικῶς
1023 1733 1335 1804 ὠνομάσθαι
1363 1735 1468 1788 ὑπὸ
1483 1735 1577 1788 τοῦ
1606 1736 1904 1807 προφήτουο
1933 1754 1951 1785 ›

2077 1734 2231 1790 'ontes
2274 1738 2575 1804 nominari,
2627 1747 2682 1793 at
2715 1740 2935 1795 minime
2986 1742 3036 1795 ei
3083 1741 3293 1810 placent
3330 1744 3628 1813 prophetat.

391 1845 409 1876 ι
437 1825 677 1888 καὶτοὺς
713 1826 809 1895 μὲν
835 1827 1163 1890 ἀποστόλους
1185 1826 1282 1890 τὰς
1309 1827 1491 1898 πηγὰς
1520 1823 1658 1881 εἶναι
1691 1826 1954 1897 βούλεται,

2077 1823 2165 1881 Zur
2189 1826 2295 1881 ita?
2324 1829 2575 1882 nimirum
2611 1830 2750 1899 quod
2781 1839 2904 1886 ante
2934 1831 3050 1886 illos
3078 1847 3299 1889 carnem
3330 1837 3637 1890 Servmoris

383 1917 486 1969 οὐκ
512 1917 801 1987 ἀρέσκουσι
829 1918 887 1970 δὲ
915 1916 1060 1988 αὐτῷ
1086 1919 1135 1970 οἱ
1160 1918 1456 1988 προφῆται.
1487 1918 1585 1971 Διὰ
1609 1919 1687 1983 τίς
1733 1917 1845 1971 ἀλλ’
1876 1918 1956 1970 ὅτι

2077 1915 2322 1970 exhibere
2355 1918 2630 1984 nequibat.
2656 1919 2720 1972 Et
2754 1929 2932 1974 tamen
2978 1922 3065 1976 Dei
3093 1923 3262 1977 Filius
3292 1924 3382 1992 qui
3420 1925 3534 1977 ltzcc
3583 1926 3635 1977 in

390 2008 464 2079 μὴ
496 2007 714 2060 ἐδύνατο
742 2008 839 2078 τὴν
880 2007 1054 2078 σάρκα
1083 2007 1175 2061 τοῦ
1210 2008 1461 2079 Σωτῆρος
1492 2008 1597 2077 πρὸ
1623 2009 1846 2061 ἐκείνων
1876 2006 1956 2059 δι-

384 2097 549 2154 δόναι.
573 2099 762 2153 Καίτοι
804 2099 896 2153 καὶ
931 2099 1035 2171 πρὸ
1061 2100 1168 2154 τῶν
1195 2100 1337 2153 κατὰ
1360 2099 1521 2169 φύσιν
1550 2099 1822 2169 αἰσθητῶν
1857 2116 1961 2171 πη-

384 2191 516 2260 γῶν,
550 2184 624 2245 ὧν
644 2192 736 2245 καὶ
758 2191 962 2260 Μωσῆς
992 2192 1393 2263 ἐμνημόνευσεν
1420 2194 1477 2245 ὲν
1499 2194 1564 2263 τῇ
1607 2189 1957 2262 κοσμοποιίᾳ,

383 2282 571 2347 εἰπὼν,
600 2282 766 2352 Πηγὴ
794 2282 862 2335 δὲ
887 2283 1201 2337 ἀνέϐαινεν
1220 2285 1287 2337 ἐκ
1312 2283 1421 2350 τῆς
1444 2282 1573 2353 γῆς,
1606 2284 1703 2337 καὶ
1736 2282 1961 2342 ἐπότιζε

383 2374 507 2431 πᾶν
533 2374 601 2429 τὸ
632 2377 957 2442 πρόσωπον
982 2374 1093 2443 τῆς
1119 2375 1249 2445 γῆς*
1282 2376 1375 2429 καὶ
1401 2370 1575 2439 αὖθις,
1604 2373 1874 2442 Ποταμὸς
1895 2371 1963 2425 δὲ

381 2459 761 2536 ἐκπορεύεται
795 2468 864 2531 ἐξ
910 2466 1103 2536 Ἐδὲμ,
1130 2465 1385 2528 ποτίζειν
1428 2466 1535 2520 τὸν
1576 2465 1959 2534 παράδεισον,

385 2562 738 2634 προϋπῆρχεν
758 2563 787 2614 ό
814 2560 908 2613 τοῦ
944 2560 1077 2613 Θεοῦ
1120 2561 1267 2623 Υἱὸς,
1298 2561 1326 2613 6
1353 2559 1524 2613 ταῦτα
1553 2561 1608 2611 ὲν
1636 2558 1961 2629 Παροιμίαις

386 2654 514 2726 περὶ
547 2652 738 2707 ἑαυτοῦ
773 2652 1059 2706 διδάσκων.
1106 2652 1164 2704 'U
1196 2652 1253 2704 δὲ
1297 2651 1375 2722 τῷ
1421 2650 1540 2704 Ἰὼϐ
1591 2648 1960 2721 χρηματίζων,

390 2746 484 2798 καὶ
511 2743 702 2815 πηγῶν
747 2742 1019 2813 θαλάσσης
1060 2741 1390 2813 μνημονεύει
1413 2741 1583 2809 λέγων
1604 2757 1617 2771 ·
1645 2736 1868 2804 τΗλθες
1898 2738 1966 2791 δὲ

390 2835 489 2890 ἐπὶ
504 2834 706 2905 πηγὴν
716 2834 824 2903 τῆς
835 2833 1167 2901 θαλάσσηςο
1182 2834 1251 2887 ἐν
1265 2832 1315 2885 δ’
1335 2833 1357 2884 Ζ
1359 2846 1570 2900 χνεσιν
1584 2832 1855 2884 ἀϐύσσου
1871 2843 1966 2882 πε·

383 2927 778 2999 ριεπάτησας.
795 2929 848 2980 Ἐ
857 2929 944 2980 πεί
956 2928 1011 2980 δὲ
1028 2928 1121 2980 καὶ
1135 2927 1386 2996 ὑπεράνω
1398 2925 1502 2977 τῶν
1518 2922 1780 2995 οὐρανῶν,
1798 2919 1968 2973 ϋδατά

393 3038 516 3075 τινα
568 3016 703 3074 εἶναι
747 3022 780 3091 ἡ
820 3020 1006 3091 Γραφὴ
1053 3017 1323 3079 διδάσκει,
1360 3019 1392 3087 ἠ
1444 3015 1703 3083 λέγουσα,
1745 3011 1969 3067 Αἰνεῖτε

395 3113 603 3176 αὐτόν,
623 3110 860 3180 οὐρανοὶ
871 3109 989 3164 τῶν
1004 3107 1291 3177 οὐρανῶν,
1308 3108 1404 3162 καὶ
1423 3108 1495 3160 τὰ
1510 3106 1694 3159 ὕδατα
1711 3105 1779 3157 τὰ
1792 3106 1970 3170 ὑπερ-

398 3203 522 3257 ἀνω
537 3202 652 3257 τῶν
666 3178 950 3272 οὐρανῶν,
968 3199 1258 3254 ἀκόλουθόν
1276 3198 1386 3270 (90)
1433 3200 1548 3251 ἐστι
1573 3196 1838 3250 κάκείνων
1860 3194 1970 3247 τῶν
1999 3178 2039 3235 C

398 3296 633 3361 ὑδάτων,
665 3298 821 3349 ὁποῖα
857 3294 920 3348 ἂν
962 3294 1182 3367 ὑπάρχῃ
1215 3290 1397 3367 φύσιν,
1427 3290 1616 3359 νοῆσαι
1651 3287 1803 3350 τίνας
1834 3284 1972 3342 εἶναι

398 3388 579 3460 πηγάς
609 3427 623 3451 ,
677 3388 825 3450 ὅπως
871 3387 1140 3440 κάκείνων
1190 3383 1560 3456 πρεσϐύτερος
1610 3380 1907 3451 ἀποδειχθῇ
1949 3383 1977 3434 6

397 3479 632 3553 εἰρηκὼς
672 3480 861 3533 ἑαυτὸν
890 3479 1265 3551 προϋπάρχειν
1299 3476 1405 3547 πρὸ
1434 3475 1527 3529 τοῦ
1566 3473 1848 3545 προελθεῖν
1878 3471 1976 3534 τὰς

396 3572 580 3643 πηγὰς
612 3571 720 3624 τῶν
753 3570 978 3624 ὑδάτων.
1024 3569 1081 3622 '0
1112 3569 1169 3623 δὲ
1205 3568 1393 3640 μηδενὶ
1441 3569 1644 3620 τούτων
1684 3567 1978 3645 ἐπιστήσας

399 3664 491 3719 τὸν
523 3664 667 3730 νοῦν,
713 3664 847 3736 μηδὲ
876 3665 1057 3715 πονεῖν
1090 3661 1309 3725 ἐθέλων,
1352 3663 1464 3723 τοῖς
1498 3660 1678 3722 αὐτοῖς
1707 3659 1975 3728 ἐπιμένει.

423 3758 571 3811 Ἐπεὶ
602 3757 697 3811 καὶ
729 3755 900 3810 ταῦτα
940 3755 1193 3824 φάσκων,
1237 3753 1357 3821 Πρὸ
1401 3752 1506 3806 τοῦ
1558 3751 1663 3819 ὄρη
1696 3745 1980 3816 ἑδρασθῆ-

408 3866 526 3913 ναι,
557 3851 737 3921 φησὶν,
771 3848 882 3918 πρὸ
908 3848 975 3901 δὲ
990 3845 1231 3900 πάντων
1245 3842 1490 3910 ,Βουνῶν
1502 3838 1687 3911 γεννᾷ
1707 3857 1800 3909 με.
1839 3841 1977 3907 Ὄρη

406 3941 498 3995 καὶ
527 3941 768 4012 βουνοὺς,
795 3926 921 4003 τοὺς
952 3938 1300 4000 ἀποστόλους.
1330 3935 1426 3989 καὶ
1458 3934 1584 3996 τοὺς
1618 3931 1724 3984 τῶν
1753 3929 1981 3984 ἀποστό-

405 4035 513 4087 λων
541 4032 813 4103 διαδόχους
846 4032 1011 4099 λέγει,
1055 4030 1141 4083 ἵνα
1184 4026 1335 4098 παρὰ
1378 4026 1505 4088 τοὺς
1544 4023 1734 4084 ἄλλους
1770 4018 1979 4091 ἀνθρώ-

409 4140 566 4187 πους,
599 4120 896 4193 τηνικαῦτα
932 4120 1059 4182 τοὺς
1086 4117 1298 4171 δικαίαν
1329 4113 1601 4168 πολιτείαν
1631 4111 1743 4181 (9i)
1789 4125 1979 4179 παροι-

414 4214 627 4278 ιιιωδῶς
662 4213 919 4286 σημαίνῃ.
955 4210 1163 4266 Οὐκοῦν
1205 4211 1252 4262 οἱ
1292 4208 1445 4261 αὐτοὶ
1467 4205 1577 4276 (92)
1621 4200 1758 4275 ἦσαν
1793 4201 1888 4255 καὶ
1925 4202 1981 4254 αἱ

412 4309 607 4378 πηγαὶ,
638 4305 729 4377 (οἱ)
754 4306 908 4359 αὐτοὶ
940 4303 1035 4357 καὶ
1073 4301 1141 4355 τὰ
1165 4300 1287 4372 ὄρη,
1314 4300 1364 4353 οἱ
1402 4296 1553 4353 αὐτοὶ
1581 4296 1673 4350 καὶ
1704 4296 1753 4348 οἱ
1784 4291 1978 4365 βουνοῦ

412 4381 527 4453 αλλ’
561 4397 749 4468 ῶσπερ
791 4398 890 4450 οὐκ
938 4396 1051 4467 ἔχει
1093 4394 1275 4464 φύσιν,
1320 4391 1413 4444 επὶ
1451 4389 1558 4443 τῶν
1598 4385 1984 4458 θεωρουμένων

2065 2003 2369 2062 Proverbiis
2391 2008 2456 2062 de
2479 2010 2655 2078 seipso
2686 2013 2983 2082 usurpavit,
3012 2024 3131 2067 erat
3159 2024 3285 2068 ante
3315 2015 3434 2068 illos
3463 2014 3639 2069 futues

2065 2097 2361 2162 naturales,
2393 2114 2621 2166 quorum
2655 2103 2896 2156 meminit
2936 2104 2987 2156 in
3018 2106 3344 2174 cosmopuaia
3390 2120 3483 2159 sua
3531 2102 3641 2161 uo-

2066 2202 2186 2251 ses,
2225 2189 2311 2242 ulii
2349 2190 2441 2250 ait.
2480 2190 2549 2243 Et
2580 2191 2699 2260 fons
2723 2192 2785 2245 de
2812 2203 2954 2246 terra
2978 2196 3320 2256 ascendebat,
3361 2207 3407 2248 et
3448 2196 3642 2265 irriga-

2068 2281 2153 2332 but
2182 2281 2367 2348 faciem
2401 2284 2660 2337 universa:
2694 2295 2845 2337 terrte
2864 2285 2929 2350 ⁸³,
2962 2296 3017 2339 et
3049 2287 3241 2341 iterum
3270 2326 3283 2350 ,
3318 2285 3538 2340 Flauius
3579 2288 3644 2341 tie

2070 2374 2237 2425 Edent
2284 2378 2667 2443 egrediebatur,
2716 2385 2766 2429 et
2817 2379 3125 2444 paradisum
3167 2379 3497 2448 irrigabat“.
3543 2379 3642 2445 Qui

2067 2474 2122 2519 et
2146 2482 2265 2519 cum
2289 2465 2425 2519 Jobo
2454 2467 2751 2520 collocutus
2790 2468 3015 2521 fontium
3069 2486 3281 2538 quoque
3328 2472 3492 2525 maris
3540 2486 3646 2524 nve-

2070 2558 2245 2623 miuit,
2288 2555 2489 2609 Venisti
2519 2567 2692 2610 autem
2724 2560 2793 2610 ad
2842 2562 3187 2629 scaturigines
3222 2562 3387 2614 maris
3414 2577 3435 2616 :
3465 2561 3645 2613 amba-

2070 2650 2191 2702 lasti
2214 2665 2305 2717 per
2331 2651 2541 2717 vestigia
2567 2652 2825 2719 abyssi“.
2865 2651 2997 2705 Cum
3026 2669 3151 2723 vero
3188 2663 3240 2706 et
3275 2669 3438 2721 super
3474 2656 3642 2708 caelos

2071 2758 2331 2812 aquarum
2364 2745 2564 2797 mentio
2606 2745 2697 2797 iiut
2746 2744 2797 2797 in
2851 2744 3169 2814 Scripturis,
3224 2756 3403 2814 nlputa
3442 2747 3529 2800 ubi
3568 2746 3645 2801 le-

2071 2840 2233 2909 gitur,
2262 2838 2498 2891 Laudare
2528 2838 2826 2902 Dominum,
2870 2839 2981 2890 caeli
3009 2850 3160 2908 atque
3197 2855 3347 2908 aqua-
3369 2854 3483 2907 quae
3523 2850 3643 2894 sunt

2070 2947 2226 3000 super
2255 2931 2475 2985 corios“
2523 2946 2535 2979 :
2589 2946 2923 2999 consequens
2962 2940 3044 2984 est
3074 2940 3131 2982 ut
3159 2945 3277 2999 qua)
3324 2930 3397 2983 sit
3436 2930 3642 2982 illarum

2073 3037 2337 3091 aquarum
2372 3033 2562 3075 natura
2595 3021 2944 3089 dispiciamus
2975 3037 2989 3072 :
3032 3022 3253 3090 quinam
3288 3021 3396 3074 sint
3432 3021 3642 3073 illarum

2075 3113 2270 3179 fontes,
2302 3122 2362 3166 ut
2391 3123 2446 3168 et
2477 3114 2623 3168 hisce
2649 3114 2920 3181 antiquior
2957 3113 3046 3167 ille
3081 3113 3417 3176 declaretur,
3450 3113 3537 3182 qui
3571 3115 3645 3166 ait

2073 3222 2133 3260 se
2172 3205 2443 3259 exstitisse
2470 3221 2590 3258 cum
2628 3207 2859 3258 nondum
2898 3205 3177 3273 prodirent
3220 3204 3393 3258 fontes
3435 3203 3643 3257 illarum

2075 3312 2355 3366 aquarum.
2384 3298 2453 3351 At
2507 3311 2638 3351 vero
2663 3297 2789 3350 nulli
2843 3297 3031 3350 horum
3076 3296 3363 3351 advertens
3408 3296 3646 3350 animum

2075 3388 2376 3451 Marcellus,
2411 3404 2508 3443 nec
2537 3389 2589 3441 in
2628 3388 2694 3441 iis
2732 3388 3049 3455 indagandis
3092 3387 3366 3442 collocatis
3405 3402 3645 3455 operam.

2075 3480 2127 3533 in
2156 3481 2425 3534 sententia
2457 3494 2552 3533 sua
2601 3479 2859 3546 persistit.
2896 3476 3027 3529 Nam
3073 3486 3126 3530 et
3172 3478 3297 3540 illa,
3328 3478 3650 3548 Priusquam

2076 3582 2274 3625 montes
2294 3572 2636 3640 ﬁrmarentur
2667 3588 2685 3625 :
2716 3582 2789 3636 et,
2814 3572 2948 3624 Ante
2973 3586 3144 3624 omnes
3179 3569 3335 3623 colles
3357 3571 3529 3637 genuit
3550 3586 3648 3632 me,

2076 3665 2143 3717 ad
2169 3665 2414 3719 eumdem
2471 3667 2684 3718 modum
2738 3665 3149 3732 interpretatur,
3179 3671 3377 3715 montes
3417 3671 3472 3714 et
3496 3660 3651 3715 colles

2080 3755 2349 3822 apostolos
2372 3769 2490 3809 esse
2521 3755 2786 3824 inquiens,
2812 3764 2866 3807 et
2887 3752 3250 3822 apostolorum
3274 3763 3610 3805 successores
3634 3768 3651 3806 :

2082 3857 2136 3900 ut
2163 3846 2592 3914 proverbialiter,
2631 3856 2826 3915 praeter
2861 3860 3063 3899 morem
3098 3843 3236 3912 apud
3267 3842 3401 3896 alios
3427 3855 3655 3908 usurpa-

2083 3948 2194 3993 tum
2219 3937 2419 4006 justam
2447 3938 2753 4006 reipublica)
2776 3936 3214 3990 administrandm
3244 3933 3468 3989 formam
3490 3932 3656 4001 signi-

2087 4032 2295 4086 ﬁcaret.
2330 4031 2591 4098 Quocirca
2627 4031 2835 4095 l‘ontes,
2858 4037 2913 4084 et
2940 4040 3168 4094 montes,
3203 4039 3256 4080 et
3308 4025 3471 4080 colles
3515 4025 3655 4078 idem

2084 4122 2481 4192 signiﬁcabant.
2541 4120 2645 4175 Sed
2690 4121 2851 4175 veluti
2906 4120 3200 4175 secundum
3261 4127 3504 4171 naturam
3549 4130 3656 4169 non

2085 4221 2187 4277 est,
2231 4214 2401 4280 utqui
2455 4213 2628 4267 oculis
2669 4221 2962 4267 cernuntur
2991 4214 3167 4266 fontes
3214 4218 3373 4279 atque
3424 4215 3656 4267 montes,

2086 4304 2245 4359 iidem
2279 4305 2387 4359 sint
2414 4305 2609 4375 (neque
2635 4304 2777 4359 enim
2810 4318 3071 4371 aquarum
3115 4302 3289 4357 fontes
3337 4302 3537 4354 trahent
3569 4298 3661 4350 ali.

2086 4395 2212 4465 quid
2265 4409 2548 4450 commune
2597 4410 2721 4449 cum
2777 4394 3040 4448 montium
3103 4391 3494 4455 cacuminibus)
3543 4385 3659 4457 pari

404 4489 607 4562 τπηγῶν
633 4506 693 4544 τε
744 4489 837 4543 καὶ
874 4487 1014 4557 ὀρῶν
1055 4486 1128 4539 τὰ
1165 4482 1305 4538 αὐτὰ
1351 4481 1580 4552 φάσκειν
1636 4474 1773 4532 εἶναι
1803 4475 1973 4548 (οὐδὲκ

2093 4486 2270 4547 modo,
2323 4497 2377 4539 et
2424 4485 2476 4539 in
2511 4485 2613 4538 illis
2642 4474 2761 4553 qua:
2804 4483 3087 4555 allegorice
3134 4480 3475 4549 intelligenda
3513 4488 3660 4539 sunt;

415 4584 525 4654 γάρ
574 4583 751 4636 κοινὸν
789 4581 864 4645 ὡς
906 4581 964 4633 ὲν
1012 4577 1295 4647 ποιότητος
1338 4575 1482 4645 λόγῳ
1533 4575 1735 4643 πηγαῖς
1782 4568 1973 4623 ὑδάτωε.

2093 4577 2425 4633 instituenda
2454 4586 2538 4630 est
2567 4576 2853 4630 diversitas
2885 4576 3026 4630 inter
3056 4574 3143 4628 illa
3179 4589 3298 4641 qua:
3328 4583 3422 4641 per
3468 4568 3662 4631 fontes,

418 4675 553 4747 πρὸς
591 4673 662 4727 τὰ
693 4673 798 4726 τῶν
836 4671 976 4744 ὀρῶν
1010 4668 1440 4740 ἀναστήματα),
1468 4664 1558 4719 τὸν
1597 4663 1757 4717 αὐτὸν
1789 4661 1988 4733 τρόπον

420 4766 514 4819 καὶ
536 4767 628 4819 ὲπί
652 4764 759 4817 τῶν
781 4750 1152 4835 ἀλληγορικῗῦς
1178 4758 1318 4813 κατὰ
1343 4758 1579 4813 διάνοιαν
1604 4752 1990 4826 θεωρουμένων

424 4858 772 4929 παραστῆσαι
815 4857 921 4927 χρὴ
962 4851 1222 4924 διαφορὰν
1268 4849 1376 4904 τῶν
1427 4848 1569 4902 κατὰ
1619 4845 1716 4917 τὴν
1762 4843 1993 4915 θεωρίαν

425 4950 749 5020 νοουμένων,
789 4947 982 5018 πηγῶν
1023 4964 1083 4999 τε
1126 4944 1221 4998 καὶ
1260 4941 1402 5014 ὁρῶν
1445 4940 1538 4993 καὶ
1591 4936 1823 5008 βουνῶνο
1882 4933 1996 4987 ἀλλ’

500 5136 559 5194 ὦ
586 5129 685 5185 Ed.
722 5127 918 5186 Paris..
950 5143 1072 5197 pag.
1099 5126 1220 5180 160.
1317 5123 1361 5197 ‘_‘
1395 5121 1538 5177 Psal.
1574 5135 1741 5187 vatt,
1767 5118 1858 5173 27.

424 5201 765 5265 xxxvttt,16.
842 5198 887 5230 ⁵⁸
907 5194 1046 5253 Ρὲειιῖ
1070 5211 1293 5260 chvttt,
1322 5194 1376 5247 4.

500 5337 609 5409 (88)
641 5318 809 5408 Vulgo
845 5334 1105 5409 τοῦνΘεοῦ
1135 5334 1380 5402 λέγοντα.

525 5408 613 5473 89)
646 5409 819 5478 'Vulgo
836 5408 1127 5478 γενήσεως.

523 5468 612 5549 90)
649 5468 823 5549 Vulgo
848 5468 900 5531 ’δ’
940 5468 1097 5549 ἐστι,⁷
1128 5484 1200 5549 et_
1237 5486 1364 5549 mox
1381 5471 1537 5549 ὁποῖα
1569 5470 1613 5549 δ’
1652 5469 1716 5523 ἂν
1746 5468 1999 5539 ὑπάρχοι,

427 5540 527 5619 τὴν
561 5540 720 5619 φ’όσιν
749 5540 940 5616 νοῆσαι
968 5547 1119 5619 τίνας
1147 5540 1286 5597 εἶναι
1320 5541 1429 5613 [ἃς]
1459 5540 1640 5611 πηγάς
1661 5550 1767 5594 etc.
1795 5549 1851 5593 et
1877 5553 2001 5592 mox

432 5618 808 5692 προϋπάρχειν
831 5618 1038 5692 ἑαυτόν.

505 5679 1030 5759 (θυηάροιμιωδῶς
1056 5686 1346 5759 σημαίνῃἶ
1378 5680 1537 5759 Deest
1578 5680 1665 5734 hic
1684 5679 1863 5745 aliqua
1897 5692 1999 5759 vox

432 5746 816 5816 suh‘ttlcietida;
837 5746 1266 5825 sementim-qum
1295 5746 1431 5825 l'tiat,
1479 5754 1622 5825 forte
1671 5746 2003 5825 μετερχομέ-

434 5768 808 5816 sutiulcienda:
837 5768 1114 5815 sententia:
1148 5770 1266 5825 qum
1295 5768 1430 5815 mat,
1479 5768 1615 5805 torte
1670 5768 1998 5876 μετερχόμε-

434 5848 581 5891 νους.
608 5840 701 5887 aut
721 5828 1147 5889 ἀσπασαμένους
1180 5834 1270 5880 aut
1293 5824 1469 5879 simile
1496 5821 1623 5887 quid
1689 5834 1770 5876 toc
1802 5833 1960 5874 sensu
1983 5854 1998 5883 ,

1952 5117 1999 5149 ⁸¹
2025 5113 2216 5170 Matth.
2249 5127 2438 5176 xxvnt,
2476 5110 2564 5165 i9.

2094 4667 2278 4733 colles,
2319 4676 2531 4722 montes
2575 4666 2962 4733 intelliguntur.
3008 4663 3096 4718 Ille
3140 4671 3332 4716 autem
3373 4658 3507 4714 nihil
3555 4667 3666 4712 tru-

2099 4763 2326 4817 tinatum
2360 4760 2684 4831 intelligens,
2718 4760 2811 4815 sed
2842 4757 3022 4813 omnia
3051 4757 3409 4825 permiscens,
3438 4766 3559 4821 quae
3584 4757 3668 4804 est

2101 4854 2268 4921 ipsius
2289 4853 2453 4906 animi
2487 4853 2696 4918 levitas,
2734 4849 2950 4903 eosdem
2978 4847 3160 4915 utique
3204 4860 3299 4915 per
3341 4846 3519 4898 omnia
3570 4841 3668 4895 de-

2101 4946 2297 5015 signat,
2325 4944 2492 5011 fontes
2523 4957 2805 5014 aquarum,
2834 4950 2888 4995 et
2910 4949 3106 4993 tuentes
3137 4948 3298 5006 atque
3336 4934 3520 4991 colles.
3546 4932 3670 4987 Περ

2680 5107 2729 5187 δὴ
2749 5104 2962 5169 Gen.tt,
2984 5100 3036 5156 6.
3107 5100 3154 5131 ιι
3180 5100 3310 5154 ibid.
3331 5096 3419 5151 to.
3498 5094 3544 5126 ιι
3571 5091 3672 5149 Job

2107 5333 2167 5381 ut
2192 5320 2462 5393 signiticet
2484 5332 2577 5373 eos
2594 5314 2709 5385 qui,
2741 5320 3170 5393 pr'mterﬁmoret‘n
3195 5303 3672 5393 aliorum:

2108 5376 2323 5449 viveiidi
2362 5376 2630 5445 rationem
2667 5376 2901 5451 amplexi
2934 5378 3169 5451 fuerant.
3203 5376 3330 5442 Qum
3374 5379 3676 5451 sequuntur

2110 5440 2625 5528 gs'e'tsiie'cgg..a.
2667 5462 2721 5506 et
2762 5440 3142 5528 distinguenda
3186 5440 3334 5528 sum.
3362 5441 3581 5528 οὐκρῦνι
3606 5440 3675 5528 ff

2110 5508 2559 5603 ἔιῖἔτὸΐῆἇάῆἒὶάι
2574 5526 2632 5580 αἱ
2657 5520 2829 5592 πηγαὶ
2851 5508 3024 5580 αὐτοὶ,
3042 5517 3138 5572 καὶ
3158 5515 3227 5571 τὰ
3248 5516 3371 5587 ὅρη,
3399 5514 3493 5568 καὶ
3524 5508 3676 5565 αὐτοὶ

2107 5599 2490 5673 οἱβουνρίηΜ.
2545 5668 2567 5673 μ
2719 5664 2733 5673 ,
2811 5664 2822 5673 ,
2883 5656 2911 5673 .,
3129 5658 3142 5673 .
3244 5659 3256 5673 .
3507 5649 3561 5673 ω.

2542 5668 2624 5743 ὅτι
2657 5664 2834 5743 ἀὐταὶ
2881 5656 3020 5743 ᾖσαν
3059 5658 3153 5743 καὶ
3204 5659 3260 5713 αἱ
3290 5652 3468 5726 πηγαὶ
3502 5647 3675 5717 αὐτοὶ,

2109 5730 2201 5800 καί
2227 5730 2294 5797 τά
2322 5730 2498 5811 ὅρηᾌὶ
2528 5737 2701 5804 αὐτοὶ,
2733 5736 2827 5791 καὶ
2848 5730 2916 5789 οἵ
2938 5730 3132 5804 βουνοί.
