4086 6202
448 319 545 376 991

1115 315 1386 373 ευδΕΒιι
1423 314 1889 373 CESABIENSIS
1925 317 2075 373 OPP.
2110 317 2287 372 PARS
2324 317 2411 372 IV.
2452 347 2520 358 -—-
2558 317 2972 373 DOGMATICA.

3574 319 3685 375 993

447 436 665 504 lnsuper
707 436 885 490 omnia
922 432 1192 502 apostolos
1217 448 1336 489 esse
1370 434 1488 499 ait,
1512 433 1828 490 differentiae
1872 435 2013 488 nulla

2122 436 2142 487 5
2176 433 2286 506 (95)
2324 434 2485 505 μηδὲν
2514 433 2965 504 βεὸασανισμένον
2999 432 3379 503 ἐπιστάμενος,
3412 434 3478 486 τὰ
3504 434 3687 489 πάντα

448 527 627 582 habita
659 528 889 583 ratione.
932 526 1198 592 Quorsum
1234 524 1399 595 igitur
1430 525 1570 591 illos,
1616 527 1706 595 qui
1736 541 1830 595 per
1857 526 2017 595 justi--

447 620 576 672 tiam
604 628 657 672 et
689 619 903 688 pietatis
931 617 1156 682 cultum,
1191 627 1315 672 ante
1364 617 1709 672 Servatorem
1766 618 2018 674 incarna-

447 722 556 763 tum
590 711 1134 775 consummabantur,
1162 720 1359 764 montes
1401 718 1455 764 et
1489 709 1643 765 colles
1694 725 1798 764 non
1835 710 2019 780 appel-

448 802 612 857 lavit?
638 802 900 856 Nimirum
926 804 1067 872 quod
1100 802 1331 871 priorem
1362 802 1468 857 illis
1489 843 1504 865 ,
1536 818 1638 856 non
1668 813 1875 870 poterat
1897 803 2021 857 Ser-

446 894 645 948 vatoris
666 909 880 949 carnem
913 896 1257 949 substituere.
1283 893 1377 947 Est
1412 909 1541 964 ergo
1579 895 1827 949 violentia
1863 895 2020 949 nimis

446 996 498 1039 et
519 995 701 1040 coacta
734 987 1124 1055 interpretatio,
1156 987 1447 1041 dictionum
1492 988 1601 1055 jam
1624 1002 2019 1041 commemora-

448 1086 646 1142 tarum,
681 1078 723 1131 si
760 1076 1061 1131 referantur
1116 1078 1180 1131 ad
1230 1092 1447 1132 carnem
1497 1078 1639 1131 illam
1684 1076 2014 1132 Servatoris.

457 1173 515 1231 ἧι
545 1166 824 1235 Quomodo
865 1180 1043 1223 autem
1083 1178 1137 1223 et
1176 1169 1326 1234 illud,
1364 1168 1553 1223 (ienuit
1581 1185 1680 1233 me,
1715 1169 1779 1222 ad
1801 1184 2017 1223 carnem

448 1267 611 1329 queat
634 1260 918 1327 adaptari?
951 1275 1009 1315 se
1039 1269 1185 1314 certe
1214 1261 1451 1328 genitum
1479 1259 1708 1314 aﬂirmat
1744 1271 1869 1315 ante
1897 1260 2018 1314 fon-

449 1360 551 1413 tes,
576 1357 700 1403 ante
723 1358 949 1414 montes,
982 1358 1107 1403 ante
1147 1366 1321 1403 omnes
1364 1348 1539 1415 colles,
1578 1350 1664 1403 ubi
1690 1350 1784 1415 ait,
1835 1349 2019 1405 Domi-

450 1458 547 1495 nus
579 1441 810 1494 condidit
847 1456 927 1493 me
954 1440 1267 1508 principium
1303 1440 1502 1493 viarum
1529 1428 1744 1493 suarum
1765 1441 1833 1493 ad
1862 1457 2018 1508 Opera

448 1550 568 1596 sua,
622 1544 742 1586 ante
776 1532 969 1585 sa’cula
1024 1532 1262 1599 fundavit
1306 1548 1405 1585 me.
1441 1531 1499 1586 Si
1528 1547 1654 1586 caro
1685 1532 1785 1586 ista
1816 1532 2019 1588 diceret

450 1636 507 1679 ut
536 1624 783 1680 Marcello
810 1628 1004 1690 visum,
1031 1624 1303 1695 quomodo
1327 1640 1454 1680 caro
1485 1626 1706 1689 dixerit,
1741 1626 1872 1678 Ante
1901 1642 2011 1679 om-

450 1736 537 1773 nes
564 1717 721 1773 colles
750 1719 912 1788 gignit
942 1719 1063 1771 me?
1091 1716 1219 1772 Esto
1244 1716 1410 1782 enim,
1448 1716 1608 1771 fuerit
1636 1726 1761 1772 ante
1793 1726 2015 1787 aposto-

2122 527 2306 598 φύρων
2332 526 2399 579 δι’
2426 527 2733 597 εὐχέρειαν,
2765 526 2891 589 τοὺς
2922 525 3115 588 αὑτοὺς
3141 522 3275 577 εἶναι
3305 525 3688 595 ἀποπέφανται

2118 618 2224 671 xui
2252 616 2432 689 πηγὰς
2481 617 2706 680 ὑδάτων,
2748 616 2841 669 xui
2881 614 3002 686 ὅρη,
3038 616 3132 668 xui
3170 615 3410 686 βουνοὺς,
3453 620 3583 688 φησι
3621 637 3686 673 τε

2121 709 2297 763 πάντα
2338 708 2508 761 ταῦτα
2549 704 2686 761 εἶναι
2729 711 2852 771 τοὺς
2881 708 3233 771 ἀποστόλους,
3276 709 3336 761 οὐ
3382 709 3688 765 διαστειλῶ

2123 817 2280 870 μενος
2328 800 2419 853 τὸν
2461 800 2561 869 τῆς
2606 799 2863 870 διαφορᾶς
2917 798 3134 868 τρόπον.
3182 800 3246 851 Τί
3291 796 3384 854 οὖν
3426 802 3545 872 οὑχὶ
3593 805 3691 857 καὶ

2119 892 2225 963 πρὸ
2262 893 2359 961 τῆς
2392 892 2593 963 σαρκὸς
2644 890 2737 943 τοῦ
2780 892 3028 961 Σωτῆρος
3082 890 3237 961 ἡμῶν
3282 894 3339 945 ἐν
3375 893 3692 969 δικαιοσύνῃ

2119 983 2212 1037 xui
2247 984 2353 1051 (9i)
2392 982 2669 1052 θεοσεϐείᾳ
2702 982 2809 1051 (95)
2850 981 3229 1045 τελειωθέντας
3276 983 3375 1055 ὅρη
3420 986 3511 1038 xui
3559 986 3689 1055 βου-

2118 1075 2243 1137 νοὺς
2293 1073 2493 1142 ὁμοίως
2536 1072 2827 1135 ἐπεκάλει,
2884 1072 2997 1124 ἀλλ’
3045 1074 3125 1125 ὅτι
3185 1073 3258 1144 μὴ
3311 1075 3411 1145 πρὸ
3460 1078 3691 1133 ἐκείνων

2117 1160 2226 1229 οἷός
2253 1183 2309 1218 τε
2332 1161 2397 1236 ἦν
2422 1164 2519 1234 τὴν
2558 1166 2734 1235 σάρκα
2763 1163 2857 1216 τοῦ
2895 1165 3144 1235 Σωτῆρος
3177 1166 3512 1233 ὑφίστασθαι.
3541 1170 3687 1222 0oz-

2117 1257 2212 1309 οῦν
2249 1257 2419 1327 βίαιος
2464 1257 2556 1309 xui
2601 1261 3090 1327 κατηναγκασμένη
3143 1257 3251 1309 τῶν
3315 1259 3687 1329 προκειμένων

2116 1349 2313 1415 λέξεων
2367 1351 2399 1419 ἡ
2451 1348 2543 1400 ἐπὶ
2589 1347 2685 1419 τὴν
2739 1346 2915 1415 σάρκα
2964 1346 3059 1398 τοῦ
3112 1347 3363 1417 Σωτῆρος
3421 1350 3678 1418 ἀναφορὰ.

2118 1441 2239 1505 Πῶς
2271 1440 2325 1492 δέ
2349 1441 2441 1492 xui
2463 1438 2544 1501 τὸ,
2575 1435 2757 1507 γεννᾷ
2776 1455 2871 1506 με,
2900 1438 3225 1509 ἐφαρμόσειε
3248 1442 3312 1508 τῇ
3358 1442 3550 1511 σαρκες
3582 1443 3685 1513 πρὸ

2116 1533 2223 1604 γάρ
2261 1532 2369 1585 τῶν
2400 1532 2589 1601 πηγῶν
2620 1530 2713 1584 καὶ
2746 1530 2850 1601 πρὸ
2878 1530 2986 1584 τῶν
3013 1530 3154 1600 ὀρῶν
3181 1531 3275 1582 xui
3304 1530 3410 1601 πρὸ
3438 1533 3544 1584 τῶν
3573 1532 3691 1601 βου-

2115 1623 2222 1677 νῶν
2250 1621 2604 1692 γεγεννῆσθαι
2628 1621 2828 1692 ἔφησεν
2852 1621 3060 1685 ἐαυτὸν,
3085 1619 3272 1682 εἰπὼν,
3296 1624 3509 1690 Κύριος
3534 1624 3690 1678 ἐκτι-

2115 1713 2190 1768 σέ
2214 1730 2289 1783 με
2308 1712 2503 1782 ἀρχὴν
2531 1710 2684 1765 ὁδῶν
2710 1710 2894 1765 αὑτοῦ
2919 1714 3006 1778 εις
3031 1712 3173 1781 ἔργα
3204 1710 3409 1775 αὑτοῦ,
3436 1712 3696 1781 πρὸστοῦ

449 1806 530 1861 los
577 1822 703 1861 caro
741 1782 843 1861 {at
873 1822 978 1875 quo
1013 1818 1167 1876 pacto
1197 1808 1428 1877 seipsam
1464 1808 1576 1877 ipsa
1612 1820 1641 1860 a
1682 1804 1791 1861 Deo
1818 1782 2011 1863 iactam

2122 1805 2328 1870 αἰῶνος
2360 1803 2713 1873 ἐθεμελίωσέ
2768 1820 2865 1872 με.
2901 1804 2965 1857 El
3004 1802 3066 1874 δὴ
3122 1800 3280 1874 οὖνὴ
3338 1804 3473 1875 σὰρξ
3523 1806 3693 1859 ταῦτα

449 1892 678 1947 dixerit?
707 1893 889 1947 Visum
928 1904 1008 1949 est
1040 1894 1292 1949 Marcello
1326 1894 1593 1951 aiiirmare
1624 1911 1841 1951 carnem
1891 1911 2010 1951 cum

450 1998 553 2037 non
605 1993 840 2039 exstaret
897 1986 1065 2053 prius,
1103 1986 1371 2040 conditam
1440 1987 1623 2042 fuisse.
1683 1989 1770 2041 Ait
1828 1989 2009 2045 enim:

2115 1896 2333 1965 φάσκοι,
2358 1896 2433 1959 ὡς
2464 1895 2765 1966 Μαρκέλλῳ
2792 1896 2953 1959 δοκεῖ,
2981 1895 3096 1959 πῶς
3126 1896 3203 1961 τὸ,
3229 1896 3346 1964 Πρὸ
3372 1896 3439 1950 δὲ
3454 1898 3697 1951 πάντων

2110 1987 2355 2054 βουνῶν
2379 1986 2558 2057 γεννᾷ
2593 2005 2688 2056 με,
2722 1989 2864 2040 εἴποι
2890 1989 2954 2041 ἂν
2985 1990 3016 2057 ἠ
3043 1987 3175 2059 σάρξ
3201 2005 3214 2051 ;
3245 1989 3425 2041 Ἔστω
3452 1989 3561 2060 γὰρ
3592 1990 3699 2061 πρὸ

453 2096 470 2127 ι
507 2075 713 2130 Revera
750 2077 955 2131 creavit
980 2078 1069 2145 qui
1106 2078 1245 2142 quod
1290 2094 1395 2131 non
1429 2088 1548 2132 erat
1589 2078 1713 2132 fecit
1760 2079 2016 2135 Dominus

2122 2081 2221 2134 τῶν
2252 2079 2561 2133 ἀποστόλων
2597 2082 2629 2151 ὴ
2660 2080 2797 2151 σάρξ
2823 2079 2961 2149 (96)·
2998 2080 3133 2133 ἀλλά
3156 2081 3270 2142 πῶς
3295 2082 3432 2149 αὑτὴ
3468 2082 3571 2133 ὑπὸ
3603 2082 3693 2133 τοῦ

454 2184 473 2215 ι
509 2176 691 2220 noster
723 2167 881 2223 Deus.
910 2168 1141 2222 Carnem
1180 2168 1321 2221 enim
1350 2168 1583 2222 Verbum
1616 2170 1845 2239 sumpsit
1898 2185 2016 2238 quas

2122 2169 2245 2224 Βεοῦ
2273 2170 2624 2241 γεγεννῆσθαί
2656 2189 2818 2243 φησιν
2842 2173 3039 2241 ἑαυτήν
3060 2188 3073 2236 ;
3097 2171 3156 2223 τὸ
3182 2172 3277 2240 μὲν
3301 2172 3406 2243 γὰρ
3427 2171 3699 2226 ἐκτίσθαιο

455 2276 472 2308 ι
509 2273 615 2311 non
647 2268 785 2323 erat,
813 2260 908 2312 sed
940 2257 1175 2312 condidit
1206 2259 1349 2312 illam
1385 2274 1504 2329 qua
1547 2274 1651 2313 non
1682 2269 1816 2314 erat.
1851 2279 1869 2312 ι
1906 2260 2016 2315 Νο-

449 2350 622 2403 vimus
670 2352 741 2403 ita
800 2350 945 2403 illam
978 2352 1272 2415 conditam,
1304 2359 1357 2404 at
1383 2353 1615 2420 genitam
1651 2365 1681 2404 a
1724 2350 1832 2406 Deo
1873 2352 2016 2406 illam

447 2441 716 2509 quomodo
766 2442 995 2505 dicetur,
1048 2456 1167 2495 cum
1202 2440 1428 2496 allirmet
1458 2442 1735 2506 Servator,
1773 2442 1925 2509 Quod
1957 2446 2020 2501 de

449 2545 603 2582 carne
624 2530 856 2599 gignitur
880 2548 1002 2583 caro
1035 2542 1105 2584 est
1126 2530 1207 2601 ‘7‘?
1226 2540 1279 2585 et
1304 2531 1589 2600 Apostolus
1620 2532 1827 2602 inquiat
1860 2551 1873 2588 :
1906 2532 2019 2586 Fa-

449 2632 559 2674 ctus
575 2622 638 2675 de
656 2624 887 2688 muliere,
907 2624 1077 2691 {actus
1095 2624 1187 2676 sub
1208 2623 1396 2692 lege“.
1419 2624 1696 2691 Quomodo
1716 2626 1877 2695 igitur
1895 2641 2022 2681 caro

450 2714 516 2767 de
543 2711 649 2767 Deo
679 2716 1052 2769 universorqu
1101 2715 1319 2778 dixerit,
1354 2716 1485 2769 Ante
1534 2731 1709 2769 omnes
1743 2716 1902 2770 colles
1937 2733 2023 2786 ge-

454 2808 564 2859 nuit
584 2823 663 2860 me
688 2808 711 2859 ?
736 2807 811 2860 Ita
838 2808 1076 2862 arbitror
1105 2808 1392 2877 unicuique
1412 2808 1519 2877 jam
1546 2818 1840 2878 patescere,
1864 2824 2022 2877 quam

450 2910 691 2955 coactam
710 2902 820 2954 haec
834 2900 1116 2953 admittant
1132 2899 1644 2967 interpretationem.
1665 2900 1855 2955 Atsine
1872 2899 2021 2955 omni

2120 2261 2192 2332 μὴ
2226 2257 2389 2314 οὖσαν
2436 2261 2697 2333 πρότερον
2742 2262 2839 2333 τὴν
2866 2262 3046 2334 σάρκα
3083 2262 3253 2314 ἐδόκει
3279 2261 3583 2333 Μαρκέλλῳ
3610 2263 3699 2316 λέ-

2116 2370 2253 2423 γειν.
2285 2354 2427 2423 Ἔφη
2458 2353 2586 2424 γάρ·
2630 2355 2914 2407 «Ἕκτισεν
2944 2353 3161 2424 ἀληθῶς
3189 2354 3249 2406 τὸ
3282 2354 3356 2423 μὴ
3383 2353 3442 2406 ὃν
3476 2363 3697 2425 πεποιη⁹

2124 2463 2142 2497 ι
2170 2444 2279 2507 κὼς
2317 2445 2345 2497 ὁ
2370 2445 2635 2515 δεσπότης
2666 2448 2697 2516 ὴ
2709 2444 2823 2516 μῶν
2867 2446 2895 2498 ὁ
2925 2445 3074 2509 Θεός.
3120 2445 3235 2498 Οὑκ
3261 2440 3426 2499 οὖσαν
3460 2446 3565 2516 γάρ
3592 2448 3695 2516 τὴν

2125 2554 2143 2586 ι
2167 2538 2341 2608 σάρκα
2369 2537 2434 2607 ἣν
2477 2535 2762 2607 ἀνείληφεν
2794 2538 2821 2590 ό
2868 2537 3057 2603 Λόγος,
3094 2534 3227 2589 ἀλλά
3259 2534 3332 2605 μὴ
3360 2530 3514 2588 οὖσαν
3545 2534 3692 2587 ἔκτι-

2122 2644 2198 2680 σε.
2229 2648 2245 2676 ι
2312 2628 2383 2680 Τὸ
2422 2629 2521 2699 μὲν
2582 2624 2673 2681 οὖν
2729 2627 2973 2681 ἐκτίσθαι
3006 2628 3270 2698 ἔγνωμεν,
3304 2626 3363 2681 τὸ
3391 2627 3443 2680 δὲ
3475 2626 3567 2680 xui
3596 2644 3691 2695 γςο

2120 2718 2408 2787 γεννῆσθαι
2431 2718 2599 2788 αὑτὴν
2626 2719 2727 2771 ὑπὸ
2763 2717 2852 2770 τοῦ
2888 2717 3021 2770 Θεοῦ
3051 2718 3167 2780 πῶς
3198 2719 3263 2771 ἂν
3292 2718 3574 2789 ἀποδοθείη
3596 2717 3693 2772 τοῦ

2122 2808 2369 2878 Σωτῆρος
2410 2807 2567 2877 ἡμῶν
2592 2807 2859 2875 λέγοντος,
2898 2808 2964 2861 To
3008 2808 3442 2876 γεγεννημένον
3479 2810 3545 2862 ἐκ
3586 2808 3698 2876 τῆς

2123 2897 2346 2963 σαρκὸς
2382 2896 2535 2965 σάρξ
2554 2898 2715 2959 ἐστι;
2752 2897 2846 2949 xui
2886 2898 2913 2947 ό
2943 2896 3257 2959 ’Λπόστολος
3287 2896 3344 2949 δέ
3363 2915 3493 2968 φησι
3519 2900 3701 2952 Γενό-

451 2991 705 3045 violeutia
724 2990 920 3044 dixerit
948 2990 1211 3060 quispiam
1233 2990 1284 3043 in
1320 2988 1515 3042 Filium
1536 2990 1649 3053 Dei,
1668 3001 1876 3046 semota
1896 2993 2017 3046 alle«

2122 3005 2304 3056 μενος
2326 2987 2457 3056 (97),
2488 2988 2556 3039 ἐκ
2594 2985 2897 3055 γυναικὸς,
2935 2987 3250 3054 γενόμενος
3300 2986 3419 3039 ὑπὸ
3459 2986 3563 3041 τοῦ
3595 2990 3698 3041 νό-

450 3081 629 3152 ίιοιιίοο
652 3081 816 3147 ﬁgura
834 3080 931 3133 ista
950 3094 1073 3133 vere
1088 3079 1392 3134 convenire.
1412 3077 1543 3132 Nam
1562 3089 1615 3133 et
1632 3091 1755 3134 ante
1772 3082 2017 3137 tellurem

2122 3096 2259 3147 μου.
2298 3077 2421 3141 Πῶς
2461 3074 2551 3132 οῦν
2583 3082 2615 3149 ἠ
2647 3077 2782 3149 σὰρξ
2832 3073 2982 3130 εἶπεν
3028 3078 3091 3130 ἂν
3136 3080 3263 3149 περὶ
3293 3080 3387 3132 τοῦ
3420 3078 3557 3132 Θεοῦ
3590 3079 3700 3133 τῶν

453 3171 795 3226 subsistebat.
829 3171 976 3234 Erat,
1004 3180 1059 3225 et
1088 3179 1336 3240 praeerat,
1381 3171 1686 3240 priusquam
1730 3174 2008 3240 prodirent

458 3262 733 3317 naturales
756 3277 1015 3331 aquarum
1046 3263 1402 3334 scaturigines
1433 3281 1447 3330 ;
1478 3273 1599 3319 ante
1626 3266 1849 3335 abyssos
1872 3282 2021 3321 com-

455 3364 811 3419 memoratas;
839 3354 1150 3424 priusquam
1182 3364 1337 3410 terra:
1378 3356 1542 3423 figura
1582 3366 1724 3411 esset
1755 3357 2021 3427 ordinata,

453 3460 549 3513 per
580 3444 838 3497 montium
874 3454 926 3499 ct
958 3444 1172 3499 collium
1202 3447 1564 3501 surrectiones
1598 3465 1611 3500 ε
1646 3446 1839 3501 Omnia
1884 3449 2022 3501 enim

452 3554 543 3607 per
572 3538 738 3605 ipsum
768 3536 906 3604 facta
936 3546 1079 3603 sunt,
1102 3548 1151 3591 et
1189 3539 1299 3592 sine
1330 3540 1439 3605 ipso
1470 3539 1668 3607 factum
1702 3550 1775 3594 est
1804 3539 1932 3593 nihil
1953 3542 2019 3595 δ’.

452 3628 521 3682 At
568 3629 611 3683 si
646 3628 911 3701 quispiam
951 3628 1037 3683 hic
1082 3628 1394 3697 interroget,
1440 3644 1537 3683 cur
1573 3644 1632 3684 se
1682 3644 1785 3684 non
1826 3630 2023 3685 dixerit

456 3722 836 3787 prmexstitisse
861 3730 982 3775 ante
1014 3720 1199 3783 cmlos,
1233 3730 1287 3773 et
1312 3729 1435 3774 ante
1458 3735 1519 3774 ea
1543 3736 1660 3790 quae
1692 3730 1817 3776 sunt
1840 3722 1890 3775 in
1913 3736 2022 3777 coe-

455 3811 542 3876 lis,
571 3820 662 3865 aut
692 3827 811 3880 qua:
835 3827 995 3881 supra
1019 3822 1181 3875 sunt;
1208 3822 1332 3865 ante
1360 3812 1569 3865 divinas
1615 3820 1668 3866 et
1702 3826 2021 3881 supermun-

453 3906 624 3959 danas
674 3913 963 3972 potestates
1010 3912 1067 3957 et
1111 3902 1375 3972 spiritus:
1412 3902 1619 3956 dicetur
1666 3905 1802 3971 quod
1830 3918 2019 3960 eorum

455 4013 560 4051 non
616 3996 859 4050 meminit
909 3995 1206 4064 Scriptura,
1272 4006 1553 4064 propterea
1583 3996 1723 4065 quod
1770 4012 1866 4065 per
1905 3997 2020 4053 ιιωο

455 4088 762 4151 Proverbia,
821 4086 1127 4157 pmdagogia
1186 4087 1429 4156 quaedam
1483 4089 1665 4142 animo
1729 4087 2020 4145 infantibus

453 4180 876 4250 protendebatur
907 4194 921 4231 :
946 4179 1088 4247 quod
1117 4180 1248 4233 satis
1284 4187 1448 4248 patet,
1469 4194 1590 4233 cum
1620 4178 1828 4233 dicatur
1855 4180 2020 4236 inter-

455 4272 601 4336 dum,
626 4272 866 4335 Attende,
899 4271 1002 4339 ﬁli,
1035 4272 1102 4324 ad
1144 4272 1534 4325 instructionem
1571 4272 1735 4341 patris
1762 4272 1859 4336 tui,
1884 4283 1929 4326 et
1957 4289 2019 4327 ne

456 4362 664 4432 rejicias
686 4362 818 4432 leges
851 4364 1029 4427 niptris
1059 4372 1159 4417 tute
1177 4362 1222 4394 ⁸⁰
1254 4380 1268 4415 :
1303 4362 1608 4430 aliquando,
1652 4360 1784 4425 Fili,
1812 4364 2019 4417 adverte

454 4454 685 4508 animum
731 4453 797 4506 ad
835 4453 968 4523 leges
997 4470 1156 4517 meas,
1184 4463 1229 4506 et
1259 4469 1437 4506 aurem
1478 4454 1813 4507 accommoda
1852 4455 2017 4509 verbis
2050 4479 2093 4534 Ι)
2122 4485 2272 4538 λελέε

454 4547 578 4600 meis
596 4546 661 4599 “.
698 4544 766 4599 Et
796 4546 1009 4606 iterum,
1042 4543 1175 4611 Fili,
1200 4560 1262 4598 ne
1288 4554 1585 4598 contemnas
1621 4544 2013 4598 instructionent

454 4638 685 4705 Domini,
726 4647 774 4691 et
798 4655 920 4691 «tum
942 4640 1004 4690 ab
1034 4637 1122 4690 illo
1151 4637 1451 4705 increperis.
1495 4652 1556 4689 ne
1580 4636 1793 4701 deﬁcias
1824 4638 1869 4668 ⁸¹
1895 4656 1907 4691 :
1939 4646 2012 4701 et,

458 4727 585 4790 Fili,
618 4729 661 4781 si
691 4727 784 4782 tibi
818 4729 1006 4797 probus
1042 4727 1423 4796 fueris,probus
1458 4726 1634 4779 itidem
1668 4727 1766 4779 eris
1805 4738 1851 4781 et
1886 4728 2016 4781 vici-

454 4822 553 4874 nis.
576 4819 726 4885 Quod
746 4820 791 4873 si
824 4819 1085 4886 improbus
1117 4820 1326 4880 evadas,
1348 4827 1454 4870 tum
1485 4817 1624 4869 solus
1653 4826 1789 4870 certe
1817 4818 2019 4871 exhau-

414 4906 419 4911 ’
451 4908 555 4959 ries
580 4906 718 4959 mala
740 4908 828 4959 ⁵⁸⁸.
862 4905 1139 4961 lnnumera
1169 4904 1251 4958 his
1273 4902 1489 4965 similia,
1513 4902 1577 4957 de
1596 4901 2009 4959 Proverbiorum

528 5081 586 5138 Ea
623 5075 717 5128 Ed.
750 5073 944 5135 l‘aris.,
981 5086 1100 5141 pag.
1136 5070 1253 5125 l6l.
1342 5070 1384 5101 ⁸⁷
1408 5068 1561 5141 Joan.
1591 5087 1670 5133 ut,
1702 5070 1754 5126 6.

453 5145 496 5177 ⁸⁸
528 5145 687 5199 Prov.
715 5161 798 5209 ιιι,
828 5145 915 5198 ll.
984 5140 1065 5175 η’
1088 5142 1243 5197 Prov.
1280 5158 1353 5206 ix,
1390 5140 1473 5196 £2.

524 5236 633 5305 (95)
667 5236 841 5307 Υιιιεο
869 5235 967 5307 μὲν
1006 5234 1189 5307 μηδέν.

523 5307 637 5373 (94)
670 5306 845 5375 Vulgo
874 5306 1145 5359 εὑσεόεἱα.

523 5377 635 5447 (95)
677 5376 1100 5448 Τελειωθέντας
1161 5376 1288 5445 ὅρη.
1329 5376 1469 5445 Lege
1529 5379 1623 5431 xui
1681 5378 1881 5448 πηγὰς,
1932 5378 2025 5448 xui

448 5447 704 5522 ibpq,_xui
759 5447 995 5522 βουνούς.
1036 5449 1231 5522 Statim
1280 5466 1293 5502 :
1343 5449 1459 5516 lege
1502 5448 1607 5522 πρὸ
1661 5448 1876 5501 πάντων
1917 5447 2024 5501 τῶν

454 5517 1059 5590 βουνῶνμγεγεννῆσθαι.
1094 5517 1164 5590 Μ.

525 5588 636 5659 (96)
668 5570 834 5655 vuigo
881 5570 1041 5641 ἀλλὰ
1094 5570 1223 5655 ἀὼς
1255 5589 1475 5656 αὐτήν,
1508 5588 1672 5658 Lrgo,
1714 5587 1871 5659 Ἀλλά
1910 5587 2026 5659 πῶς

454 5658 623 5727 αὐτή,
665 5672 856 5727 nempe
880 5674 1027 5720 caro,
1056 5660 1159 5711 ὑπὸ
1181 5660 1274 5713 τοῦ
1312 5660 1445 5713 Θεοῦ
1498 5677 1630 5729 φησι
1664 5658 2019 5728 γεγεννῆσθαι

456 5730 625 5800 αὑτήν
663 5729 798 5800 (imo
825 5738 874 5782 et
908 5729 1101 5800 ἑαυτήν
1119 5744 1238 5781 cum
1264 5731 1442 5799 codd.)
1470 5731 1538 5782 Μ.

539 5798 649 5869 (97)
682 5798 853 5868 Vulgo
878 5798 1230 5867 γεννώμενος,
1278 5810 1328 5854 et
1364 5798 1482 5857 mea
1515 5801 1617 5870 πρὸ
1646 5801 1856 5855 πάντων
1891 5800 1937 5867 β.
1971 5810 2022 5855 et

2128 3171 2262 3225 ὅλων
2289 3171 2371 3232 τὸ,
2398 3171 2515 3241 Πρὸ
2546 3169 2613 3223 δὲ
2649 3170 2889 3224 πάντων
2918 3168 3164 3234 ,Βουνῶν
3194 3169 3373 3237 γεννᾷ
3395 3188 3512 3240 ps;
3558 3173 3701 3228 Ταῦ-

2129 3287 2195 3323 τα
2231 3268 2326 3339 μὲν
2352 3264 2444 3321 οῦν
2489 3268 2561 3332 ὡς
2600 3267 2964 3339 βεϐιασμένην
3009 3268 3121 3338 ἔχει
3153 3269 3251 3337 τὴν
3282 3268 3574 3338 ἑρμηνείαν
3612 3261 3694 3319 οἶ-

2132 3377 2227 3429 μαι
2262 3360 2420 3411 παντί
2446 3375 2523 3428 τῳ
2574 3359 2882 3426 καταφανὲς
2933 3353 3089 3413 εἶναι.
3135 3357 3431 3420 Ἀϐιάστως
3461 3357 3503 3409 δ’
3536 3357 3600 3410 ἂν
3632 3356 3703 3410 εἴ·

2128 3469 2218 3503 ποι
2249 3450 2358 3521 (98)
2405 3468 2487 3514 τις
2512 3450 2601 3503 τὸν
2631 3451 2758 3503 Υἱὸν
2788 3450 2881 3502 τοῦ
2917 3449 3075 3513 Θεοῦ,
3116 3450 3207 3501 xui
3236 3449 3357 3519 δίχα
3388 3448 3587 3512 παντὸς
3610 3451 3699 3502 ea—

2127 3542 2413 3614 ληγορικοῦ
2441 3542 2659 3613 τρόπου,
2686 3542 2853 3596 ταῦτα
2886 3540 3258 3612 ἐπαληθεύειν,
3302 3543 3425 3595 ἐπεὶ
3471 3541 3566 3595 xui
3602 3541 3693 3609 τῆς

2127 3636 2228 3705 γῆς
2260 3634 2625 3705 προϋπῆρχεν,
2652 3630 2718 3704 ἦν
2746 3651 2804 3686 τε
2836 3636 2927 3686 xui
2961 3633 3132 3704 προῆν
3162 3634 3268 3704 πρὸ
3293 3633 3385 3686 τοῦ
3420 3632 3698 3703 προελθεῖν

2125 3725 2224 3787 τὰς
2250 3724 2562 3793 σωματικὰς
2596 3723 2777 3793 πηγὰς
2803 3723 2912 3776 τῶν
2936 3724 3161 3787 ὑδάτων,
3191 3724 3282 3777 xui
3311 3724 3415 3795 πρὸ
3446 3722 3554 3777 τῶν
3588 3723 3699 3793 (99)

2127 3814 2397 3883 αἰσθητῶς
2427 3816 2732 3886 λεγομένων
2788 3815 3057 3879 ἀϐύσσων,
3102 3817 3194 3868 xui
3237 3816 3342 3887 πρὸ
3385 3810 3478 3868 τοῦ
3509 3814 3702 3886 συστῆ-

2125 3925 2211 3960 ναι
2238 3903 2302 3960 αῦ
2332 3906 2392 3959 τὸ
2422 3908 2519 3977 τῆς
2563 3906 2664 3975 γῆς
2697 3906 2879 3975 σχῆμα
2920 3908 2975 3958 ἐν
3008 3908 3116 3968 τοῖς
3155 3906 3261 3958 τῶν
3304 3904 3445 3975 ὀρῶν
3472 3904 3564 3957 καὶ
3593 3904 3701 3957 τῶν

2128 3998 2329 4069 βουνῶν
2354 4000 2696 4069 ἀναστήμασι
2716 4016 2728 4027 ο
2764 3997 2961 4051 Πάντα
2992 3999 3097 4067 γὰρ
3122 3996 3195 4050 δι’
3224 3997 3411 4051 αὐτοῦ
3437 3996 3695 4066 ἐγένετο,

2126 4090 2221 4143 καὶ
2257 4090 2433 4159 χωρὶς
2470 4090 2654 4143 αὑτοῦ
2679 4090 2911 4157 ἐγένετο
2950 4088 3089 4142 οὐδὲ
3123 4090 3209 4141 ἓν.
3252 4090 3312 4142 Ei
3337 4089 3381 4141 δ’
3407 4086 3698 4158 ἐρωτήσειέ

2124 4198 2228 4243 τις,
2252 4180 2337 4234 διὰ
2360 4181 2409 4233 τί
2443 4180 2515 4249 μὴ
2543 4180 2645 4250 πρὸ
2666 4180 2770 4232 τῶν
2805 4179 3070 4251 οὐρανῶν,
3107 4178 3239 4248 μηδέ
3266 4179 3368 4251 πρὸ
3393 4177 3497 4232 τῶν
3517 4179 3575 4229 ἐν
3596 4178 3690 4228 οὑ-

2132 4284 2328 4352 ρανοῖς,
2368 4280 2400 4350 ἢ
2432 4279 2539 4333 τῶν
2579 4280 2655 4349 (ι)
2699 4281 2953 4334 ἐπέκεινα
2979 4280 3136 4335 θείων
3178 4282 3269 4333 xui
3311 4275 3691 4348 ὑπερκοσμίων

2122 4378 2401 4449 δυνάμεών
2426 4396 2483 4431 τε
2520 4379 2609 4432 xui
2644 4380 2984 4449 πνευμάτων,
3034 4378 3219 4432 ἐαυτὸν
3254 4375 3384 4433 εἶναι
3426 4376 3692 4431 ἐδίδασκε·

2246 4485 2391 4549 ξεται
2424 4485 2591 4555 αὑτῷ,
2627 4486 2707 4538 ὅτι
2736 4485 2935 4538 τούτων
2972 4486 3106 4549 τέως
3130 4487 3523 4557 ἐμνημόνευσεν
3551 4485 3580 4536 ὁ
3606 4482 3699 4535 λό-

2124 4588 2480 4660 γος,-ἐπειδὴ
2529 4589 2899 4659 παιδαγωγίαν
2928 4589 3058 4651 ¹τινὸι
3101 4589 3187 4643 διὰ
3235 4590 3341 4643 τῶν
3385 4587 3699 4660 Παροιμιῶν

2124 4697 2232 4759 τοῖς
2257 4695 2354 4758 τὰς
2382 4695 2557 4767 ψυχὰς
2594 4697 2804 4766 νηπίοις
2831 4696 3133 4768 παρεδίδου.
3173 4698 3237 4749 Ὃ
3271 4696 3361 4749 xui
3391 4694 3550 4765 δῆλον
3571 4711 3701 4762 τυγ-

2121 4801 2269 4871 χάνει
2319 4804 2382 4855 ἐκ
2404 4800 2495 4855 τοῦ
2538 4818 2667 4854 ποτε
2708 4801 2979 4871 λέγεσθαι,
3006 4804 3229 4868 Ἄκουε,
3262 4801 3375 4865 υἱὲ,
3427 4800 3701 4855 παιδείαν

2124 4910 2345 4976 πατρός
2374 4924 2511 4973 σου,
2546 4908 2640 4961 καὶ
2668 4908 2753 4977 μὴ
2812 4906 3025 4975 ἀπώσῃ
3064 4907 3322 4975 θεσμοὺς
3361 4906 3434 4976 (2)
3476 4904 3702 4975 μητρός

1844 5073 1887 5104 ⁸⁸
1910 5072 2027 5127 Gal.
2056 5089 2131 5138 ιν,
2162 5070 2216 5126 4.
2304 5070 2349 5102 δ’
2381 5069 2535 5125 Joan.
2566 5070 2679 5134 1,3.
2756 5068 2799 5098 '°
2822 5067 2979 5125 Prov.
3014 5084 3050 5133 I,
3083 5068 3134 5122 8.
3209 5068 3253 5099 ⁸¹
3286 5065 3447 5120 Prov.
3479 5079 3552 5127 tv,
3587 5063 3681 5117 20.

2129 5252 2294 5289 παντι
2329 5250 2424 5289 τω.

2345 5285 2437 5367 Tir;
2473 5300 2579 5353 τόν
2615 5299 2769 5371 Υιώζ.
2791 5295 2959 5371 _Ess_ut
2991 5312 3092 5359 τις,
3124 5296 3204 5371 εἰς
3228 5294 3317 5347 τὸν
3352 5292 3499 5346 Υἱθν.
3542 5292 3611 5346 Μ.

2200 5362 2310 5443 (99)
2353 5362 2518 5443 Vulgo
2552 5364 2964 5443 ουκ-αἰσθητῶς
3002 5376 3066 5443 et
3096 5362 3182 5443 αῦ.

2200 5431 2381 5515 (η”ιι
2428 5431 2547 5495 τῶν
2574 5431 2873 5494 ὑπέκεινιὶ.
2912 5437 3022 5488 luto
3052 5436 3303 5515 ἐπέκεινα
3352 5433 3453 5515 [sic
3485 5431 3695 5515 co_r_id.],

2130 5504 2579 5585 de‘poteslatibus
2628 5525 2747 5578 qua:
2796 5519 3009 5562 sursum
3054 5516 3210 5560 erant
3240 5504 3497 5575 loquitur.
3532 5504 3601 5557 Μ.
3626 5531 3696 5542 —

2131 5582 2249 5642 Mox
2279 5586 2433 5653 vulgo
2458 5582 2689 5653 λέξεται.

2196 5658 2270 5723 (2)
2306 5644 2475 5724 νιῖιαο
2501 5644 2643 5723 [τῆς]
2684 5672 2739 5724 μ.
2793 5662 2846 5707 et
2898 5668 3018 5705 mox
3052 5647 3195 5724 νοῦν,
3251 5647 3341 5701 xui
3387 5644 3567 5707 πάλιν,
3598 5654 3693 5710 pro

2127 5727 2238 5796 οὖς,
2278 5728 2367 5779 καί
2398 5721 2571 5790 αὖθις,
2597 5721 2645 5781 ei
2672 5721 2862 5797 γέννης
2898 5739 2991 5793 pro
3027 5721 3174 5792 γένῃ.
