4086 6202
531 230 640 288 903

1501 224 1589 280 DE
1629 224 2157 282 ECCLESIASTICA
2199 226 2582 285 THEOLOGIA
2620 227 2745 284 LIB.
2788 228 2875 284 ill.

3669 236 3735 292 99
3743 238 3774 291 4

527 361 669 401 ονου⁸
705 345 836 398 ποτὲ
868 340 944 407 δὲ,
988 340 1100 405 Υἱὲ,
1135 337 1297 409 ἐμοῖς
1328 340 1533 408 νόμοις
1565 343 1841 412 πρόσεχε,
1890 342 2009 409 τοῖς
2040 343 2097 396 δὲ

2208 345 2343 399 libro
2366 360 2460 415 per
2482 346 2712 414 seipsum
2756 349 2878 416 quis
2916 346 3189 417 collegerit
3221 349 3431 419 negotio
3452 350 3617 416 nullo,
3652 357 3775 423 qui-

529 438 696 510 ὲμοῖς
722 438 950 507 ῥήμασι
981 432 1327 503 παράϐαλλε
1358 434 1475 486 σὸν
1505 430 1632 500 οὖς’
1665 437 1758 488 καί
1780 434 1952 499 αὖθις,
1991 436 2103 499 Υἱὲ,

527 531 614 601 μὴ
644 528 905 599 ὀλιγώρει
935 526 1206 593 παιδείας
1231 526 1473 593 Κυρίου,
1506 528 1605 581 καὶ
1639 528 1725 597 μὴ
1752 529 1974 583 ἐκλύου
2003 528 2105 582 ὑπ’

530 623 716 678 αὑτοῦ
734 622 1129 689 ἐλεγχόμενος
1144 637 1157 649 ο
1188 619 1302 680 καὶ,
1341 618 1451 682 Υἱὲ,
1478 619 1586 672 ἐὰν
1602 619 1799 686 καλῶς
1822 619 1964 690 γένῃ
1981 620 2108 674 ἐαυ-

532 715 632 783 τῷ,
678 713 863 779 καλὸς
891 713 1007 781 ἔσῃ
1040 712 1137 765 καὶ
1180 712 1305 778 τοῖς
1336 714 1631 779 πλησίον·
1672 713 1781 766 ἐὰν
1810 712 1879 765 δὲ
1924 714 2106 778 κακὸς

528 806 780 875 ἀποϐῇς,
808 807 997 874 μόνος
1036 804 1361 870 ἁντλήσεις
1389 805 1461 858 τὰ
1497 804 1649 858 κακά
1684 805 1781 876 (5).
1828 806 2009 877 Μυρία
2049 806 2106 859 δὲ

532 903 597 955 ἂν
618 902 708 953 καὶ
736 898 897 962 αὐτὸς
929 899 1138 961 τούτοις
1174 898 1355 969 ὃμοια,
1384 897 1504 950 καθ’
1529 897 1718 952 ἑαυτὸν
1756 898 1864 951 ἀπὸ
1892 897 1993 968 τῆς
2021 896 2103 967 βί-

526 990 650 1043 ϐλου
675 988 786 1042 τῶν
824 987 1139 1061 Παροιμιῶν
1173 986 1425 1057 άναλέξῃ,
1460 985 1523 1038 δι’
1550 980 1624 1041 ὧν
1656 988 1683 1039 6
1721 988 1892 1055 Λόγος
1920 987 2105 1056 φαίνε-

523 1098 612 1133 ται
642 1080 859 1151 νηπίοις
889 1079 987 1141 τὰς
1019 1076 1197 1148 ψυχάς
1236 1077 1771 1147 προσδιαλεγόμενος.
1822 1076 1977 1131 Οὕτω
2010 1078 2103 1131 καὶ

522 1174 729 1244 Μωσῆς
757 1172 1100 1241 παιδαγωγὸς
1124 1170 1230 1224 τῶν
1256 1169 1457 1223 ἀτελῶν
1486 1170 1583 1232 τὰς
1612 1169 1685 1239 (4)
1711 1170 1912 1242 φρένας
1939 1172 2105 1243 ὑπάρ-

522 1283 655 1337 χων,
682 1263 912 1332 οὐρανοῦ
961 1264 1055 1317 καῖ⁸
1084 1263 1186 1333 γῆς
1219 1262 1312 1315 καὶ
1340 1261 1439 1331 τῆς
1464 1260 1571 1314 τῶν
1598 1262 1804 1333 ὁρατῶν
1844 1263 2103 1335 δημιουρ-

520 1362 645 1429 γίας
688 1359 1120 1431 ὲμνημόνευσεν’
1174 1359 1235 1410 οὐ
1291 1355 1395 1427 μὴν
1436 1357 1528 1409 καὶ
1568 1357 1796 1421 κτίσεως
1832 1358 2098 1427 ἀγγέλων,

518 1455 647 1508 οὐδὲ
677 1453 833 1507 θείων
860 1453 1137 1523 δυνάμεων
1159 1492 1175 1516 ,
1212 1452 1330 1504 οὐδὲ
1359 1451 1687 1521 πνευμάτων
1705 1451 1893 1519 ἁγίων,
1915 1451 1993 1523 τῷ
2026 1452 2100 1525 μὴ

524 1548 722 1617 χωρεῖν
758 1563 842 1598 πω
883 1544 978 1614 τὴν
1022 1544 1222 1597 τούτων
1260 1541 1606 1596 διδασκαλίαν
1648 1544 1772 1606 τοὺς
1812 1544 1960 1614 αὑτῷ
1998 1562 2102 1615 μα-

527 1637 934 1708 θητευομένους.
967 1636 1203 1699 Εἰκότως
1230 1635 1515 1705 τοιγαροῦν
1545 1635 1636 1686 καὶ
1655 1635 1682 1686 6
1718 1637 1774 1687 ὲν
1799 1638 1917 1698 ταῖς
1948 1637 2097 1709 Παρο

2210 436 2310 491 bus
2339 436 2464 490 illud
2492 437 2656 505 liquet
2682 437 2911 492 Verbum
2938 437 3009 491 ibi
3043 454 3321 494 sermones
3346 441 3622 496 instituere
3649 460 3769 499 cum

2208 530 2385 583 animo
2406 530 2690 584 admodum
2717 530 2917 598 pueris.
2947 536 3005 592 >14
3037 531 3116 585 Ad
3147 534 3306 586 istmn
3337 536 3551 588 modum
3580 544 3634 589 et
3662 535 3773 589 Mo-

2208 636 2295 675 ses
2350 620 2781 689 imperiectornm
2835 626 3125 679 secundum
3182 624 3388 679 animos
3457 625 3773 695 paedagogus

2207 726 2325 763 cum
2358 722 2519 776 esset,
2552 714 2671 767 caeli
2703 724 2755 768 ct
2790 724 2968 780 terrae,
2995 726 3048 769 et
3080 717 3369 770 visibilium
3405 719 3776 772 commeminit

2206 802 2543 858 conditurae:
2580 820 2685 860 non
2733 817 2910 860 autem
2966 807 3256 861 ereationis
3299 809 3631 876 angelorum,
3676 827 3775 866 nec

2206 898 2506 952 divinarum
2552 907 2899 967 potestatum,
2940 916 3040 954 nec
3098 910 3407 955 sanctorum
3460 903 3770 972 spirituum,

2203 1003 2268 1044 eo
2318 991 2459 1059 quod
2505 1006 2607 1045 non
2648 1000 2865 1059 possent
2895 1007 3086 1061 capere
3116 993 3413 1048 doctrinam
3466 996 3620 1048 istam
3670 996 3768 1059 illi,

2204 1082 2295 1151 qui
2325 1083 2378 1137 in
2415 1082 2753 1151 disciplinam
2804 1084 2851 1137 ei
2876 1084 3265 1151 :tradebantur.
3323 1085 3397 1139 Ut
3432 1101 3529 1141 nec
3575 1088 3767 1157 injuria

2205 1172 2459 1238 Verbum,
2494 1172 2617 1225 dum
2671 1172 2903 1241 loquitur
2947 1174 3033 1228 hic
3060 1174 3111 1227 in
3135 1175 3459 1242 Proverbiis,
3484 1178 3551 1231 ad
3595 1178 3771 1231 istius-

2204 1266 2346 1320 modi
2372 1264 2644 1320 auditores
2667 1265 2963 1323 doctrinam
2991 1282 3165 1334 suam,
3190 1284 3217 1321 a
3245 1270 3471 1323 terrenis
3500 1271 3768 1325 montibus

2203 1358 2449 1422 deducat,
2481 1373 2508 1409 a
2538 1357 2763 1411 collibus
2797 1366 2851 1411 et
2886 1373 3145 1426 aquarum
3178 1360 3630 1430 scaturiginibus;
3677 1373 3764 1416 ul—

2202 1460 2324 1518 pote
2357 1464 2386 1502 a
2414 1450 2579 1517 magis
2611 1450 2839 1520 cognitis
2875 1467 2887 1503 :
2920 1461 3080 1521 atque
3103 1453 3171 1504 ita
3203 1469 3426 1509 exorsus
3458 1457 3523 1509 ab
3546 1456 3768 1513 inferius

2200 1543 2409 1610 positis,
2434 1542 2800 1596 inforinandos
2820 1543 2972 1611 quasi
3001 1560 3157 1597 manu
3194 1547 3419 1601 deducat
3450 1550 3514 1602 ad
3541 1549 3766 1605 eximio-

2203 1649 2258 1687 ra
2300 1652 2312 1686 :
2342 1644 2395 1688 et
2419 1649 2446 1686 a
2477 1634 2852 1688 minutioribus
2888 1637 2965 1689 sic
2993 1635 3058 1687 ad
3083 1636 3248 1705 magis
3275 1637 3449 1690 divina
3482 1648 3766 1695 transcen-

525 1729 728 1799 οιμίαις
756 1714 942 1797 Λδγος,
972 1728 1046 1791 ὡς
1079 1727 1338 1790 τοιούτοις
1375 1727 1485 1779 άπὸ
1542 1726 1648 1781 τῶν
1682 1727 1807 1798 ’περὶ⁹
1831 1728 1932 1799 γῆν
1955 1728 2097 1800 ὀρῶν

2200 1723 2329 1777 dere
2360 1723 2479 1779 illos
2520 1723 2700 1777 faciat.
2740 1722 2863 1777 llaec
2896 1726 2964 1778 ita
2992 1736 3128 1788 esto,
3179 1727 3223 1779 si
3269 1742 3373 1780 non
3417 1728 3553 1783 ultra
3604 1746 3767 1786 voces

525 1836 586 1873 τε
615 1821 707 1873 καὶ
741 1818 962 1889 βουνῶν,
1018 1819 1110 1872 καὶ
1150 1818 1360 1890 πηγῶν,
1394 1817 1470 1882 ὼς
1507 1819 1615 1871 ἀπὸ
1666 1820 2097 1893 γνωριμωτέρων

524 1911 622 1983 τὴν
648 1910 990 1965 διδασκαλίαν
1033 1913 1295 1963 ἐποιεῖτο·
1340 1910 1416 1974 ὡς
1464 1909 1524 1975 ἐξ
1589 1911 1902 1982 ὑποϐάθρας
1932 1912 2099 1984 ἀρξά-

526 2021 686 2075 μενος
721 2004 812 2056 ἐπὶ
840 2005 908 2058 τὰ
946 2004 1177 2075 κρείττω
1208 2004 1636 2075 χειραγωγήσειε
1674 2003 1801 2067 τοὺς
1824 2006 2098 2074 παιδαγω-

521 2101 838 2172 γουμένους,
869 2101 977 2154 ἀπὸ
1002 2118 1061 2153 τε
1097 2100 1204 2154 τῶν
1231 2100 1603 2173 σμικροτέρων
1643 2101 1734 2153 ἐπὶ
1764 2102 1832 2157 τὰ
1857 2101 2100 2173 θειότερα

518 2190 812 2245 διαϐαίνειν
854 2190 1309 2262 παρασκευάσειε.
1349 2190 1531 2243 Ταῦτα
1563 2192 1660 2261 μὲν
1696 2187 1811 2257 οὖν,
1857 2194 1905 2246 εἰ
1935 2194 2100 2265 μηδὲν

516 2300 600 2347 τις
625 2284 772 2355 πέρα
810 2283 909 2352 τῆς
939 2281 1136 2348 λέξεως
1170 2282 1614 2353 περιεργάζοιτο·
1642 2283 1689 2336 εί
1724 2283 1780 2336 δὲ
1808 2284 2099 2357 βαθύτερον

517 2394 601 2441 τις
622 2375 911 2429 καὶταῦτα
949 2379 1088 2429 νοεῖν
1126 2373 1319 2440 ἐθέλοι,
1354 2376 1413 2428 οὐ
1458 2374 1657 2446 μᾶλλον
1687 2378 1777 2430 ὲπὶ
1807 2380 1931 2442 τοὺς
1960 2380 2096 2431 ἀπο-

521 2467 760 2532 στόλους,
800 2468 833 2539 ἢ
864 2467 955 2520 ἐπὶ
977 2467 1184 2530 πάντας
1230 2469 1357 2530 τοὺς
1403 2466 1622 2520 πώποτε
1661 2468 1981 2539 γενομένους
2016 2468 2095 2521 δι-

519 2556 707 2617 καίους
736 2556 829 2608 καὶ⁴
875 2555 1137 2624 θεοφιλεῖς
1169 2555 1367 2627 ἄνδρας
1405 2556 1545 2610 αὐτὰ
1572 2556 1864 2622 ἐκδέξεται,
1910 2557 2094 2629 διαϐή-

522 2666 672 2703 σεται
693 2649 750 2702 δὲ
772 2648 978 2702 ἐνθένδε
1010 2651 1103 2703 καὶ
1142 2650 1235 2703 ἐπὶ
1262 2649 1362 2713 τὰς
1392 2650 1543 2714 θείας
1570 2651 1663 2704 καὶ
1688 2650 1981 2719 ἁγγελικὰς
2004 2651 2095 2703 δυ-

521 2742 732 2811 νάμεις,
783 2741 881 2813 ὅρη
927 2740 1098 2810 λέγων
1121 2744 1214 2796 καὶ
1247 2741 1465 2812 βουνοὺς
1497 2743 1825 2797 αἰνίττεσθαι
1850 2743 2094 2812 ἀγγέλων

520 2833 616 2886 καὶ
652 2833 999 2904 ἀρχαγγέλων
1056 2835 1150 2888 καὶ
1203 2837 1530 2906 πνευμάτων
1591 2835 1753 2889 θείων
1809 2836 2093 2908 διαφορὰς,

523 2926 742 2997 θρόνους
772 2945 829 2979 τε
860 2929 951 2981 καὶ
981 2930 1303 2999 κυριότητας
1340 2930 1433 2983 καὶ
1485 2929 1659 3003 ἀρχὰς
1692 2930 1786 2984 κοιλ⁵
1826 2929 2090 2996 ἐξουσίας,

2199 1817 2320 1885 quis
2351 1815 2612 1870 curiosius
2664 1816 2920 1885 inquirat.
2964 1817 3113 1885 Quod
3140 1818 3181 1870 si
3212 1819 3331 1887 quis
3362 1820 3763 1888 profundiorem

2198 1908 2385 1964 harum
2420 1923 2600 1963 rerum
2637 1908 3039 1979 intelligentiam
3077 1913 3352 1981 percipere
3405 1913 3553 1979 velit,
3616 1924 3768 1969 certe

2200 2015 2303 2054 non
2330 2002 2499 2070 magis
2529 2015 2589 2054 ea
2616 2001 2681 2055 ad
2704 2001 2971 2071 apostolos
2997 2018 3153 2071 quam
3186 2004 3405 2073 quosvis
3423 2004 3594 2073 justos
3613 2017 3667 2061 et
3688 2008 3767 2062 di-

2199 2093 2369 2146 lectos
2397 2092 2507 2147 Deo
2553 2091 2795 2147 retulerit
2829 2112 2841 2147 :
2878 2104 2931 2147 et
2980 2095 3048 2149 ita
3085 2097 3477 2151 transcenderit
3520 2099 3645 2152 inde
3698 2100 3764 2153 ad

2200 2186 2408 2239 divinas
2436 2195 2492 2240 et
2518 2185 2790 2255 angelicas
2815 2195 3107 2254 potestates
3140 2203 3153 2238 :
3191 2203 3285 2258 per
3329 2199 3538 2243 montes
3571 2198 3623 2244 et
3652 2191 3765 2246 col-

2198 2272 2278 2328 les
2302 2272 2568 2344 designari
2594 2274 2897 2345 intelligens
2923 2275 3231 2344 angelorum
3255 2279 3764 2349 etarcbangelorum

2198 2372 2252 2417 et
2281 2364 2579 2419 divinorum
2609 2366 2892 2435 spirituum
2924 2366 3275 2433 differentias,
3322 2370 3563 2435 thronos,
3595 2373 3767 2426 domi-

2197 2455 2464 2520 nationes,
2517 2458 2874 2526 principatus,
2931 2470 3244 2528 potestates.
3297 2461 3413 2517 Jam
3462 2478 3589 2519 vero
3625 2467 3765 2534 quod

2198 2548 2297 2602 ista
2327 2548 2505 2602 omnia
2553 2565 2649 2619 per
2679 2550 2850 2619 illum,
2880 2562 2934 2605 et
2954 2556 3019 2607 ad
3049 2553 3193 2607 illum
3221 2563 3400 2609 creata
3436 2556 3635 2611 iuerint
3662 2574 3677 2611 :
3710 2567 3766 2613 et

2196 2640 2336 2706 quod
2366 2650 2491 2693 ante
2520 2641 2619 2695 ista
2647 2643 2851 2707 omnia,
2884 2643 2999 2713 ipse.
3028 2643 3379 2710 subsistebat,
3420 2647 3633 2702 divinus
3672 2648 3766 2703 do-

2194 2743 2280 2787 cet
2300 2733 2609 2801 Apostolus,
2638 2733 2950 2803 inspiratus,
2982 2744 3036 2788 ut
3065 2750 3162 2803 par
3193 2738 3537 2803 estcredere,
3568 2739 3764 2795 divini--

2197 2833 2301 2889 tus;
2336 2839 2454 2879 cum
2485 2825 2537 2878 in
2563 2840 2790 2894 persona
2830 2825 2950 2880 Filii
2982 2824 3074 2881 Dei
3101 2828 3213 2882 haec
3243 2839 3550 2899 usurparet,
3575 2830 3765 2886 Prius-

2192 2932 2349 2986 quam
2377 2927 2575 2972 montes
2610 2918 2983 2986 fundarentur,
3026 2930 3146 2974 ante
3191 2937 3367 2976 omnes
3400 2922 3555 2977 colles
3588 2926 3764 2994 genuit

520 3019 603 3072 ὅτι
630 3020 705 3090 (5)
740 3019 801 3090 δὴ
841 3020 1129 3074 καὶταῦτα
1165 3022 1343 3076 πάντα
1372 3022 1439 3075 δι’
1471 3022 1657 3087 αὐτοῦ,
1694 3023 1785 3076 κα.)⁸
1817 3025 1896 3087 είς
1934 3023 2093 3077 αὑτὸν

2197 3024 2293 3063 me.
2321 3009 2388 3063 Et
2426 3010 2529 3064 alia
2572 3012 2785 3079 quidem
2821 3014 2998 3067 omnia
3034 3014 3172 3069 facta
3210 3015 3382 3070 dicit:
3419 3017 3588 3072 solum
3638 3034 3765 3075 vero

519 3110 762 3164 ἐκτίσθαι
796 3112 888 3165 καὶ
916 3112 1020 3184 πρὸ
1041 3114 1256 3167 πάντων
1290 3113 1467 3166 αὐτῶν
1488 3108 1626 3167 εἶναι
1648 3113 1873 3179 τούτων,
1905 3116 1933 3168 6
1954 3113 2094 3178 θεῖος

518 3202 753 3268 ἐδίδαξεν
768 3204 1082 3267 Ἀπόστολος
1112 3204 1210 3275 (6),
1238 3203 1561 3275 ὲνθέως(ιῖ›ς)
1587 3205 1729 3268 εἰκὸς
1754 3203 2093 3275 ὁρμώμενος,

514 3294 601 3349 διὰ
626 3296 687 3349 τὸ
729 3296 979 3365 λέγεσθαι
1035 3298 1091 3350 ὲν
1134 3297 1342 3361 τούτοις
1392 3298 1456 3349 ὲκ
1506 3294 1799 3369 προσώπου
1832 3296 1924 3349 τοῦ
1966 3295 2094 3349 Υἱοῦ

512 3387 606 3441 τοῦ
624 3388 756 3442 Θεοῦ
773 3390 855 3451 τὸ,
886 3388 1004 3458 Πρὸ
1036 3389 1142 3443 τοῦ
1169 3389 1274 3458 ὄρη
1299 3387 1681 3458 ἑδρασθῆναι,
1710 3388 1822 3457 πρὸ
1853 3388 1920 3441 δὲ
1948 3386 2096 3441 πάν-

511 3496 630 3533 των
665 3479 911 3543 βουνῶν
951 3480 1131 3551 γεννᾷ
1160 3498 1254 3551 με.
1298 3482 1378 3535 Τὰ
1414 3482 1509 3552 μὲν
1547 3476 1638 3535 οὖν
1692 3480 1828 3536 ἄλλα
1865 3480 2093 3552 δρᾶσθαι

514 3573 639 3645 ἔφη,
676 3573 834 3642 μόνον
872 3572 926 3626 δὲ
958 3574 1118 3627 αὑτὸν
1142 3574 1496 3645 γεγεννῆσθαι
1530 3574 1636 3646 πρὸ
1661 3573 1759 3645 τῆς
1782 3573 1889 3627 τῶν
1921 3573 2092 3645 δηλω-

513 3663 711 3719 θέντων
739 3666 1067 3730 συστάσεως.
1102 3662 1223 3719 Οἶδε
1248 3666 1303 3719 δὲ
1336 3666 1432 3737 τὴν
1466 3666 1786 3736 ἐπουράνιον
1827 3666 2094 3737 Ἰερουσα-

512 3756 624 3828 λὴμ
646 3758 673 3810 6
699 3757 1211 3821 αὑτὸςἈπόστολος,
1253 3758 1347 3810 καὶ
1378 3757 1439 3810 τὸ
1482 3757 1731 3825 οὐράνιον
1781 3757 1906 3828 ὄρος
1931 3758 2016 3828 ἐφ’
2048 3749 2092 3826 ᾧ

510 3850 714 3920 ταύτην
766 3846 905 3901 εἷναί
961 3866 1093 3921 φησι
1138 3849 1343 3918 λέγων·
1395 3851 1893 3916 Προσεληλύθατε
1940 3850 2094 3904 Σιὼν

510 3940 651 4008 ὄρει,
689 3938 786 3992 καὶ
820 3940 992 3993 πόλει
1026 3939 1172 3994 Θεοῦ
1201 3938 1413 4005 ζῶντος
1446 3940 1839 4009 Ἰερουσαλὴμ
1868 3940 1959 3994 ἐπ’
1990 3943 2084 3995 οὐ·

501 4029 688 4101 ρανῷ,
728 4032 825 4085 καὶ
868 4033 1159 4102 μυρίασιν
1189 4032 1479 4103 ἀγγέλων,
1516 4033 1842 4103 πανηγύρει
1868 4034 2096 4088 καὶΕκ-

510 4124 735 4193 uncia
783 4125 1169 4194 πρωτοτόκων
1205 4123 1746 4195 ἀπογεγραμμένων
1801 4125 1871 4179 ἐν
1917 4127 2091 4194 οὐρα-

508 4216 655 4283 νοῖς.
688 4218 797 4270 Καὶ
830 4218 1032 4271 τούτων
1067 4216 1353 4289 τοιγαροῦν
1378 4216 1630 4269 ἁπάντων
1659 4217 2033 4289 προῦπάρχων
2059 4220 2086 4271 6

508 4307 601 4362 τοῦ
627 4308 760 4362 Θεοῦ
804 4308 1095 4381 μονογενὴς
1122 4310 1249 4373 Υἱὸς
1291 4308 1359 4363 τὰ
1386 4308 1485 4379 τῆς
1530 4309 1735 4372 οἰκείας
1776 4310 2087 4381 ἀπορρήτου

507 4400 810 4471 γεννήσεως
834 4400 1342 4472 ὲπικεκρυμμένως,
1370 4399 1457 4454 διὰ
1474 4399 1581 4453 τῶν
1611 4398 1924 4471 Παροιμιῶν
1946 4400 2087 4471 ᾐνίτ-
2117 4415 2160 4469 ι)

510 4509 651 4546 τετο.
679 4493 788 4547 Καὶ
810 4495 891 4547 ὅτι
919 4511 981 4563 γε
1024 4494 1191 4548 ταῦτα
1211 4494 1479 4547 ὑπέϐαλλε
1509 4496 1669 4559 νοεῖν,
1699 4492 1853 4564 δῆλον
1900 4491 1966 4545 ἂν
1986 4491 2080 4561 γέ-

514 4604 655 4641 νοιτο
675 4588 765 4657 ἀφ⁹
794 4581 868 4642 ὧν
896 4588 1153 4642 συνάπτει
1184 4587 1308 4659 ἑξῆς
1334 4588 1505 4657 λέγων
1528 4605 1542 4618 ·
1590 4587 1790 4643 Ὴνίκα
1819 4583 2085 4656 ἡτοίμαζε

506 4682 617 4736 τὸν
634 4681 914 4750 οὐρανὸν,
945 4682 1357 4751 συμπαρήμην
1385 4682 1562 4747 αὐτῷ.
1598 4681 1765 4734 Ἔνθα
1791 4683 1818 4733 6
1840 4682 2085 4749 γενναῖος

504 4773 614 4830 τῶν
643 4774 871 4846 Γραφῶν
900 4774 1168 4847 ἑρμηνεὺς
1202 4773 1576 4837 ἀποκλεισθεὶς
1605 4772 1731 4844 ἔστη
1762 4773 1862 4841 (7),
1895 4771 2086 4843 μηκέθ’

505 4865 768 4937 ὑπερϐὰς,
800 4866 879 4937 τῷ
921 4866 993 4939 μὴ
1030 4866 1343 4936 δεδυνῆσθαι
1380 4864 1694 4936 ὲξομαλίσαι
1741 4865 1839 4935 τὴν
1866 4864 2091 4917 ἀκολου-

506 4956 628 5011 θίαν
646 4958 745 5029 τῆς
769 4957 1120 5029 ἀποδοθείσης
1157 4956 1306 5027 αὑτῷ
1336 4957 1465 5027 περὶ
1493 4955 1593 5025 τῆς
1619 4953 1820 5026 σαρκὸς
1848 4952 1943 5006 τοῦ
1975 4953 2087 5006 Σω-

503 5048 666 5120 τῆρος
710 5048 1038 5112 ὑποθέσεως.
1075 5050 1221 5103 Ἀνω
1262 5047 1371 5120 γὰρ
1412 5048 1507 5104 καὶ
1543 5046 1692 5099 κάτω
1741 5045 1837 5116 τῆς
1880 5043 2082 5119 σαρκὸς

506 5140 906 5214 μνημονεύσας,
948 5141 1042 5197 καὶ
1079 5141 1255 5198 πάντα
1287 5138 1539 5211 εἰρῆσθαι
1571 5138 1700 5210 περὶ
1727 5137 1826 5209 τῆς
1876 5136 2077 5208 σαρκὸς

576 5312 635 5372 ᾔ(
672 5306 768 5362 Ed.
799 5303 999 5371 Paris.,
1026 5320 1147 5377 pag.
1172 5302 1294 5369 162,
1340 5301 1439 5358 165
1534 5301 1581 5335 ⁸³
1610 5298 1771 5356 Hebr.
1804 5314 1901 5367 xu,
1922 5297 2016 5363 22,
2049 5296 2139 5353 25.

570 5491 647 5567 (ὅ)
676 5492 1103 5567 adoptandi-dc.
1130 5490 1273 5563 Lege
1310 5490 1480 5562 μυρία
1502 5489 1559 5544 δὲ
1599 5488 1732 5563 [imo
1763 5490 1808 5543 δ’
1848 5488 1913 5543 ἄν
1951 5504 2071 5546 cum

500 5563 686 5626 codd.l
716 5566 810 5619 xui.
833 5563 1014 5626 αὐτός.

593 5633 649 5704 4)
665 5629 834 5704 Yulgo
844 5634 1019 5704 ψυχάς
1032 5644 1085 5688 et
1099 5647 1219 5687 mox
1237 5632 1298 5704 τὸ
1318 5632 1391 5704 μή
1414 5631 1627 5703 εῌῐιΐω
1640 5632 1734 5686 καὶ
1748 5629 1896 5686 διαϐ.

593 5635 649 5704 4)
665 5635 1019 5757 νιιιεοψιέχάς
1032 5644 1085 5688 et
1099 5647 1219 5687 mox
1237 5635 1298 5685 τὸ
1318 5635 1391 5702 μή
1414 5649 1424 5686 t

572 5635 651 5777 l3)
684 5702 898 5774 Vulgob
955 5715 1007 5761 et
1033 5718 1155 5761 mox
1184 5700 1424 5774 ικτίσθη.

2197 3105 2371 3170 ipsum
2403 3105 2640 3173 genitum
2674 3115 2799 3159 ante
2830 3107 3265 3163 constitutionem
3310 3111 3761 3179 supradictorum.

2196 3191 2354 3246 Novit
2382 3207 2557 3249 autem
2578 3195 2719 3249 idem
2738 3197 3030 3265 Apostolus
3046 3209 3102 3254 et
3120 3198 3417 3256 Jerusalem
3452 3203 3726 3260 caelestem
3748 3246 3766 3273 ,

2195 3294 2251 3338 et
2279 3296 2512 3340 montem
2570 3287 2622 3341 in
2658 3304 2765 3357 quo
2792 3290 2878 3344 illa
2920 3294 3168 3348 conditur
3193 3296 3487 3362 caelestem,
3526 3298 3612 3353 ubi
3668 3300 3763 3365 ait,

2193 3375 2495 3429 Accessistis
2520 3376 2588 3429 ad
2615 3387 2838 3432 montem
2866 3377 3015 3447 Sion,
3044 3392 3089 3434 et
3117 3384 3377 3437 civitatem
3414 3388 3626 3441 viventis
3650 3386 3764 3453 Dei,

2192 3464 2487 3521 Jerusalem
2520 3469 2576 3521 in
2606 3468 2766 3533 caelis,
2797 3470 2865 3523 ad
2889 3473 3278 3527 multitudinem
3315 3476 3640 3531 innumeram
3666 3497 3763 3534 an-

2192 3557 2445 3626 gelorum,
2471 3559 2773 3630 panegyrim
2820 3571 2867 3613 et
2909 3560 3197 3616 Ecclesium
3226 3566 3686 3636 primogenitorum
3710 3570 3764 3623 in

2193 3649 2331 3702 mli;
2349 3649 2723 3717 descriptorum
2743 3648 2810 3703 ⁸⁸.
2847 3649 2984 3705 Ante
3023 3652 3121 3705 ista
3151 3651 3365 3721 quidem
3397 3654 3577 3707 omnia
3614 3655 3763 3709 exsi-

2193 3750 2339 3798 stens
2368 3743 2680 3813 unigenitus
2709 3743 2803 3798 Dei
2830 3742 3021 3809 Filius,
3050 3760 3168 3814 quae
3219 3746 3285 3799 ad
3320 3744 3490 3814 ipsius
3522 3743 3764 3800 ineiiabi-

2192 3835 2294 3889 lem
2324 3837 2641 3905 spectabant
2676 3840 3096 3908 generationem,
3130 3836 3443 3894 abscondite
3463 3839 3511 3891 in
3535 3836 3762 3893 Prover-

2192 3928 2293 3983 biis
2322 3928 2611 3985 intimavit.
2654 3929 2720 3985 Et
2759 3929 2901 4000 quod
2949 3930 3093 3985 hunc
3122 3933 3343 3987 subesse
3369 3946 3589 3986 sensum
3618 3930 3762 3984 vole-

2190 4021 2283 4076 bat
2311 4022 2532 4093 intelligi
2565 4030 2712 4093 patet
2743 4037 2808 4077 ex
2856 4022 2922 4077 iis
2972 4038 3091 4093 qua:
3123 4024 3303 4078 statim
3334 4024 3597 4094 adjungit,
3630 4020 3760 4077 Cum

2190 4112 2343 4167 caelos
2374 4121 2674 4182 appararet,
2706 4113 2786 4167 illi
2809 4131 3037 4183 prwsens
3062 4114 3234 4185 adfui.
3255 4114 3354 4170 llic
3372 4114 3481 4183 jam
3514 4116 3761 4186 egregius

2192 4207 2457 4274 interpres
2486 4207 2885 4276 Scripturarum
2914 4209 3443 4273 exclusussubstitit,
3471 4222 3567 4263 nec
3586 4218 3765 4263 trans-

2192 4296 2271 4350 ire
2302 4297 2473 4363 potuit
2512 4312 2525 4348 :
2564 4297 2705 4365 quod
2734 4299 3175 4368 consequentiam
3209 4299 3494 4353 reddenda:
3518 4299 3764 4369 supposi-

2191 4389 2350 4444 tionis
2400 4389 2466 4443 de
2511 4404 2674 4445 carne
2728 4389 3056 4455 Servatoris,
3109 4388 3452 4459 complanare
3493 4390 3759 4459 nequiret.

2189 4480 2458 4537 Mentione
2483 4483 2624 4536 enim
2685 4482 2822 4537 facta
2876 4485 3249 4553 susquedeque
3297 4483 3501 4547 carnis,
3560 4494 3615 4535 et
3650 4497 3761 4537 om-

2195 4578 2283 4631 nia
2301 4576 2452 4645 quasi
2478 4576 2619 4630 dicta
2645 4576 2711 4631 de
2726 4591 2891 4630 carne
2915 4577 3155 4646 exposita
3193 4589 3496 4645 proponens
3530 4580 3588 4639 ἧι
3616 4575 3761 4645 (nam

2195 4668 2259 4721 ad
2285 4682 2453 4737 usque
2482 4677 2690 4723 montes
2723 4679 2777 4723 et
2799 4669 2964 4723 colles
2982 4670 3172 4734 evasit,
3201 4683 3337 4737 quos
3363 4668 3634 4736 apostolos
3669 4682 3762 4720 ar-

2195 4762 2427 4817 bitratur
2476 4760 2664 4831 esse),
2707 4779 2823 4832 quae
2879 4771 3180 4831 sequuntur
3233 4761 3451 4815 silentio
3507 4761 3761 4828 deinceps

2196 4854 2388 4910 lubens
2439 4856 2755 4920 transmisit,
2792 4871 2893 4909 non
2925 4870 3087 4909 ausus
3127 4854 3351 4909 ulterius
3385 4854 3436 4907 in
3467 4851 3763 4923 Scripturis

2197 4950 2465 5020 progredi.
2493 4951 2673 5020 Atque
2711 4951 2782 5004 ita
2818 4948 3035 5003 ﬁbulam
3073 4946 3304 5001 orationi
3333 4946 3596 5015 apposuit.
3637 4943 3763 4998 Post

2190 5042 2584 5112 quamplurima
2614 5044 2938 5096 intermemo
2965 5054 3212 5094 sermone
3246 5048 3541 5102 transacta,
3577 5037 3645 5091 ab
3677 5052 3765 5090 ac-

2185 5134 2432 5204 ceptione
2460 5136 2546 5190 illa
2574 5134 2780 5191 carnali
2822 5132 3014 5199 resilit,
3046 5131 3224 5186 fassus
3262 5130 3353 5185 Dei
3392 5130 3621 5185 Verbum
3657 5129 3757 5184 ista

2253 5486 2328 5557 (6)
2376 5483 2619 5557 Ἐνθέῳς
2647 5483 2827 5547 εικός.
2850 5480 3029 5548 Deest,
3056 5479 3153 5545 ὼς,
3188 5478 3263 5543 ὡς
3296 5477 3464 5542 εἰκός.
3484 5474 3752 5533 M.—Mox

2185 5554 2347 5626 vulgo
2373 5556 2480 5627 πρὸ
2500 5555 2569 5607 τὰ
2593 5554 2716 5627 δρη.

2250 5615 2328 5697 (θ’)
2359 5615 2458 5693 Mil
2489 5615 2933 5697 “W’uﬁﬂﬁpﬁdc.
2957 5622 2998 5697 ξ’
2999 5632 3142 5697 orte,
3173 5622 3247 5694 μὴ
3285 5620 3434 5675 κάτω
3457 5618 3669 5680 διαϐάς.
3693 5615 3761 5670 Μ.

2199 5693 2267 5739 -ὲ
2295 5693 2460 5767 Vulgo
2498 5697 2569 5768 μὴ
2604 5694 2777 5767 μηκέθ
2805 5693 3065 5763 ὑπερϐάς.
