4086 6208
399 192 504 246 995

1068 193 1335 250 EUSEBH
1373 189 1851 250 CIESARIENSIS
1889 188 2038 246 OPP.
2081 189 2262 245 PARS
2303 189 2395 248 IV.
2435 222 2503 231 —
2544 191 2962 247 DOGMATICA.

3551 194 3659 252 996

401 317 766 384 prolocutum;
799 291 1120 384 verba'ejus
1149 328 1273 372 sunt
1305 317 1396 390 [R.
1429 315 1540 370 LIV
1575 317 1698 370 coll.
1728 332 1781 385 p.
1819 315 1882 369 41
1917 316 1975 380 D,

2084 314 2495 386 ἀποφηνάμενος
2517 315 2700 386 (μέχρι
2727 316 2836 387 γὰρ
2861 315 2970 369 τῶν
3013 314 3154 387 ὀρῶν
3187 313 3281 367 καὶ
3311 312 3420 368 τῶν
3452 313 3663 385 βουνῶν

403 411 504 465 H2
537 409 600 474 D,
633 411 734 464 166
762 410 827 484 A]
863 427 878 462 :
911 428 928 459 σ
965 409 1285 478 Priusquam
1342 421 1486 464 esset
1547 408 1800 471 mundus,
1858 416 1976 462 erat

405 525 422 555 ι
457 506 566 574 jam
623 504 850 560 Verbum
908 503 1197 574 in'Patre.
1255 503 1386 556 Cum
1451 516 1578 555 vero
1641 501 1976 568 omnipotens

406 617 426 650 ι
466 599 620 661 Deus,
651 597 828 650 omnia
857 610 916 649 ea
945 595 1176 649 condere
1203 596 1341 664 apud
1371 609 1430 650 se
1459 595 1833 660 constituerat,
1857 609 1974 662 quae

406 707 426 739 ι
463 700 587 743 sunt
621 690 672 743 in
721 687 872 740 caelis
910 695 962 740 et
991 701 1151 756 super
1181 699 1377 742 terram
1409 707 1422 741 :
1450 689 1630 742 mundi
1662 699 1809 742 certe
1847 703 1973 756 pro-

406 801 424 834 ι
461 781 639 836 ductio
672 779 872 834 eliicaci
897 780 1206 847 operatione
1235 780 1521 851 indigebat.
1557 781 1622 834 Et
1668 797 1787 834 cum
1838 795 1974 849 prae-

409 893 425 924 I
463 883 542 928 ter
591 875 773 934 Deum,
826 872 956 924 nihil
997 887 1214 940 prorsus
1266 882 1409 927 esset
1455 873 1600 942 (nam
1658 872 1872 942 ponitur
1923 873 1974 926 in

409 985 427 1017 ι
459 964 703 1019 confesso
739 964 879 1033 quod
913 965 1108 1018 fuerint
1136 965 1311 1017 omnia
1340 965 1406 1018 ab
1454 965 1542 1018 illo
1577 962 1835 1034 condita),
1866 973 1974 1018 tum

409 1077 428 1109 ε
459 1059 752 1125 procedens
783 1057 1038 1119 Verbum,
1097 1059 1294 1113 factum
1341 1067 1424 1112 est
1474 1057 1654 1111 nmndi
1708 1059 1972 1124 conditor,

408 1167 428 1201 ι
459 1150 596 1219 quod
631 1150 895 1204 exsistens
923 1153 1070 1221 prius
1104 1151 1270 1217 intus,
1303 1150 1448 1204 illum
1486 1150 1654 1218 ipsum
1689 1150 1979 1219 apparabat

407 1259 427 1292 ς
463 1243 909 1310 quemadmodum
937 1258 1034 1296 nos
1062 1243 1317 1311 propheta
1342 1247 1494 1296 docet
1522 1241 1773 1296 Salomon
1805 1259 1816 1294 :
1843 1239 1977 1294 Cum

410 1353 428 1384 ι
466 1345 741 1402 appararet
765 1344 982 1398 terram,
1003 1351 1106 1387 una
1134 1351 1361 1402 pra'sens
1394 1335 1606 1387 aderam
1623 1333 1690 1386 ⁸⁸.
1727 1333 1812 1398 Et,
1846 1332 1976 1387 Cum

407 1443 425 1474 ‹
463 1425 630 1492 fontes
658 1427 746 1494 qui
781 1427 872 1478 sub
903 1426 1029 1480 caelo
1057 1437 1176 1478 sum
1203 1425 1384 1493 ﬁrmos
1415 1436 1648 1494 poneret,
1667 1436 1713 1478 ct
1731 1426 1978 1478 solidaret

408 1537 426 1567 ‹
463 1518 791 1584 ﬁrmamenta
831 1530 1003 1582 terr-tr,
1062 1534 1204 1570 erant
1253 1517 1392 1585 apud
1439 1534 1554 1570 eum
1603 1517 1860 1585 adoptans
1892 1533 1974 1570 ea.

406 1625 426 1657 ς
470 1607 577 1677 Ego
616 1624 756 1660 erum
808 1609 860 1661 in
886 1625 989 1678 qua
1023 1607 1379 1665 oblectabatur
1399 1610 1464 1664 ⁸⁵.
1495 1608 1686 1662 Procul
1727 1611 1884 1663 dubio
1915 1610 1980 1664 si-

408 1720 426 1750 c
464 1702 675 1770 quidem
722 1688 1010 1771 gaudebat’
1026 1700 1206 1766 Pater,
1267 1717 1387 1756 cum
1429 1718 1523 1771 per
1557 1700 1787 1756 Verbum
1819 1718 1974 1757 suum

409 1813 429 1844 ί
467 1794 736 1863 sapienter
784 1800 836 1845 et
883 1803 1127 1862 potenter
1174 1795 1283 1847 hare
1321 1795 1499 1847 omnia
1537 1794 1752 1847 iaceret.
1795 1814 1812 1847 ι
1855 1795 1978 1850 llzcc

405 1885 706 1940 Marcellus.
733 1884 834 1951 Qui
864 1886 909 1939 si
939 1888 1024 1938 vix
1060 1886 1268 1938 tandem
1299 1888 1514 1956 agnovit
1544 1887 1658 1942 haec
1703 1888 1754 1941 in
1793 1903 1977 1954 perso-

402 1994 471 2032 na
509 1977 662 2033 Verbi
705 1978 844 2031 dicta
899 1991 1038 2040 esse,
1103 1978 1406 2032 necessario
1441 1978 1680 2032 conﬁteri
1736 1987 1974 2048 cogetur,

404 2073 710 2125 universam
770 2069 840 2121 ibi
893 2068 1157 2120 dictorum
1209 2082 1540 2137 compagem,
1575 2069 1641 2122 de
1667 2071 1850 2122 eodem
1887 2070 1977 2123 Dei

405 2159 584 2214 Verbo
619 2167 951 2226 usurpatam.
994 2156 1127 2210 Nam
1164 2158 1252 2225 qui
1293 2159 1448 2224 dixit,
1483 2158 1614 2212 Cum
1657 2172 1977 2230 pra’pararet

404 2253 586 2306 cretum
621 2251 668 2302 ei
699 2253 934 2314 atteram,
1002 2249 1138 2302 idem
1171 2249 1402 2303 Verbum
1429 2252 1636 2304 scilicet
1661 2262 1773 2304 erat
1807 2253 1894 2320 qui
1926 2261 1980 2306 et

403 2343 564 2398 dixit.
599 2345 852 2395 Dominus
877 2329 1107 2396 condidit
1157 2359 1236 2396 me
1276 2344 1590 2412 principium
1629 2346 1977 2398 viarumsua-

406 2455 521 2491 rum
559 2441 626 2491 ad
657 2455 812 2502 opera
838 2454 953 2489 sua.
1012 2436 1122 2490 Una
1176 2439 1371 2491 etenim
1406 2438 1698 2506 eademque
1749 2455 1974 2508 persona

407 2531 912 2599 reprarsentabatur,
949 2529 998 2581 in
1031 2529 1292 2598 principio
1323 2528 1477 2596 hujus
1508 2545 1712 2598 passus,
1770 2547 1887 2598 qua!
1927 2542 1980 2586 et

407 2623 586 2678 onmia
642 2623 890 2692 deinceps
949 2621 1362 2688 exsequebatur.
1417 2619 1508 2674 Ille
1540 2636 1668 2689 ergo
1698 2623 1786 2689 qui
1822 2622 1974 2686 dixit,

407 2715 663 2770 Dominus
715 2712 942 2766 condidit
992 2728 1070 2764 me
1125 2712 1436 2779 principium
1480 2712 1682 2764 viarum
1736 2729 1976 2776 suarum,

407 2807 689 2863 subintulit
737 2805 884 2869 illud,
950 2804 1080 2858 Ante
1107 2803 1300 2857 sarcula
1351 2805 1585 2869 [uariauit
1617 2820 1695 2856 me
1735 2820 1754 2856 :
1802 2814 1873 2869 et,
1911 2803 1978 2857 In

411 2900 662 2966 principio
709 2908 984 2965 antequam
1029 2907 1220 2950 terr-mn
1261 2897 1502 2948 conderet
1535 2912 1552 2948 :
1587 2905 1659 2960 et,
1691 2897 1977 2965 Antequam

2076 407 2297 476 ἔφθασε,
2334 409 2456 472 τοὺς
2485 409 2812 472 ἀποστόλους
2838 408 2986 462 ταῦτ’
3014 407 3181 461 εἰπὼν
3208 403 3392 476 εἶναι),
3421 409 3490 463 τά
3510 409 3565 462 δέ
3594 425 3664 479 γε

2077 499 2291 562 τούτοις
2325 499 2592 552 ἀκόλουθα
2616 499 2756 553 ἓκων
2784 500 3062 571 παρέδωκε
3093 503 3293 571 σιωπῇ,
3333 501 3530 572 μηκέτι
3563 503 3667 572 τῆς

2075 589 2299 660 Γραφῆς
2353 590 2662 661 περαιτέρω
2712 573 2988 660 προελθεῖν
3037 589 3333 661 τολμήσας.
3400 592 3669 646 Ἐνταῦθα

2079 682 2176 750 μὲν
2209 678 2300 734 οῦν
2332 682 2510 752 ἵστησι
2539 682 2628 734 τὸν
2653 681 2806 748 λόγον
2824 699 2836 711 ·
2867 684 3003 753 μετά
3023 682 3249 736 πλεῖστα
3276 684 3332 735 δὲ
3365 685 3464 738 ὅσα
3500 701 3670 754 μετρι-

2077 769 2138 835 ξϋ
2173 773 2318 843 αὐτῷ
2341 772 2659 843 λελεγμένα,
2687 773 2978 843 ἀφίσταται
3010 774 3104 843 μὲν
3141 775 3241 844 τῆς
3280 775 3372 827 ἐπὶ
3404 776 3503 846 τὴν
3532 777 3666 848 σάρ-

2076 881 2147 917 κα
2181 866 2425 936 ὲκδοχῆς,
2468 865 2720 935 ὁμολογεί
2771 865 2826 917 δὲ
2870 865 2962 918 τὸν
2993 865 3086 918 τοῦ
3143 865 3278 919 Θεοῦ
3309 869 3479 936 Λόγον
3521 865 3667 922 εἶναι

2075 957 2164 1011 τὸν
2211 959 2383 1012 ταῦτα
2437 960 2702 1028 φήσαντα.
2756 958 2919 1027 Λέγει
2964 959 3009 1012 δ’
3053 954 3144 1012 οῦν
3187 959 3366 1023 αὐτοῖς
3409 962 3662 1032 ρἡασι’

2083 1068 2100 1100 ι
2122 1050 2234 1120 Πρὸ
2262 1049 2369 1120 γάρ
2395 1047 2485 1102 τοῦ
2530 1049 2618 1101 τὸν
2645 1047 2847 1119 κόσμον
2876 1044 3017 1101 εἶναι
3053 1044 3120 1118 ἦν
3159 1049 3326 1117 Λόγος
3355 1052 3410 1102 ἐν
3435 1050 3509 1121 τῷ
3543 1052 3665 1104 Πα-

2083 1160 2100 1192 c
2125 1141 2233 1212 τρί.
2270 1141 2397 1193 Ὅτε
2419 1140 2474 1193 δὲ
2497 1142 2526 1192 6
2556 1138 2950 1210 παντοκράτωρ
2975 1138 3103 1202 Θεὸς
3129 1139 3306 1193 πάντα
3325 1157 3382 1192 τε
3407 1141 3461 1193 ἐν
3491 1141 3550 1193 οὐ
3561 1157 3667 1210 ρα-

2084 1254 2101 1284 ι
2134 1237 2245 1296 νοῖς
2288 1233 2382 1286 καὶ
2420 1233 2488 1286 τὰ
2529 1232 2620 1286 ἐπὶ
2664 1231 2763 1302 τῆς
2806 1232 2908 1302 γῆς
2950 1232 3169 1301 ποιῆσαι
3204 1231 3478 1302 προέθετο,
3505 1235 3664 1302 ἐνερ-

2085 1347 2101 1378 ι
2131 1326 2282 1395 γείας
2310 1328 2342 1395 ἡ
2373 1324 2465 1378 τοῦ
2497 1325 2698 1395 κόσμου
2743 1324 2956 1393 γένεσις
2999 1324 3167 1376 ἐδεῖτο
3205 1325 3516 1396 δραστικῆς,
3561 1327 3663 1380 καὶ

2086 1439 2103 1471 ι
2131 1420 2218 1472 διά
2243 1418 2419 1482 τοῦτο,
2461 1419 2683 1490 μηδενὸς
2723 1418 2874 1481 ὄντος
2913 1417 3101 1489 ἐτέρου
3149 1418 3288 1489 πλὴν
3337 1418 3472 1471 Θεοῦ
3506 1420 3668 1488 (πάν-

2085 1529 2195 1564 «τα
2254 1511 2363 1582 γὰρ
2423 1511 2761 1581 ὁμολογεῖται
2813 1511 2884 1581 (8)
2929 1501 3025 1562 ὑπ”
3075 1509 3238 1562 αὑτοῦ
3291 1511 3667 1582 γεγενῆσθαι),

2088 1623 2104 1653 ι
2135 1603 2253 1655 τότε
2285 1603 2492 1672 όΛόγος
2523 1604 2798 1674 προελθὼν
2827 1605 3034 1673 ἐγίνετο
3059 1603 3152 1656 τοῦ
3177 1605 3379 1675 κόσμου
3413 1606 3666 1675 ποιητὴς,

2089 1715 2106 1744 ι
2131 1697 2158 1748 6
2197 1695 2290 1747 stat
2321 1694 2581 1766 πρότερον
2617 1695 2762 1748 ἔνδον
2797 1695 3001 1766 νοητῶς
3039 1693 3338 1765 ὲτοιμάζων
3367 1697 3550 1760 αὑτὸν,
3590 1697 3669 1760 ὡς

2091 1805 2108 1838 ι
2131 1785 2366 1840 διδάσκει
2412 1788 2558 1857 ἡμᾶς
2585 1789 2612 1839 ό
2637 1789 2917 1858 προφήτης
2946 1787 3215 1858 Σολομὼν,
3261 1787 3463 1841 Ἠνίκα
3501 1789 3666 1855 ἡτοί-

2091 1897 2108 1928 ‹
2127 1877 2268 1948 μαζε
2312 1879 2417 1931 τὸν
2467 1879 2746 1946 οὐρανόν,
2797 1879 2988 1946 λέγων,
3018 1880 3428 1948 συμπαρήμην
3471 1879 3664 1945 αὐτῷ·

2091 1988 2108 2021 ι
2135 1971 2247 2032 καὶ,
2278 1970 2370 2036 Ὡς
2388 1970 2680 2039 ἀσφαλεῖς
2703 1971 2880 2024 ἐτίθει
2903 1971 3096 2040 πηγὰς
3116 1970 3226 2038 τῆς
3254 1972 3354 2025 ὑπ’
3371 1974 3632 2041 appar-dar
3647 1987 3664 2002 '

2090 2081 2107 2112 ι
2129 2063 2308 2130 ἡνίκα
2343 2064 2561 2131 ἰσχυρὰ
2591 2064 2776 2116 ἐποίει
2814 2063 2887 2117 τὰ
2919 2064 3160 2133 θεμέλια
3197 2063 3307 2132 τῆς
3335 2064 3470 2136 τῆς,
3501 2065 3670 2136 ἤμην

2091 2172 2109 2203 ‹
2135 2153 2269 2220 παρ’
2294 2151 2452 2218 αὐτῷ
2491 2153 2846 2223 ἁρμόζουσα.
2893 2154 3038 2224 Ἐγὼ
3073 2154 3235 2223 ἤμην
3260 2151 3299 2227 ᾗ
3347 2155 3670 2224 προσέχαι-

2091 2263 2108 2294 ‹
2125 2261 2222 2311 ,οεο
2259 2244 2441 2316 ἔχαιρε
2485 2245 2593 2317 γὰρ
2633 2246 2855 2308 εἰκότως
2895 2249 2922 2299 6
2957 2247 3142 2320 Πατὴρ
3193 2249 3328 2318 μετά
3359 2251 3547 2319 σοφίας
3570 2252 3668 2304 καὶ

2091 2336 2410 2406 ιδυνάμεως
2462 2337 2551 2390 διὰ
2605 2338 2698 2391 τοῦ
2734 2339 2906 2408 Λόγου
2962 2341 3137 2393 πάντα
3185 2341 3372 2394 ποιῶν.
3403 2362 3422 2392 ι
3479 2342 3666 2397 Ταῦτα

2085 2430 2422 2501 Μάρκελλος.
2455 2431 2519 2483 Εἰ
2543 2431 2616 2502 (9)
2649 2432 2711 2504 δὴ
2743 2429 2834 2486 οῦν
2862 2436 2924 2486 ἐκ
2955 2435 3242 2506 προσώπου
3273 2437 3363 2489 τοῦ
3384 2439 3550 2505 Λόγου
3579 2442 3661 2492 εξ-

2087 2523 2278 2594 ρῆσθαι
2314 2522 2453 2576 αὐτά
2485 2525 2642 2594 μόγις
2675 2525 2803 2578 ποτὲ
2839 2527 3205 2599 ὡμολόγησεν,
3248 2530 3449 2601 ἀνάγκη
3492 2531 3660 2585 αὐτὸν

2085 2616 2485 2686 παραδέξασθαι
2519 2620 2696 2670 πᾶσαν
2740 2618 2836 2689 τὴν
2873 2619 3184 2692 σύμφρασιν
3229 2622 3336 2675 τῶν
3370 2623 3663 2694 προκειμέ-

2085 2728 2188 2762 νων
2223 2711 2313 2763 ὲπὶ
2355 2711 2444 2763 τὸν
2473 2711 2636 2764 αὑτὸν
2671 2709 2766 2763 τοῦ
2800 2710 2934 2762 Θεοῦ
2961 2712 3130 2780 Λόγον
3180 2712 3565 2784 ἀναφέρεσθαι.
3607 2714 3669 2768 '0

2084 2803 2192 2875 γὰρ
2221 2801 2408 2866 εἰπὼν,
2425 2803 2634 2857 Ἦνίκα
2665 2803 2938 2874 ἡτοίμαζε
2965 2805 3070 2857 τὸν
3093 2805 3372 2873 οὐρανόν,
3390 2821 3670 2874 συμπαρ-

2083 2895 2245 2965 rip-nr
2281 2893 2458 2959 αὐτῷ,
2497 2895 2657 2958 αὐτὸς
2681 2896 2793 2966 (i0)
2824 2891 2891 2967 ἦν
2923 2898 2951 2948 6
2985 2896 3076 2949 καὶ
3109 2896 3188 2960 τὸ,
3227 2899 3445 2966 Κύριος
3466 2897 3672 2952 ἑκτισέ

409 2999 607 3043 montes
641 2988 1002 3056 [irnmrentur,
1032 2996 1150 3038 ante
1177 3001 1350 3037 omnes
1380 2985 1534 3037 colles
1563 2987 1737 3054 genuit
1763 3004 1875 3048 me;
1900 2997 1974 3052 et,

2084 3005 2154 3056 με
2191 2987 2389 3056 ἀρχὴν
2416 2986 2572 3040 ὁδῶν
2608 2989 2792 3042 αὑτοῦ
2837 2991 2923 3054 εἰς
2953 2989 3095 3058 ἔργα
3127 2987 3334 3071 αὑτοῦ,
3369 2991 3580 3059 φήσας·
3608 2988 3670 3042 ἓν

409 3083 540 3134 Cum
563 3089 885 3148 pra'pararet
912 3077 1085 3142 rwlos,
1116 3078 1160 3130 ei
1196 3078 1428 3132 aderam.
1467 3075 1622 3146 Isque
1650 3079 1784 3131 idem
1811 3089 1862 3132 et
1891 3095 1978 3133 sc-

407 3173 625 3243 quenlia
678 3172 940 3241 apposuit.
979 3170 1128 3237 Quod
1185 3171 1228 3225 si
1266 3171 1498 3225 Verbum
1537 3182 1653 3225 erat
1679 3171 1722 3225 is
1760 3172 1846 3239 qui
1875 3172 1980 3226 ista

411 3265 568 3328 dixit,
591 3280 610 3312 ι
640 3261 903 3330 quomodo
922 3271 1038 3314 erat
1075 3261 1216 3314 intus
1244 3259 1298 3313 in
1325 3260 1449 3326 Deo,
1475 3259 1808 3328 coingenitus
1834 3259 1980 3314 Deo?

412 3373 434 3405 ε
472 3369 631 3407 unum
647 3354 912 3407 exsisteus
930 3353 1176 3421 idemque
1196 3366 1315 3406 cum
1340 3351 1441 3405 eo?
1459 3359 1512 3405 et
1538 3362 1710 3406 tamen
1731 3366 1788 3405 se
1799 3351 1981 3405 condi-

413 3468 434 3495 ε
472 3455 580 3499 tum
595 3454 646 3496 et
669 3444 902 3511 genitura
921 3442 1233 3510 proﬁtetur?
1249 3440 1381 3496 Nam
1398 3443 1552 3496 unica
1573 3456 1820 3511 persona,
1837 3444 1979 3512 quod

414 3555 434 3585 ο
467 3536 668 3591 dictum
700 3545 782 3590 est
832 3535 1228 3588 demonstratur
1278 3532 1523 3587 universa
1551 3531 1661 3595 illa,
1686 3546 1804 3602 qua:
1838 3533 1978 3585 dicta

413 3649 433 3680 ε
470 3625 1098 3696 διιοιοι)ιιιε)1οιο.ιρυού
1121 3627 1164 3679 si
1193 3620 1403 3680 tandem
1422 3639 1544 3680 sero
1571 3625 1698 3679 licet
1723 3624 1982 3680 conﬁtea-

411 3734 497 3774 tur
523 3722 635 3775 hmc
664 3721 715 3773 in
744 3733 975 3790 persona
1019 3718 1202 3782 Verbi,
1251 3718 1390 3786 quod
1435 3719 1484 3772 in
1514 3718 1619 3772 Deo
1652 3727 1790 3781 erat,
1839 3719 1978 3772 dicta

405 3828 526 3868 esse
556 3855 572 3879 ,
615 3821 760 3866 certe
808 3811 1097 3865 violentum
1145 3811 1562 3878 deprehenditur
1609 3819 1662 3864 et
1710 3821 1976 3876 coactum,

405 3906 549 3975 quod
586 3905 650 3956 ad
677 3919 898 3957 carnem
923 3902 1224 3958 Servaimis
1255 3902 1606 3968 referebatur,
1642 3909 1700 3967 »Β
1733 3914 1786 3958 et
1816 3918 1876 3958 ea
1906 3905 1977 3958 ita

403 3999 586 4052 onmia
616 3997 800 4059 cruda,
829 3995 1007 4064 inepta
1033 4005 1086 4048 et
1113 4010 1247 4048 vana
1286 3993 1715 4050 manifestantur.
1750 3995 1899 4062 Quod
1932 3998 1974 4051 si

407 4105 537 4144 caro
576 4089 876 4143 Servatoris
894 4088 1067 4142 locuta
1091 4097 1190 4154 est,
1215 4087 1471 4142 Dominus
1487 4088 1716 4141 condidit
1734 4105 1814 4143 me
1832 4090 1978 4157 prin-

405 4181 601 4250 cipium
627 4182 827 4234 viarum
849 4195 1068 4234 suarum
1093 4179 1162 4232 aa'
1199 4197 1352 4248 opera
1392 4197 1490 4233 sua
1519 4220 1534 4245 ,
1587 4190 1644 4234 ut
1671 4181 1768 4251 ipsi
1802 4183 1974 4237 visum

403 4285 490 4329 est
519 4273 854 4344 interpretari
885 4291 900 4324 :
931 4283 986 4328 et
1005 4275 1047 4328 si
1072 4289 1201 4327 caro
1228 4283 1350 4328 ante
1372 4273 1564 4328 saecula
1593 4273 1849 4328 fundatur
1876 4293 1892 4330 :
1924 4285 1978 4330 et

2087 3077 2194 3148 γὰρ
2234 3078 2324 3131 καὶ
2359 3078 2420 3130 τὸ
2449 3078 2575 3130 αὐτὸ
2604 3078 2890 3149 πρόσωπον
2921 3078 3241 3150 ἀρχομένοις
3268 3067 3399 3150 ἡμῖν
3431 3078 3666 3150 ἐδείχθη,

2086 3168 2146 3220 τὸ
2178 3168 2350 3221 πάντα
2380 3167 2669 3232 διεξοδεῦον
2695 3169 2762 3224 τὰ
2789 3171 3140 3240 προκείμενα.
3176 3170 3344 3233 Αὐτὸς
3378 3171 3664 3243 τοιγαροῦν

2087 3258 2254 3312 εἰπὼν
2283 3299 2296 3322 ,
2323 3261 2545 3327 Κύριος
2587 3258 2790 3312 ἔκτισέ
2828 3277 2905 3329 με
2931 3260 3130 3328 ἀρχὴν
3166 3259 3320 3314 ὁδῶν
3358 3261 3548 3314 αὑτοῦ
3581 3264 3668 3327 εἷς

2086 3351 2228 3422 ἔργα
2267 3353 2472 3418 αὐτοῦ,
2511 3354 2757 3424 ἐπήγαγε
2795 3352 2875 3415 τὸ,
2912 3351 3028 3420 Πρό
3060 3352 3179 3404 τῶν
3206 3351 3435 3406 αἰώνων
3462 3354 3661 3424 ἐθεμέ-

2085 3445 2270 3498 λίωσέ
2305 3461 2403 3514 με·
2453 3447 2546 3498 καὶ
2589 3447 2670 3512 τὸ,
2728 3447 2831 3500 Ἐν
2857 3445 3018 3515 ἀρχῇ
3073 3445 3184 3514 πρὸ
3230 3446 3334 3499 τοῦ
3383 3445 3502 3514 τὴν
3549 3445 3659 3516 γῆν

2086 3537 2367 3606 ποιῆσαι·
2410 3539 2502 3590 καὶ
2526 3539 2605 3602 τὸ,
2660 3538 2781 3606 Πρὸ
2829 3538 2934 3592 τοῦ
2967 3538 3073 3606 ὅρη
3119 3537 3512 3606 ἑδρασθῆναι·
3553 3541 3662 3608 πρὸ

2085 3627 2153 3680 δὲ
2193 3627 2436 3681 πάντων
2465 3628 2574 3700 (Η)
2608 3628 2896 3702 [ﬂaverint]
2940 3629 3122 3701 γεννᾷ
3167 3648 3263 3700 με.
3306 3631 3364 3684 Ὀ
3420 3631 3582 3695 αὐτὸς
3608 3632 3666 3686 δὲ

2087 3721 2180 3774 καὶ
2228 3722 2306 3786 τὸ,
2365 3722 2564 3776 Ἠνὶκα
2601 3723 2912 3791 ἡτοίμαζεν
2939 3723 3046 3777 τὸν
3093 3723 3349 3793 οὐρανόν
3387 3739 3666 3793 συμπαρο

2084 3813 2245 3882 ήμην
2271 3812 2451 3879 αὐτῷ,
2491 3815 2692 3886 συνῆψε
2718 3816 2811 3869 καὶ
2855 3815 2919 3869 τά
2949 3815 3210 3869 ἀκόλουθα
3237 3816 3466 3879 τούτοις.
3503 3817 3566 3868 Εἰ
3597 3815 3664 3888 δὴ

2084 3899 2176 3957 οῦν
2208 3903 2236 3955 ὁ
2267 3903 2436 3972 Λόγος
2464 3900 2530 3975 ἦν
2562 3907 2589 3959 6
2611 3904 2780 3958 ταῦτα
2802 3908 2999 3977 φήσας,
3041 3927 3058 3957 ε
3093 3905 3208 3970 πῶς
3241 3907 3387 3959 ἔνδον
3415 3903 3482 3977 ἦν
3502 3908 3560 3958 ὲν
3583 3905 3664 3976 τῷ

2091 4015 2110 4048 ι
2141 3996 2258 4067 Θεῷ
2291 3997 2384 4050 καὶ
2416 3997 2800 4069 συναγέννητος
2833 3997 2908 4052 ὢν
2940 3999 3017 4070 τῷ
3051 3999 3190 4069 Θεῷ,
3226 4000 3286 4053 ἓν
3313 4017 3369 4053 τε
3401 4002 3492 4052 καὶ
3524 4001 3656 4052 ταύ-

2091 4111 2108 4142 ‹
2137 4091 2226 4145 τὸν
2255 4091 2512 4162 ὑπάρχων
2546 4091 2715 4163 αὐτῷ,
2741 4093 2984 4146 ἐκτίσθαι
3035 4095 3224 4148 ἑαυτὸν
3273 4094 3419 4161 ἔλεγε
3441 4092 3528 4146 καὶ
3553 4109 3649 4162 γε-

2091 4201 2108 4234 (
2139 4182 2437 4252 γενῆσθαι;
2492 4182 2548 4234 ἒν
2596 4182 2706 4253 (1⁸2)
2757 4184 2864 4256 γὰρ
2917 4187 3028 4248 καὶ,
3079 4185 3155 4249 ὡς
3201 4186 3326 4258 ἔφη,
3365 4183 3646 4254 ἀπεδείχθη

2091 4294 2108 4326 ι
2133 4275 2420 4345 πρόσωπον
2453 4275 2511 4327 τὸ
2542 4273 2718 4326 πάντα
2751 4273 2942 4338 διεξιὸν
2970 4275 3040 4329 τὰ
3073 4277 3420 4347 προκείμενα.
3451 4296 3468 4328 δ
3499 4278 3565 4329 Εἰ
3593 4279 3652 4331 δὲ

405 4364 461 4420 in
492 4365 753 4434 principio
784 4364 1097 4434 priusquam
1124 4373 1321 4417 terram
1349 4365 1643 4428 conderet,
1692 4373 1888 4438 terram
1919 4376 1975 4420 ut

2084 4366 2178 4420 καὶ
2202 4366 2297 4436 ὀψέ
2331 4384 2483 4426 ποτε,
2511 4366 2856 4436 ὡμολόγησεν
2885 4367 2948 4420 ἐκ
2981 4367 3272 4439 προσώπου
3314 4369 3482 4422 ταῦτα
3507 4370 3660 4441 εἰρῆ-

405 4457 518 4511 vult
541 4472 757 4512 carnem
791 4457 946 4522 dixit,
981 4470 1046 4510 eo
1073 4456 1214 4525 quod
1241 4456 1534 4521 dicebatur,
1563 4456 1724 4510 Terra
1747 4475 1822 4519 es,
1845 4468 1894 4511 et
1920 4459 1975 4512 in

406 4560 598 4603 terram
627 4558 876 4602 revertere
892 4547 960 4600 “:
983 4556 1038 4602 et
1071 4547 1114 4601 si
1146 4562 1273 4602 caro
1307 4553 1424 4600 erat
1450 4561 1569 4614 quae
1598 4547 1751 4609 dixit.
1789 4545 1977 4601 Prius-

401 4654 559 4708 quam
591 4637 783 4706 faceret
830 4638 1065 4707 abyssos,
1113 4639 1415 4706 priusquam
1449 4639 1762 4690 scaturirent
1805 4639 1974 4707 fontes

405 4746 684 4801 aquarum,
717 4731 1022 4800 priusquam
1052 4745 1244 4782 montes
1271 4728 1630 4798 ﬁrmarentur,
1655 4740 1774 4783 ante
1797 4747 1970 4785 omnes

402 4822 560 4877 colles
608 4821 771 4892 gignit
814 4835 938 4875 me:
975 4823 1116 4890 quod
1161 4821 1247 4874 illa
1283 4836 1410 4876 caro
1451 4836 1642 4890 nempe
1693 4825 1968 4892 progenita

405 4914 578 4968 fuerat
602 4923 726 4967 ante
760 4911 1074 4968 electionem
1107 4912 1486 4982 apostolorum,
1523 4922 1581 4964 ut
1613 4911 1811 4981 placuit
1846 4915 1969 4970 huic

403 5005 645 5074 prudenti
703 5007 840 5069 viro,
904 5007 1144 5074 sequitur
1198 5018 1306 5059 tum
1350 5015 1530 5070 certe,
1565 5015 1618 5060 et
1659 5006 1708 5059 in
1744 5021 1969 5076 persena

401 5099 642 5168 ejusdem
689 5101 870 5155 carnis
915 5099 1042 5154 illud
1073 5100 1292 5165 dictum,
1345 5099 1476 5153 Cum
1530 5109 1739 5166 pararet
1790 5100 1964 5169 caelos,

477 5276 535 5334 ᾖ
572 5269 668 5322 Ed.
698 5268 896 5331 Paris.,
928 5286 1046 5340 pag.
1080 5269 1202 5324 16L
1279 5269 1325 5300 ⁸⁸
1358 5268 1514 5322 Prov.
1549 5284 1665 5332 vm,
1717 5267 1811 5324 29.

471 5373 760 5476 (sl-Vulgo
777 5404 880 5476 ὑπὸ
901 5405 1111 5460 τούτου.

448 5475 545 5554 ’(9)
575 5475 744 5540 Vulgo
767 5475 845 5539 δέ,
877 5485 928 5530 et
981 5493 1102 5530 mox
1162 5478 1410 5549 εἰρῆσθαι
1458 5478 1626 5530 ταῦτα
1670 5486 1722 5531 et
1775 5479 1956 5533 πάσαν

396 5559 580 5690 σδῦῧ)
612 5613 784 5690 Vulgo
798 5612 956 5690 Ai,v_[6
983 5616 1160 5689 λόγος]
1189 5620 1216 5670 ὁ
1245 5619 1384 5690 καί,
1405 5630 1471 5690 et
1507 5634 1624 5673 mox
1678 5619 1784 5672 τῶν
1830 5619 1962 5673 ὁδῶν

513 5685 555 5736 'i
590 5685 764 5742 πάντα
792 5685 924 5752 δίεξῖ
952 5698 1007 5743 et
1033 5685 1159 5744 mox
1182 5689 1273 5741 τοῦ
1311 5688 1423 5758 ιτάῖ
1449 5689 1570 5760 ὅρη.

2081 4462 2203 4515 σθαι
2236 4462 2330 4514 τοῦ
2377 4465 2432 4514 ἐν
2472 4461 2550 4532 τῷ
2581 4461 2700 4532 Θεῷ
2729 4463 2923 4531 Λόγου,
2961 4461 3239 4532 βεϐίασται
3281 4464 3388 4534 ἄρα
3414 4463 3562 4532 αὑτῷ
3590 4462 3662 4516 τά

2078 4553 2176 4622 τῆς
2205 4554 2282 4615 εἰς
2305 4551 2400 4622 τὴν
2433 4552 2607 4622 σάρκα
2634 4552 2726 4605 τοῦ
2754 4553 3004 4623 Σωτῆρος
3031 4553 3356 4616 ἀποδόσεως.
3388 4555 3496 4606 Καὶ
3524 4554 3660 4608 πάν-

2077 4661 2144 4696 τα
2172 4643 2379 4714 ἀθρόως
2411 4644 2592 4696 ἐκεῖνα
2627 4643 2768 4696 ’έωλα
2803 4645 2896 4698 καὶ
2941 4645 3143 4714 μάταια
3186 4646 3276 4700 καὶ
3299 4645 3526 4716 περιττά
3559 4663 3660 4697 πε-

2079 4736 2322 4808 φώραται
2341 4753 2354 4766 ·
2385 4736 2508 4789 εἰδὲ
2542 4738 2574 4807 ἠ
2602 4736 2738 4810 σὰρξ
2760 4736 2868 4807 (15)
2899 4734 2966 4808 ἦν
2991 4737 3084 4790 τοῦ
3111 4738 3380 4810 Σωτῆρος,
3411 4740 3443 4809 ἡ
3473 4738 3658 4805 λέγου-

2080 4847 2148 4882 σα
2167 4829 2248 4892 τὸ,
2278 4830 2486 4897 Κύριος
2510 4829 2711 4882 ἐκτισέ
2730 4847 2806 4899 με
2834 4829 3030 4897 ἀρχὴν
3057 4829 3210 4884 ὁδῶν
3237 4831 3422 4885 αὐτοῦ
3450 4835 3536 4898 εἰς
3561 4831 3658 4898 Ep-

2076 4935 2152 4988 γα
2201 4919 2406 4981 αὐτοῦ,
2439 4918 2578 4972 κατὰ
2617 4920 2715 4990 τὴν
2772 4920 3120 4974 ἀποδοθεῖσαν
3153 4922 3298 4992 αὐτῷ
3337 4924 3651 4993 ἑρμηνείαν,

2077 5013 2170 5064 καὶ
2203 5013 2249 5064 εἰ
2275 5013 2307 5082 ἡ
2333 5010 2466 5082 σὰρξ
2520 5011 2624 5083 πρὸ
2652 5011 2744 5065 τοῦ
2765 5011 2956 5076 αἰῶνος
2982 5013 3330 5084 ἑθεμελιώθη,
3354 5014 3445 5067 καὶ
3469 5015 3525 5067 ἐν
3555 5016 3655 5084 ἀρ-

2079 5106 2147 5174 χῇ
2177 5103 2282 5174 πρὸ
2313 5101 2406 5156 τοῦ
2436 5103 2534 5175 τὴν
2569 5104 2673 5174 γῆν
2703 5105 2954 5176 ποιῆσαι·
2998 5105 3119 5178 (γῆν
3160 5107 3359 5178 δηλαδὴ
3389 5107 3486 5178 τὴν
3517 5108 3656 5180 σάρ-

1906 5271 1951 5300 ⁵⁸
1997 5272 2127 5327 ibid.
2157 5271 2226 5328 26
2246 5309 2261 5334 ,
2309 5270 2398 5325 30.
2468 5273 2520 5320 .⁸⁶
2545 5271 2678 5327 Gen.
2711 5288 2788 5336 tu,
2819 5272 2903 5328 l9.

2136 5413 2183 5484 (l
2203 5413 2250 5482 Ι)
2277 5407 2479 5484 βοτανῶν
2510 5421 2618 5484 om.
2653 5407 2810 5484 codd.
2842 5405 2962 5462 Mox
2993 5407 3153 5477 vulgo
3177 5407 3466 5478 ἡτοίμασε.

2142 5477 2254 5548 (l2)
2277 5477 2458 5547 'Vulgo
2485 5477 2621 5548 γὰρ,
2653 5477 2746 5541 ὡς.

2143 5494 2254 5548 (I2)
2295 5494 2458 5547 Vulgo
2532 5494 2621 5548 αρ,
2653 5494 2746 5541 ως.

2143 5553 2267 5625 (15)-
2287 5551 2459 5625 Vulgo
2478 5494 2570 5625 gr
2583 5549 2834 5625 Σωτῆρος
2857 5557 2912 5604 et
2943 5547 3085 5604 inira
3125 5549 3230 5620 προ
3256 5547 3363 5602 τῶν
3394 5547 3495 5619 όρη
3523 5543 3638 5616 ἑδρ.

2071 5619 2316 5692 eruam
2346 5619 2608 5692 [πρδγτῆς
2636 5635 2685 5674 τ.
2719 5620 2776 5672 ἀ.
