4086 6202
362 257 468 315 99¹1

1336 248 1427 304 BE
1466 249 2004 308 ECCLESIASTICA
2041 249 2436 309 THEOLOGlA
2476 249 2604 309 LIB.
2650 253 2739 309 111.

3512 257 3622 318 998

359 395 454 442 κα,
487 374 735 447 εἰ)ςαὺτῷ
763 374 955 435 ἐδόκει,
989 370 1075 425 διὰ
1106 370 1166 425 τὺ
1190 371 1461 444 εἰρῆσθαι,
1496 373 1586 442 Γῆ
1612 369 1684 439 εἷ,
1719 374 1815 428 καί
1859 376 1935 440 είς

2047 372 2260 427 aderant
2306 376 2372 428 ei.
2407 373 2478 428 At
2507 388 2666 429 nemo
2691 387 2798 429 non
2831 387 3018 431 amens
3041 373 3184 433 banc
3212 374 3493 435 admiserit
3532 386 3622 437 tna

361 468 483 540 γῆν
515 468 830 535 ἁπελεύσῃ
856 468 895 535 ·)
936 464 1028 518 καὶ
1066 463 1224 535 εἴπερ
1268 465 1301 535 ἡ
1348 463 1483 537 σὰρξ
1538 461 1604 537 ἦν
1632 468 1666 537 ὴ
1696 464 1945 535 λέγουσα,

361 561 487 630 Πρὸ
516 561 621 615 τοῦ
651 560 755 627 τὰς
783 559 1095 622 ἀϐύσσους
1132 555 1405 625 ποιῆσαι,
1453 557 1566 627 πρὸ
1592 556 1699 612 τοῦ
1736 561 1948 627 προελ-

363 652 494 706 θεῖν
527 652 632 718 τὰς
666 650 858 719 πηγὰς
899 647 1020 701 τῶν
1056 646 1310 713 ὑδάτων,
1343 649 1455 717 πρὸ
1489 647 1594 702 τοῦ
1630 648 1734 718 ὅρη
1776 648 1946 717 έδρα-

363 743 607 813 σθῆναι,
651 741 761 812 πρὸ
793 741 862 794 δὲ
884 739 1130 794 πάντων
1152 739 1399 805 ,βουνῶν
1424 741 1606 811 γεννᾷ
1644 758 1743 807 με,
1772 742 1858 796 διὰ
1886 742 1947 795 τὸ

367 832 876 909 προγεγεννημένην
901 828 1042 886 εἶναι
1069 831 1239 903 αὐτὴν
1448 832 1548 903 τῆς
1575 833 1683 886 τῶν
1708 831 1943 886 ἀποστό-

368 928 475 982 λων
499 926 741 996 ἐκλογῆς,
767 924 845 988 ὡς
869 922 1042 977 ἐδόκει
1064 921 1139 993 τῷ
1166 924 1478 995 σοφωτάτῳ,
1500 924 1688 976 ἕπεται
1703 927 1766 978 ἐκ
1785 940 1945 995 προσ-

364 1020 514 1073 ώπου
552 1017 649 1087 τῆς
712 1016 913 1087 σαρκὸς
941 1014 1192 1084 λέγεσθαι
1230 1014 1323 1068 καὶ
1360 1014 1440 1080 τὸ,
1487 1016 1686 1069 Ἠνίκα
1725 1015 1836 1086 (14)
1876 1016 1945 1084 ἠ·-

366 1105 589 1177 τοίμαζὲ
614 1104 722 1160 τόν
749 1104 1025 1173 οὐρανὸν,
1056 1102 1464 1174 συμπαρήμην
1483 1103 1658 1170 αὐτῷ.
1678 1104 1813 1157 Ἀλλ’
1844 1104 1944 1157 οὐκ

366 1201 430 1256 ἄν
454 1217 534 1263 τις
565 1199 641 1271 μὴ
687 1196 795 1251 τῶν
843 1197 1051 1268 φρενῶν
1079 1196 1278 1260 ἐκστὰς
1316 1196 1486 1267 ταύτῃ
1531 1197 1659 1250 ποτὲ
1702 1195 1943 1250 σύνθοιτο

362 1296 428 1364 τῇ
471 1291 758 1365 ἑρμηνείᾳ,
798 1289 1205 1359 ἀντιφθέγξεται
1254 1289 1362 1362 γὰρ
1400 1289 1548 1361 αὐτῷ
1576 1289 1717 1361 μέγα
1745 1289 1940 1361 βοήσας

363 1387 392 1439 ό
420 1386 517 1457 τῆς
543 1384 799 1457 ἀληθείας
820 1383 996 1452 λόγος,
1032 1383 1337 1447 ἐπιδεικνὺς
1373 1384 1454 1449 τίς
1501 1401 1630 1437 ποτε
1660 1380 1728 1455 ἦν
1753 1386 1781 1438 ὁ
1809 1383 1940 1437 ταῦ-

363 1495 433 1533 τα
461 1475 691 1541 διεξιών.
726 1476 811 1539 Ὠς
838 1475 881 1528 δ’
906 1471 997 1528 οὖν
1022 1473 1206 1547 ἕτερος
1230 1471 1297 1546 ῆν
1327 1477 1355 1529 ὁ
1375 1477 1439 1529 ἐκ
1465 1474 1558 1529 τοῦ
1586 1475 1720 1529 Θεοῦ
1753 1493 1941 1546 γεγεν-

362 1569 597 1641 νημένος
624 1567 916 1640 μονογενὴς
960 1567 1107 1631 Υἱὸς,
1138 1567 1245 1632 ζῶν
1281 1568 1375 1621 καὶ
1406 1566 1671 1638 ὑφεστὼς,
1721 1566 1796 1621 ὢν
1826 1568 1938 1641 (15)

363 1660 462 1712 καὶ
485 1659 591 1730 πρὸ
616 1658 723 1710 τῶν
755 1657 854 1728 τῆς
886 1658 1127 1729 γενητῶν
1158 1658 1414 1713 ἁπάντων
1446 1660 1779 1725 συστάσεως,
1815 1661 1843 1713 ὃ
1872 1661 1935 1732 δὴ

2052 465 2494 533 terpretationem
2527 479 2540 513 :
2566 480 2762 537 magna
2795 467 2990 521 etenim
3018 482 3150 525 voce
3172 469 3488 526 reclamabit
3508 473 3623 543 ipse

2049 554 2292 609 veritatis
2319 569 2521 621 sermo,
2550 566 2605 611 et
2631 558 2752 627 quis
2778 566 2897 612 erat
2921 560 3009 627 qui
3034 560 3149 616 haec
3180 561 3419 631 loquitur
3440 565 3624 620 edoce-

2048 646 2147 700 bit.
2180 646 2443 713 Quocirca
2471 648 2610 718 quod
2640 650 2881 705 diversus
2906 661 3024 705 erat
3057 651 3145 707 ille
3178 654 3247 708 de
3270 653 3381 709 Deo
3407 657 3623 722 genitus

2046 736 2234 801 Filius,
2265 738 2595 806 unigenitus,
2643 740 2850 805 vivens,
2896 742 3219 809 subsistens,
3273 753 3329 801 et
3354 755 3479 802 ante
3509 748 3622 803 uni-

2046 828 2322 884 versitatis
2362 829 2723 886 conditionem
2761 846 2879 896 ens,
2924 831 3039 901 ipse
3069 835 3225 890 docet
3257 837 3382 891 dum
3420 839 3500 893 sic
3545 839 3619 895 ait

2047 916 2100 969 in
2132 917 2498 986 sequentibus,
2531 918 2663 973 Cum
2694 931 2903 989 pararet
2942 924 3114 989 oculos,
3142 925 3192 978 ei
3220 928 3456 981 aderam.
3499 927 3617 984 Una

2045 1026 2166 1065 cum
2194 1026 2259 1066 eo
2286 1022 2424 1078 erat,
2458 1023 2511 1068 et
2542 1029 2778 1084 praesens
2818 1017 2892 1072 illi
2923 1017 3115 1084 adfuit,
3150 1022 3461 1092 priusquam
3499 1037 3616 1078 cm-

2044 1106 2176 1167 lum,
2212 1115 2266 1158 et
2303 1121 2422 1175 quae
2470 1119 2596 1163 sunt
2619 1124 2778 1179 supra
2812 1110 2982 1167 caelos
3009 1115 3386 1181 conderentur,
3417 1126 3471 1171 et
3494 1132 3615 1187 qua:

2045 1196 2097 1249 in
2125 1196 2294 1253 caelis.
2334 1198 2445 1253 Hoc
2470 1201 2671 1255 etenim
2705 1202 2795 1255 illa
2824 1203 3081 1270 indicant,
3113 1203 3242 1260 Cum
3273 1218 3482 1271 pararet
3513 1224 3617 1263 em-

2044 1286 2144 1352 los,
2167 1288 2215 1341 ei
2242 1288 2476 1344 aderam.
2513 1289 2633 1357 Quo
2651 1303 2805 1361 pacto
2826 1295 3036 1364 paravit
3062 1296 3255 1351 caelum
3288 1297 3465 1353 Deus?
3486 1299 3614 1354 Cer-

2044 1385 2097 1433 te
2144 1382 2539 1449 przescribendo
2600 1393 2656 1437 et
2694 1385 3081 1441 conformamlo
3143 1388 3327 1442 mundi
3388 1388 3611 1458 ﬁguram

1998 1502 2001 1503 ν
2043 1469 2183 1538 apud
2205 1484 2285 1535 se,
2313 1471 2625 1540 priusquam
2645 1475 3030 1541 produceretur
3055 1476 3161 1531 illa.
3188 1476 3349 1532 Pater
3369 1494 3496 1549 ergo
3523 1480 3615 1535 de-

2041 1560 2314 1630 signabat,
2340 1571 2394 1617 et
2435 1563 2722 1633 cogitando
2768 1568 3056 1630 statuebat,
3087 1583 3189 1637 qua
3223 1570 3389 1640 figura
3427 1572 3612 1628 modo-

2042 1664 2146 1718 que
2174 1653 2366 1707 ccelum
2408 1653 2535 1708 illud
2565 1657 2796 1712 condere
2825 1658 3006 1725 vellet,
3036 1662 3177 1729 quod
3215 1676 3314 1716 nec
3340 1678 3369 1715 a
3401 1664 3612 1734 magni-

366 1748 695 1820 παρίστησιν
734 1746 891 1809 αὐτὸς
918 1746 983 1799 δι’
1014 1743 1087 1800 ὧν
1113 1746 1238 1818 ἑξῆς
1265 1748 1459 1817 ἐπάγει
1487 1747 1659 1818 λέγων
1684 1767 1697 1780 ·
1738 1752 1935 1806 Ἡνίκα

2041 1742 2222 1799 tudine
2250 1744 2648 1811 destitueretur,
2670 1757 2724 1802 et
2746 1749 2836 1803 tali
2866 1750 3051 1819 ligura,
3077 1763 3345 1820 mensura,
3378 1755 3609 1822 partium

367 1836 641 1907 ἡτοίμαζε
674 1836 780 1891 τὸν
818 1838 1091 1906 οὐρανὸν,
1121 1839 1527 1909 συμπαρήμην
1549 1840 1707 1908 αὐτῷ
1730 1858 1745 1873 ’
1773 1843 1936 1914 συνῆν

368 1926 477 1997 γὰρ
500 1925 629 1996 (16),
651 1926 745 1979 κα)⁸
778 1926 959 1998 παρῆν
984 1926 1133 1999 αὑτῷ
1168 1929 1297 1998 πρὶν
1324 1930 1416 1981 καὶ
1454 1928 1702 1997 γενέσθαι
1728 1930 1818 1982 τὸν
1847 1930 1936 1983 οὑ-

369 2019 549 2091 ρανὸν,
600 2019 693 2072 καὶ
732 2017 797 2072 τὰ
832 2020 1083 2072 ἐπέκεινα
1120 2019 1372 2092 οὐρανοῦ,
1414 2020 1485 2095 τά
1525 2038 1585 2073 τε
1633 2022 1690 2075 ἐν
1722 2023 1935 2095 οὐρανῷ

368 2112 561 2165 πάντα.
591 2111 757 2164 Τοῦτο
801 2110 931 2180 γοῦν
982 2111 1224 2182 ᾐνίττετο
1263 2112 1350 2166 διὰ
1382 2112 1473 2166 τοῦ
1509 2114 1691 2183 φάναι,
1737 2114 1935 2170 Ἡνίκα

365 2201 635 2272 ¹ιέιτοίμαζε
660 2203 765 2255 τὸν
786 2204 1064 2271 οὐρανὸν,
1100 2204 1509 2274 συμπαρήμην
1524 2205 1701 2272 αὐτῷ.
1727 2206 1851 2272 Πῶς
1876 2208 1934 2262 δὲ

362 2294 653 2366 ὴτοίμαζεν
682 2295 710 2346 ὁ
746 2294 898 2359 Θεὸς,
934 2294 966 2363 ἦ
1000 2295 1126 2365 πρὶν
1149 2295 1396 2363 γενέσθαι
1425 2296 1608 2361 αὑτὸν,
1632 2299 1934 2369 νομοθετῶν

362 2387 457 2440 καὶ
500 2384 941 2455 διατυπούμενος,
973 2385 1030 2437 ὃν
1082 2386 1184 2438 ἔδει
1214 2386 1415 2459 τρόπον
1444 2389 1607 2442 αὑτὸν
1635 2391 1932 2461 συστῆναις

373 2477 434 2533 Ὀ
465 2480 560 2549 μὲν
588 2473 681 2532 οὖν
705 2478 894 2549 Πατὴρ
920 2476 1171 2531 διετύπου
1211 2479 1304 2532 καὶ
1335 2480 1591 2550 ἡτοίμαζε
1622 2481 1936 2553 διανοούμε-

357 2587 468 2633 νος,
501 2571 648 2633 ὅπως
690 2569 857 2641 ἐχρῆν
891 2569 1148 2640 συστῆναι
1176 2570 1268 2623 τὸν
1303 2570 1554 2627 τοσοῦτον
1586 2573 1810 2646 οὐρανόν
1833 2592 1846 2603 ·
1877 2574 1935 2639 ὃς

362 2661 486 2715 οὔτε
519 2661 780 2732 μεγέθους
820 2662 1008 2723 ἐδεῖτο,
1043 2662 1134 2715 καὶ
1164 2663 1346 2716 ὁποίου
1378 2665 1673 2736 σχήματος,
1720 2667 1933 2739 μέτρων

362 2769 425 2807 τε
452 2754 548 2807 καὶ
578 2752 758 2824 μερῶν
780 2753 1011 2815 ὁπόσων,
1056 2753 1164 2807 τῶν
1191 2755 1485 2825 μελλόντων
1510 2758 1641 2811 εἴσω
1675 2776 1733 2811 τε
1768 2758 1929 2813 αὑτοῦ

366 2843 711 2915 περιέχεσθαι
739 2847 914 2915 χάριν,
936 2847 1025 2899 καὶ
1050 2846 1155 2900 τῶν
1179 2847 1332 2911 ἐκτὸς
1352 2847 1566 2901 ἔσεσθαι
1602 2848 1766 2902 αὐτοῦ
1797 2849 1929 2921 (17),

363 2935 474 2986 τῶν
492 2951 548 2986 τε
571 2935 627 2986 ὲν
652 2934 797 3004 αὑτῷ
824 2934 913 2987 τὸν
950 2934 1145 3006 δρόμον
1174 2937 1545 3007 ποιησομένων
1579 2937 1738 2992 ἕνεκα
1762 2956 1775 2968 ·
1810 2940 1838 2992 ὁ
1865 2938 1922 2992 δὲ

363 3029 479 3089 τοῖς
492 3024 584 3079 τοῦ
610 3026 814 3097 Πατρὸς
843 3024 1116 3097 λογισμοῖς
1142 3026 1477 3092 ἐνατενίζων,
1507 3028 1599 3081 καὶ
1654 3028 1810 3099 μόνος
1834 3030 1930 3081 ἐπ-

366 3116 609 3172 οπτεύων
638 3116 704 3169 τὰ
723 3118 778 3170 ἐν
803 3115 949 3187 αὐτῴ
967 3116 1126 3189 βάθη,
1153 3118 1220 3171 δι’
1253 3117 1427 3190 ἔργων
1457 3118 1670 3192 ἐχώρει,
1699 3122 1809 3184 τοῖς
1838 3119 1928 3173 τοῦ

367 3206 580 3279 Πατρὸς
616 3205 1111 3279 ἐξυπηρετούμενος
1138 3206 1385 3279 νεύμασι.
1424 3209 1515 3261 Διὸ
1542 3209 1786 3263 λέλεκταί
1809 3228 1930 3277 που,

304 3284 316 3294 ’
359 3298 580 3353 Αἰνεῖτε
610 3300 718 3353 τὸν
746 3299 962 3365 Κύριον
992 3297 1062 3352 ἐκ
1104 3297 1224 3353 τῶν
1260 3298 1531 3368 οὐρανῶν
1551 3318 1563 3331 ο
1591 3301 1806 3355 ala-site
1837 3305 1935 3357 αὐ-

366 3390 491 3454 τὸν,
517 3390 731 3457 πάντες
752 3393 803 3445 οἱ
817 3389 1052 3459 ἄγγελοι
1076 3389 1508 3445 αὐτοῦ.Αινεῖτε
1521 3391 1724 3458 αὑτὸν,
1746 3390 1934 3448 πᾶσαι

358 3483 715 3552 αιδιννὰμεις
733 3481 1170 3538 αὑτοῦ.Αίνεῐτε
1196 3481 1399 3547 αὐτὸν,
1429 3482 1601 3550 ἣλιος
1626 3484 1721 3538 καί
1752 3485 1935 3554 σελή-

364 3592 440 3642 νη
454 3614 469 3637 ,
498 3573 714 3628 αἱνεῑτε
725 3576 928 3638 αὐτὸν,
943 3573 1136 3627 πάντα
1155 3573 1225 3627 τὰ
1240 3573 1449 3642 ἄστρα,
1471 3575 1653 3628 καὶτὸ
1675 3573 1818 3644 φῶς.
1839 3577 1934 3629 Αι-

364 3666 517 3721 νεῖτε
536 3668 743 3728 αὑτὸν,
766 3668 820 3719 οἱ
844 3665 1081 3733 οὐρανοὶ
1098 3664 1214 3718 τῶν
1225 3663 1512 3732 οὐρανῶν,
1537 3665 1723 3719 καὶτὰ
1747 3666 1934 3720 ὕδατα

366 3757 476 3828 (18)
494 3759 563 3813 τὰ
578 3755 849 3828 ὑπεράνω
865 3755 983 3809 τῶν
997 3754 1711 3824 οὐρανῶν.Αὶνεσὰτωσαν
1724 3758 1789 3812 τὸ
1803 3758 1934 3813 ὄνο-

357 3864 444 3918 μα
466 3849 707 3919 Κυρίου,
737 3846 827 3901 ὅτι
854 3847 1034 3913 αὐτὸς
1055 3847 1183 3901 εἷπε
1205 3846 1305 3901 καὶ
1331 3846 1728 3917 ἐγενήθησαν,
1751 3850 1933 3916 αὐτὸς

359 3944 718 4007 ἐνετείλατο,
747 3941 846 3995 καί
866 3941 1252 4008 ἐκτίσθησαν.
1277 3936 1433 4012 Πλὴν
1491 3940 1624 3995 ἀλλὰ
1660 3942 1754 3994 καὶ
1802 3943 1931 4014 πρὶν

361 4035 614 4106 γενέσθαι
667 4034 827 4088 αὐτὸν
879 4035 971 4089 τὸν
1004 4033 1229 4105 οὐρανὸν
1277 4034 1372 4087 καὶ
1419 4031 1489 4086 τὰ
1537 4034 1794 4088 ἐπέκεινα
1819 4034 1931 4104 (19)

360 4124 590 4201 οὐρανοῦ
639 4128 709 4180 τά
756 4143 816 4179 τε
867 4128 925 4179 ἐν
972 4125 1185 4198 οὐρανῷ
1227 4126 1405 4179 πάντα
1440 4124 1523 4191 (ἐξ
1569 4124 1688 4187 ἐνὸς
1720 4122 1830 4195 γὰρ
1863 4122 1931 4177 τὰ

365 4220 544 4274 πάντα
575 4218 975 4291 περιληπτικῶς
999 4216 1312 4289 δεδήλωται)
1338 4212 1405 4288 ἦν
1432 4217 1461 4268 ὁ
1487 4216 1613 4279 Υἱὸς
1644 4213 1736 4268 τοῦ
1770 4213 1927 4280 Θεοῦ,

364 4311 459 4364 καὶ
489 4310 568 4380 τῷ
597 4309 772 4380 Πατρὶ
806 4308 917 4381 (20)
952 4309 1244 4379 συμπαρῆν
1290 4306 1371 4359 ἐτι
1411 4306 1780 4377 βουλευομένῳ
1806 4306 1931 4378 περὶ

362 4402 462 4473 τῆς
490 4400 691 4453 τούτων
720 4400 972 4452 ἁπάντων
1005 4396 1335 4459 συστάσεως.
1367 4395 1456 4448 Διό
1501 4411 1686 4466 φησιν,
1720 4394 1931 4448 Ἡνίκα

361 4490 635 4563 ἡτοίμαζε
674 4490 781 4545 τὸν
829 4489 1107 4558 οὐρανόν,
1153 4486 1564 4557 συμπαρήμην
1596 4484 1780 4551 αὐτῷ·
1810 4481 1930 4551 εἴθ’,

2037 1836 2348 1904 symmetria
2375 1846 2663 1903 constaret,
2687 1854 2806 1908 qua:
2834 1850 2888 1897 et
2912 1850 3032 1910 apta
3054 1853 3235 1898 essent
3262 1844 3607 1913 recipiendis,

2036 1924 2395 1993 includendis,
2426 1938 2483 1983 et
2511 1929 2806 1985 conformis
2840 1942 3061 1987 externo
3096 1934 3525 1999 advenientibus,
3554 1945 3609 1989 et

2034 2019 2435 2087 proportionata
2456 2035 2673 2075 cursum
2703 2037 2798 2092 per
2819 2026 3013 2079 malum
3040 2024 3281 2081 iacturis.
3312 2026 3403 2081 llle
3427 2037 3606 2081 autem

2034 2106 2127 2175 qui
2181 2106 2246 2161 ad
2293 2118 2515 2176 paterna
2554 2111 2784 2181 cogitata
2821 2113 3067 2168 intuitive
3118 2115 3459 2181 respiciebat,
3514 2114 3605 2185 qui

2036 2199 2186 2253 solus
2210 2198 2325 2267 ejus
2359 2198 2618 2270 profunda
2654 2205 3045 2273 specularetur,
3107 2207 3172 2260 ad
3194 2222 3328 2275 opus
3354 2223 3411 2262 sc
3430 2209 3611 2262 accin-

2034 2291 2146 2353 xit,
2200 2292 2282 2347 sui
2333 2296 2501 2363 patris
2554 2298 2770 2352 nutibus
2803 2299 3181 2352 inserviturus.
3240 2298 3388 2353 Unde
3410 2297 3623 2355 alicubi-

2035 2381 2234 2435 dictnm
2257 2394 2335 2437 est
2361 2401 2377 2438 :
2399 2382 2634 2439 Laudate
2668 2387 2943 2442 Dominum
2995 2390 3059 2442 de
3084 2390 3222 2444 caelis
3250 2408 3270 2445 :
3297 2391 3508 2445 laudate
3544 2390 3610 2443 il-

2033 2471 2141 2525 lum
2190 2474 2242 2527 in
2272 2476 2512 2529 excelsis.
2558 2476 2795 2531 Laudate
2822 2479 2996 2542 illum,
3030 2496 3205 2533 omnes
3244 2482 3418 2548 angeli
3443 2483 3556 2550 ejus
3585 2496 3607 2535 :

2033 2565 2248 2618 laudate
2277 2584 2413 2631 eum,
2445 2585 2619 2621 onmes
2642 2570 2855 2623 virtutes
2898 2571 3031 2639 ejus.
3076 2571 3312 2625 Laudate
3354 2589 3493 2637 eum,
3525 2575 3608 2627 sol
3675 2614 3685 2622 .

2032 2666 2079 2707 et
2104 2655 2268 2720 luna;
2308 2657 2525 2712 laudate
2557 2675 2696 2722 eum,
2730 2660 2906 2713 omnia
2942 2662 3117 2714 sidera
3149 2673 3196 2714 et
3225 2662 3338 2714 lux.
3372 2659 3609 2716 Laudato

2029 2760 2169 2811 eum,
2198 2746 2311 2799 caeli
2336 2749 2613 2811 calorum;
2636 2759 2685 2803 et
2725 2767 2876 2820 aqum
2896 2768 3054 2820 supra
3083 2753 3234 2806 calas
3264 2752 3478 2806 laudent
3513 2770 3608 2807 no-

2031 2853 2147 2890 men
2183 2838 2412 2892 Domini.
2448 2840 2710 2905 Quoniam
2746 2845 2853 2912 ipse
2887 2845 3020 2897 dixit
3056 2854 3104 2898 et
3143 2844 3284 2914 facta
3315 2853 3459 2911 sunt,
3497 2845 3609 2913 ipse

2036 2934 2094 2993 E<
2124 2932 2387 2987 mandauit
2416 2944 2462 2987 et
2488 2945 2665 2988 creata
2690 2936 2893 2991 sunt".
2924 2934 3120 2990 Verum
3154 2938 3431 2991 enimvero
3457 2946 3610 2989 ante-

2031 3038 2191 3093 quam
2232 3024 2426 3080 cmlu'm
2472 3025 2609 3079 istud
2634 3026 2810 3089 ﬁeret,
2857 3035 2911 3081 et
2930 3042 3048 3096 quae
3078 3009 3207 3081 sunt
3235 3041 3398 3095 supra
3427 3030 3605 3082 caelos

2033 3126 2086 3172 et
2131 3131 2251 3186 quae
2319 3117 2373 3170 in
2425 3116 2563 3171 caelo
2616 3116 2764 3186 (nam
2813 3118 2994 3171 onmia
3054 3134 3150 3188 per
3178 3132 3341 3171 unum
3391 3119 3607 3173 condita

2032 3223 2153 3265 esse
2202 3209 2645 3280 demonstratur),
2703 3218 2819 3263 erat
2846 3208 3012 3264 Filius
3062 3209 3175 3275 Dei,
3220 3218 3276 3264 et
3307 3225 3407 3266 suo
3453 3208 3607 3264 Patri

2033 3303 2239 3366 aderat,
2291 3316 2413 3354 cum
2462 3300 2639 3354 adhuc
2698 3299 2957 3367 cogitaret
3007 3299 3072 3353 de
3101 3300 3321 3355 istorum
3366 3300 3606 3356 omnium

2032 3392 2325 3446 creatione.
2358 3389 2484 3444 Ideo
2531 3390 2627 3454 ait,
2664 3389 2795 3445 Cum
2828 3402 3037 3460 pararet
3069 3392 3244 3456 caelos,
3294 3392 3342 3445 ei
3369 3393 3605 3447 aderam.
3702 3450 3709 3463 ,

2033 3485 2167 3540 Tum
2202 3499 2330 3539 vero
2383 3493 2637 3554 tanquam
2667 3486 2915 3557 egregius
2962 3485 3180 3554 quidam
3220 3486 3396 3556 pictor
3415 3491 3609 3545 arche-

2032 3582 2211 3646 typos,
2270 3575 2477 3645 species
2526 3577 2593 3630 de
2659 3584 2839 3628 mente
2895 3584 3121 3643 paterno
3176 3576 3488 3643 desumens,
3536 3579 3606 3634 ad

2032 3683 2252 3740 operum
2279 3667 2609 3722 substantias
2637 3665 3012 3721 transferebat.
3038 3665 3189 3720 Talia
3215 3677 3269 3719 et
3296 3666 3365 3720 tal
3392 3684 3411 3720 t
3428 3671 3604 3724 smodi

2032 3775 2095 3814 ea
2142 3757 2396 3829 eﬂingens
2451 3767 2507 3812 et
2546 3756 2874 3827 producens,
2922 3755 3279 3825 qualinsmodi
3320 3758 3375 3812 in
3426 3768 3606 3815 mente

2032 3850 2206 3905 Patris
2241 3850 2666 3917 praeexsistentia
2698 3849 2929 3903 viderat.
2975 3848 3174 3903 llorum
3199 3850 3416 3919 quidem
3452 3850 3606 3906 testis

2033 3940 2136 3995 llde
2166 3940 2366 4010 dignus
2392 3942 2465 3995 sit
2495 3942 2609 4012 ipse
2637 3941 2689 3996 in
2723 3940 3013 4010 Evangelio
3046 3942 3424 4008 aiens,'Amen,
3453 3958 3605 3997 amen

2030 4030 2147 4082 dico
2176 4031 2334 4095 vobis,
2360 4047 2461 4084 non
2481 4041 2643 4101 potest
2662 4029 2833 4085 Filius
2860 4050 2892 4085 a
2918 4035 3084 4102 seipso
3107 4034 3282 4102 facere
3297 4034 3600 4103 quidquam,

2033 4124 2134 4175 nisi
2176 4124 2315 4188 quod
2344 4124 2533 4177 viderit
2585 4121 2803 4176 Patrem
2835 4122 3129 4192 facientem.
3164 4125 3294 4189 Qua:
3318 4134 3491 4178 autem
3514 4124 3605 4178 ille

2031 4213 2178 4281 facit,
2202 4214 2381 4266 eadem
2408 4229 2612 4283 quoque
2663 4212 2908 4266 similiter
2951 4222 2999 4266 et
3046 4211 3222 4266 Filius
3244 4214 3395 4281 facit.
3443 4212 3607 4266 Pater

2029 4302 2214 4355 etenim
2244 4301 2415 4372 diligit
2441 4299 2665 4366 Filium,
2690 4312 2738 4356 et
2767 4305 2943 4356 omnia
2982 4303 3062 4356 illi
3102 4305 3326 4357 ostendit
3350 4320 3467 4372 qua:
3495 4303 3606 4374 ipse

2034 4394 2159 4463 facit
2182 4393 2247 4448 ³⁸.
2265 4393 2497 4462 llicjure
2522 4396 2714 4449 merito
2730 4396 2853 4466 quis
2874 4394 3306 4464 interrogaverit,
3339 4397 3605 4464 quomodo

2035 4502 2119 4552 ea,
2145 4502 2263 4556 qua:
2286 4486 2447 4542 Pater
2469 4486 2634 4543 semel
2660 4486 2814 4553 fecit,
2833 4487 3024 4542 iterum
3047 4486 3215 4542 Filius
3243 4488 3432 4542 eadem
3463 4487 3605 4543 fece-

359 4586 439 4651 ῶς
483 4584 682 4654 ἀγαθὸς
725 4585 983 4657 γραφεὺς,
1016 4580 1113 4644 τὰς
1149 4579 1487 4651 ἀρχετύπους
1540 4578 1681 4642 ἰδέας
1723 4580 1787 4631 ἐκ
1826 4576 1933 4630 τῶν

2035 4580 2142 4634 rit?
2171 4579 2460 4646 Quiestioni
2505 4579 2793 4649 respondet
2842 4579 2930 4634 ille
2965 4580 3079 4650 ipse
3124 4580 3375 4649 inquiens
3413 4595 3429 4635 :
3475 4578 3605 4645 ρυω

364 4676 648 4749 πατρικῶν
670 4673 941 4745 λογισμῶν
960 4670 1377 4742 ἀπολαμϐάνων,
1400 4669 1491 4722 ἐπὶ
1512 4669 1610 4732 τὰς
1628 4666 1736 4722 τῶν
1756 4667 1932 4739 ἔργων

2037 4668 2202 4723 Pater
2221 4671 2371 4739 facit,
2393 4670 2572 4724 eadem
2606 4679 2654 4724 et
2679 4669 2850 4724 Filius
2884 4669 3126 4724 similiter
3148 4671 3297 4739 facit.
3335 4670 3602 4738 Quocirca

366 4768 662 4840 μετέφερεν
688 4765 892 4828 οὐσίας.
930 4763 1164 4817 Τοιαῦτα
1191 4759 1549 4826 ξωοπλαστῶν
1579 4759 1672 4812 καὶ
1704 4759 1933 4828 ὑφιστά-

2040 4777 2160 4833 qua:
2183 4763 2312 4817 facit
2343 4761 2513 4817 Filius
2541 4760 2947 4817 similitudinem
2974 4762 3216 4819 referunt
3238 4778 3462 4833 operum
3509 4779 3602 4818 ar-

368 4876 546 4926 μενος,
573 4858 731 4929 ὁποίᾳ
774 4859 837 4928 τῇ
875 4854 966 4909 τοῦ
1001 4854 1208 4927 Πατρός
1250 4851 1456 4923 διανοίᾳ
1497 4850 1935 4922 προῦποκείμενα

2041 4855 2412 4927 cbetyporum,
2464 4870 2584 4926 qua:
2626 4854 2734 4925 jam
2781 4863 2906 4908 ante
2956 4855 3009 4909 in
3057 4855 3370 4909 abscondita
3425 4851 3603 4908 Patris

363 4950 532 5021 ἐώρα.
569 4948 783 5002 Τούτων
817 4947 860 5000 δ’
889 4947 1049 5010 αὐτὸς
1091 4947 1298 5017 γένοιτο
1324 4944 1529 5016 μάρτυς
1556 4942 1851 5013 ἀξιόχρεως
1875 4942 1933 4994 ἐν

2040 4957 2220 5001 mente
2246 4946 2552 5001 exstabant.
2592 4946 2720 5014 Quae
2755 4962 2875 5002 cum
2911 4947 2963 5000 in
3000 4956 3179 5001 mente
3214 4956 3433 5015 paterna
3456 4945 3600 5003 indi-

364 5041 712 5111 Εὐαγγελίοις
738 5035 838 5095 ὧδε
863 5041 1145 5095 διδάσκωνο
1178 5036 1373 5108 Ἀμὴν,
1397 5034 1560 5105 ἀμὴν
1582 5032 1736 5102 λέγω
1768 5033 1930 5102 ὑμῖν,

2038 5045 2245 5093 stanter
2269 5042 2541 5093 intueatur
2596 5038 2662 5093 ad
2694 5051 2880 5092 eorum
2898 5035 3301 5092 similitudinem
3326 5045 3597 5106 operatur.

441 5235 500 5293 >14
541 5226 640 5286 Ed.
669 5228 1009 5299 Paris.,pag.
1047 5226 1170 5284 165.
1258 5226 1303 5258 ³⁷
1333 5223 1476 5278 Psal.
1519 5237 1751 5284 tXLVlll,
1815 5221 1932 5276 1-5.

2035 5222 2055 5252 ³
2103 5220 2258 5276 Joan.
2312 5238 2366 5285 v,
2425 5222 2508 5286 l9,
2539 5221 2629 5276 ΞΟ.

404 5390 543 5476 ’(14)
574 5388 754 5476 νιιιὲςο⁴
802 5387 1062 5460 ἡτοίμασε
1107 5386 1230 5448 τοὺς
1284 5382 1545 5455 οὐρανούς
1593 5388 1647 5435 et
1684 5396 1805 5435 mox
1842 5398 1928 5444 τις

2099 5382 2215 5476 εει)
2239 5380 2410 5476 meo
2436 5381 2529 5476 θεαι
2553 5379 2775 5476 tene-

360 5452 906 5544 τῶῖιειρελξὴέδεστι
1020 5527 1045 5536 -
1134 5523 1433 5544 ..-_
1490 5519 1925 5544 --μμ

2101 5452 2212 5544 an
2237 5448 2884 5544 3'!.'§9.‘1*~:9~°:‘fé:_ﬁ1'3°
2913 5448 3024 5519 em
3061 5451 3349 5521 ευνριρνίι-

408 5455 470 5517 In)
629 5455 707 5533 μῆ
738 5455 938 5537 ἐκώ-ιζ’
1020 5527 1045 5536 _
1492 5521 1515 5539 η
1862 5521 1888 5533 _

432 5532 543 5604 (15)
568 5532 676 5586 Καὶ
699 5528 811 5600 πρὸ
838 5546 954 5582 των
973 5545 1103 5592 της.
1134 5523 1458 5605 ιεξζοηιιμιη,
1486 5540 1560 5575 ων
1579 5520 1672 5575 καὶ
1700 5519 1803 5592 πρὸ
1829 5537 1925 5606 τῆς

408 5604 472 5657 ῶν
488 5601 727 5663 γενητῶν
743 5600 995 5654 ἁπάντων
1014 5597 1321 5656 συστάσεως
1333 5610 1428 5645 ων.
1454 5593 1597 5645 Μ.-
1612 5592 1716 5661 Mp.
1744 5607 1926 5660 προων

2101 5455 2190 5520 (18
2246 5455 2414 5521 Vulgo
2446 5455 2595 5506 deest
2618 5455 2708 5514 τά,
2742 5455 2884 5517 quod
2913 5455 3024 5519 jam
3061 5465 3135 5519 sul

2130 5524 2189 5577 19
2237 5521 2411 5591 Vulgo
2435 5519 2577 5593 [τοῦ]
2610 5517 2863 5594 οὐρανοῦ.

2101 5455 2213 5663 (2οξ
2241 5592 2428 5663 Παρῆν
2455 5608 2512 5663 τε
2544 5592 2637 5645 καὶ
2668 5590 2832 5661 συνῆν
2864 5588 2944 5644 ἐτι
2994 5588 3097 5662 Mp.
3122 5608 3135 5657 ;

357 5588 472 5657 τῶν
488 5588 995 5673 γεητιῦνᾶπάντων
1014 5588 1597 5674 συπάσεωὶῶν.-θ1.ς-
1612 5592 1716 5661 Μῃ.
1744 5588 1926 5660 προῶν

2241 5588 2512 5674 Παρῆν’·ςε
2544 5588 2637 5645 iui.
2668 5588 2832 5661 συνῆν
2864 5588 2944 5644 ἐτι
2994 5588 3137 5662 Mp.;
3177 5605 3300 5647 mox
3343 5589 3509 5662 vulgo

358 5675 461 5744 τῆς
484 5662 620 5744 τῶν.’
646 5670 760 5724 Mox
788 5672 931 5744 vulg.
968 5667 1275 5744 σρστάσεως
1299 5662 1395 5744 ῶνλ
1430 5663 1559 5744 ὃιᾷέ.
2031 5662 2361 5732 ςωοπλαγῶν
2393 5662 2507 5715 καί.

435 5733 550 5814 (16)
580 5744 687 5796 Καὶ
730 5733 929 5809 παρῆἷο
951 5737 1049 5805 τῷ.
1088 5737 1225 5808 Lege
1254 5733 1425 5805 αὐτῷ.
1458 5733 1526 5787 Μ.
