4086 6202
552 262 653 318 999

1208 259 1468 316 EUSEBII
1506 256 1969 315 CESARIENSIS
2005 256 2155 315 OPP.
2196 255 2373 311 PARS
2407 256 2499 315 IV.
2537 288 2601 298 ---
2644 254 3062 313 DOGMATICA.

3640 257 3773 313 1006

553 381 702 447 Quod
743 394 870 434 vero
897 380 1169 433 intueatur
1197 379 1455 447 profunda
1496 379 1675 434 Patris
1696 380 1801 443 sui,
1836 379 1887 433 id
1907 381 2104 435 amoris

2213 381 2276 432 οὐ
2304 378 2549 432 δύναται
2580 382 2611 433 ὁ
2654 378 2785 445 Υἱὸς
2809 379 3000 433 ποιεῖν
3030 378 3142 450 (21)
3174 378 3353 434 οὐδὲν
3392 378 3492 449 ἀφ’
3532 377 3779 445 ἑαυτοῦ,

550 473 757 543 paterni
789 486 924 540 opus
953 484 1087 532 esse,
1122 470 1404 525 manifeste
1442 471 1617 536 docet,
1653 470 1897 539 inquiens
1935 470 1987 523 in
2017 486 2103 524 se-

2204 470 2311 523 ἐὰν
2335 468 2419 537 μή
2453 487 2509 522 τι
2538 470 2739 539 ,βλέπῃ
2764 472 2868 524 τὸν
2893 472 3122 539 Πατέρα
3149 471 3454 535 ποιοῦντα,
3488 473 3527 527 ἀ
3564 474 3677 543 γὰρ
3707 475 3789 528 ἂν

550 565 856 633 quentibus,
910 561 1051 615 Nam
1098 559 1260 615 Pater
1309 563 1478 631 diligit
1537 560 1761 627 Filium,
1817 572 1867 615 et
1929 562 2100 615 omnia

2213 562 2430 627 ἐκεῖνος
2460 561 2621 629 ποιῇ,
2651 564 2832 615 ταῦτα
2856 563 2978 636 [ἂν]
3008 564 3105 617 καὶ
3136 566 3349 633 ὁμοίως
3372 569 3403 619 ὀ
3440 568 3573 632 Υἱὸς
3598 568 3781 621 ποιεῖ.

549 657 770 710 ostendit
799 655 865 710 ei.
896 653 989 707 Est
1012 653 1116 707 hoc
1137 667 1264 723 ergo
1294 654 1546 707 indicium
1572 654 1748 707 Patris
1774 652 2106 707 ostendentis

549 760 644 800 sua
675 762 833 815 opera
860 746 1171 800 abscondita
1200 763 1213 798 :
1238 761 1355 814 qua:
1379 747 1504 799 dum
1534 746 1848 799 abscondita
1872 746 2107 798 intuetur

548 836 739 904 Filius,
767 852 928 906 opere
961 838 1076 906 ipso
1136 845 1478 891 consummat
1524 839 1731 906 paterni
1763 839 1843 891 sui
1897 835 2104 891 consilii

546 944 729 998 opera.
759 930 839 983 Ad
865 929 1006 983 hunc
1040 928 1249 981 modum
1277 943 1397 983 cum
1427 929 1643 983 adesset
1688 929 1857 989 Patri.
1898 937 1953 981 et
2000 942 2103 980 una

546 1035 668 1075 cum
700 1022 887 1075 eodem
913 1020 1102 1074 fuisset
1124 1035 1356 1090 semper,
1383 1029 1640 1074 tumcum
1668 1020 1864 1075 emtum
1896 1034 2104 1088 praepa-

547 1121 711 1176 raret,
752 1122 805 1166 et
833 1128 950 1180 quae
980 1114 1161 1167 insunt
1202 1112 1355 1167 caelis
1398 1130 1413 1166 :
1462 1114 1562 1165 hoc
1611 1112 1791 1166 docuit
1837 1112 2103 1179 inquiens,

548 1200 676 1254 Cum
706 1213 1020 1271 praepararet
1068 1204 1267 1264 caelum,
1314 1204 1396 1256 illi
1429 1204 1663 1256 aderam.
1713 1202 1816 1256 Sed
1864 1213 1917 1257 et
1951 1202 2108 1255 Pater

547 1294 859 1362 priusquam
898 1296 1149 1347 mundum
1175 1294 1449 1358 conderet,
1482 1294 1534 1346 in
1564 1308 1626 1346 eo
1660 1294 1941 1363 gaudebat,
1987 1294 2107 1346 uni—

546 1384 782 1453 genitum
819 1399 973 1437 suum
1004 1383 1194 1438 Filium
1224 1384 1488 1438 intuitus:
1524 1393 1579 1437 et
1626 1394 1881 1452 tanquam
1910 1384 1961 1436 in
1987 1400 2107 1452 spe-

550 1474 669 1528 culo
701 1478 929 1545 quodam
953 1477 1297 1545 semetipsum
1330 1475 1384 1529 in
1422 1476 1510 1529 illo
1545 1476 1931 1543 contemplatus
1964 1475 2108 1528 lacta-

545 1576 720 1631 batur.
740 1571 1026 1637 Quocirca,
1052 1570 1223 1637 inquit
1253 1569 1549 1637 Sapientia,
1576 1586 1593 1617 ι
1616 1567 1724 1638 Ego
1754 1582 1899 1620 eram
1927 1567 1976 1619 in
2001 1581 2105 1634 qua

543 1667 782 1739 quotidie
812 1664 1101 1733 gaudebat.
1134 1681 1151 1713 ι
1188 1661 1293 1716 Sed
1322 1672 1376 1715 et
1405 1661 1571 1715 Filius
1616 1660 1728 1728 ipse
1776 1660 2105 1713 laatabundus

2219 655 2277 709 '0
2317 657 2425 726 γὰρ
2454 655 2656 724 Πατὴρ
2676 655 2843 724 φιλεῖ
2867 656 2972 709 τὸν
3008 658 3159 717 Υἱὸν,
3196 656 3293 708 καὶ
3322 656 3517 711 πάντα
3540 658 3788 713 δείκνυ-

2205 766 2309 803 σιν
2339 749 2517 816 αὐτῷ,
2547 750 2585 803 ᾰ
2623 750 2803 815 αὐτὸς
2844 749 3014 804 ποιεῖ.
3057 750 3225 805 Ἔνθα
3248 768 3331 815 τις
3360 753 3581 819 εἰκότως
3609 753 3783 825 ζητή-

2208 864 2348 899 σειεν
2382 848 2445 900 ἂν
2486 848 2601 911 πῶς
2638 848 2705 901 τὰ
2740 848 2885 912 ἅπαξ
2934 850 3036 901 ὑπὸ
3064 848 3155 901 τοῦ
3205 851 3417 922 Πατρὸς
3457 854 3719 922 γεγονότα
3749 855 3780 907 6

2209 936 2333 999 Υἱὸς
2360 933 2710 1003 αὖθις-ποιεῖ;
2755 938 3079 993 Ἐπελύσατο
3106 941 3150 993 δ’
3184 942 3343 1006 αὐτὸς
3372 943 3461 997 τὸν
3504 944 3664 1014 λόγον
3693 949 3775 1000 εί-

2208 1028 2321 1080 πών
2339 1045 2351 1058 °
2391 1032 2447 1085 Ἃ
2469 1031 2579 1097 γὰρ
2599 1030 2676 1082 ἂν
2701 1033 2733 1081 ό
2760 1032 2959 1098 Hatin
2995 1033 3165 1098 ποιεῖ,
3195 1034 3376 1088 ταῦτα
3401 1037 3498 1090 καὶ
3552 1042 3587 1092 ό
3643 1041 3777 1106 Υἱὸς

2208 1120 2417 1187 ὁμοίως
2460 1120 2629 1175 ποιεῖ.
2677 1121 2882 1173 Οὐκοῦν
2930 1124 3176 1195 ὁμοίωμα
3226 1128 3473 1198 τυγχάνει
3516 1129 3584 1183 τὰ
3632 1132 3774 1201 πρὸς

2206 1209 2298 1261 τοῦ
2330 1210 2455 1262 Υίοῦ
2479 1212 2769 1282 γιγνόμενα
2803 1214 2974 1284 ἔργων
3008 1218 3325 1286 ἀρχετύπων
3356 1223 3410 1273 ὲν
3437 1223 3776 1295 ἀπορρήτοις

2206 1300 2301 1352 τοῦ
2344 1303 2551 1373 Πατρδς
2622 1304 2896 1375 λογισμοῖς
2944 1312 3445 1381 προῦφισταμένων,
3479 1314 3512 1368 ἃ
3550 1316 3613 1387 δὴ
3650 1318 3772 1387 (22)

2209 1392 2418 1460 βλέπων
2453 1395 2649 1459 ἀτενῶς
2674 1398 2730 1448 ὲν
2764 1400 2826 1467 τῇ
2858 1398 2949 1451 τοῦ
2977 1400 3183 1470 Πατρὸς
3212 1402 3324 1472 (ἐῦ)
3351 1404 3552 1476 διανοίᾳ
3577 1410 3604 1460 6
3633 1408 3773 1471 Υἱὸς

2210 1484 2499 1553 μιμήματα
2538 1478 2610 1537 ὧν
2652 1486 2795 1554 ἐώρα
2832 1488 3033 1539 ἐποίειο
3075 1489 3136 1541 τὸ
3172 1489 3215 1541 δ’
3246 1490 3563 1546 ἐποπτεύειν
3604 1495 3772 1547 αὑτὸν

2206 1576 2274 1628 τὰ
2316 1577 2407 1629 τοῦ
2445 1577 2653 1646 Πατρὸς
2699 1578 2832 1648 βάθη
2882 1579 2978 1649 τῆς
3023 1581 3293 1651 πατρικῆς
3339 1582 3558 1655 ἀγάπης
3592 1585 3769 1657 ἔργων

2208 1660 2344 1719 εἶναι
2381 1667 2613 1736 παρίστη
2667 1667 2939 1734 διασαφῶν
2994 1667 3137 1738 ἑξῆς,
3192 1671 3284 1723 καὶ
3320 1670 3511 1739 λέγων,
3555 1674 3616 1727 '0
3661 1678 3769 1746 γὰρ

543 1737 735 1829 gaudio
773 1755 1078 1824 replebatur
1120 1754 1173 1807 in
1224 1752 1387 1807 Patre
1418 1768 1515 1807 suo
1547 1750 1950 1819 conspicienda.
1996 1749 2108 1803 Hoc

2213 1757 2407 1825 Πατὴρ
2439 1758 2599 1825 φιλεῖ
2628 1759 2731 1810 τὸν
2758 1759 2907 1821 Υἰὸν,
2938 1760 3031 1811 καὶ
3056 1737 3249 1813 στάντα
3278 1737 3589 1818 δείκνυσιν
3611 1737 3767 1831 αότῷ

544 1851 807 1920 siquidem
843 1850 955 1917 ipse
989 1846 1202 1899 edocuit
1247 1845 1514 1914 inquiens,
1538 1843 1783 1898 Ltetabar
1811 1851 1984 1896 autent
2015 1858 2106 1911 ego

544 1958 719 1997 coram
752 1942 843 1993 illo
866 1940 1005 1993 omni
1030 1950 1275 2007 tempore.
1315 1938 1537 2004 Quando
1562 1936 1842 1989 laetabatur
1881 1934 1949 1988 ob
1974 1949 2107 1987 con-

543 2042 869 2088 summatum
890 2040 1147 2084 terrarum
1162 2029 1368 2083 orbem.
1397 2026 1494 2081 Ubi
1519 2043 1613 2096 per
1633 2036 1897 2079 terrarum
1924 2024 2107 2079 orbem

542 2122 891 2190 intelligebat,
928 2119 1293 2173 universitatis
1342 2118 1789 2186 complexionem,
1842 2122 1898 2178 ὦ
1948 2131 2107 2183 quam

542 2219 609 2271 de
631 2231 735 2270 non
766 2228 885 2268 esse
912 2212 977 2265 ad
1024 2224 1143 2265 esse
1192 2209 1504 2279 productam
1537 2224 1631 2278 per
1660 2208 1855 2262 Filium
1889 2210 2109 2262 intuitus

543 2306 916 2360 universorum
955 2302 1096 2356 Deus
1124 2301 1515 2356 oblectabatur.
1572 2298 1826 2353 Veritatis
1877 2300 2012 2352 ratio
2046 2301 2109 2353 de

543 2410 695 2450 sacra
716 2392 989 2463 Scriptura
1014 2393 1244 2447 deducta
1258 2392 1494 2446 breviter
1519 2400 1571 2445 et
1597 2405 1690 2460 per
1713 2391 2107 2456 compendium,

544 2486 645 2541 ista
681 2494 783 2541 est.
809 2485 899 2539 Ille
930 2496 1107 2540 autem
1145 2486 1423 2538 desursum
1473 2485 1524 2536 in
1564 2497 1780 2536 carnem
1806 2482 2110 2537 Servatoris

544 2576 725 2632 intime
750 2576 997 2646 positam,
1027 2584 1203 2629 mente
1231 2589 1324 2629 sua
1346 2574 1597 2629 detrusus
1622 2574 1777 2634 abiit,
1800 2584 2109 2643 pervertens

543 2668 702 2723 simul
730 2678 783 2723 et
812 2666 1253 2736 interpretatione
1287 2667 1589 2735 depravans
1640 2679 1822 2717 veram
1851 2664 2109 2720 divinitus

545 2761 815 2831 inspirata:
849 2758 1143 2827 Scriptum
1173 2757 1515 2811 sententiam.
1553 2755 1658 2809 Sed
1692 2765 1745 2809 et
1780 2756 1847 2809 ad
1879 2754 2109 2810 Verbum

546 2852 684 2907 facta
715 2850 1053 2913 transitione,
1087 2849 1182 2914 ait,
1239 2850 1381 2902 intus
1439 2847 1583 2900 aliud
1628 2848 1801 2916 ipsum
1836 2848 1887 2900 in
1927 2847 2106 2911 Patre,

548 2956 797 3015 tanquam
833 2942 1188 3026 colloquendo
1212 2956 1334 2995 cum
1384 2955 1447 2993 eo
1490 2950 1540 2993 et
1579 2941 1885 3007 cogitando,
1911 2941 2106 2994 cmlum

545 3049 891 3105 praeparasse.
922 3032 1180 3102 Loquitur
1196 3044 1374 3085 autem
1397 3031 1615 3086 disertis
1638 3032 1849 3085 verbis:
1881 3049 1897 3081 ι
1923 3030 2107 3084 Prius-

549 3146 567 3179 ι
602 3142 761 3197 quam
814 3126 1044 3181 mundus
1099 3124 1445 3187 conderetur,
1486 3132 1604 3176 erat
1632 3121 1867 3176 Verbum
1923 3122 1975 3175 in
2008 3136 2108 3175 suo

548 3236 568 3269 ι
602 3217 759 3272 Patre
797 3233 957 3273 :cutn
984 3230 1114 3271 vero
1152 3216 1291 3271 Deus
1314 3215 1657 3285 omnipotens
1690 3215 1869 3270 omnia
1899 3230 2016 3283 qua:
2054 3215 2108 3267 in

550 3328 568 3359 ι
599 3309 736 3365 caelo
780 3315 835 3364 et
872 3310 925 3363 in
978 3310 1137 3363 terris
1174 3317 1317 3372 sunt,
1374 3308 1670 3378 producere
1721 3308 2109 3377 proposuisset,

549 3421 569 3453 ι
604 3400 787 3456 mundi
842 3401 1123 3471 productio
1176 3399 1476 3469 operatrice
1530 3398 1762 3454 ellicacia
1820 3398 2107 3467 indigebat.

548 3513 569 3546 ι
611 3492 874 3562 Quocirca
898 3509 1017 3548 cum
1044 3493 1174 3547 nihil
1202 3501 1347 3548 esset
1369 3491 1512 3545 aliud
1535 3501 1731 3561 praeter
1769 3492 1933 3545 Deum
1965 3492 2108 3561 (nam

550 3605 568 3637 ι
610 3588 662 3641 in
704 3585 952 3642 confesso
982 3594 1065 3639 est
1113 3584 1293 3639 omnia
1345 3582 1412 3637 ab
1446 3583 1536 3637 illo
1569 3582 1709 3637 facta
1735 3582 1951 3651 fuisse),
1998 3591 2109 3635 tum

552 3703 569 3733 ι
601 3682 946 3753 progrediens
979 3679 1210 3735 Verbum
1238 3679 1438 3733 factum
1469 3678 1569 3730 fuit
1609 3677 1789 3731 mundi
1821 3675 2109 3730 conditor:

552 3792 569 3823 ι
610 3789 733 3827 cum
772 3771 884 3841 jam
912 3782 1037 3825 ante
1072 3770 1215 3823 intus
1242 3767 1685 3823 intellectualiter
1730 3766 1877 3820 illum
1905 3781 2113 3835 przepa-

549 3886 568 3913 ι
605 3872 774 3927 raret,
798 3862 938 3932 quod
960 3871 1109 3916 vates
1140 3860 1230 3915 ille
1273 3860 1525 3914 Salomon
1557 3874 1655 3913 nos
1684 3859 1919 3924 edocuit,
1982 3856 2112 3911 Cum

550 3973 571 4007 ι
616 3957 798 4009 mlum
859 3963 1197 4024 prwpararet,
1246 3952 1325 4006 illi
1356 3953 1588 4005 aderam.
1624 3969 1642 4002 ι
1689 3950 1787 4005 Ubi
1824 3951 2113 4003 notandum

546 4047 773 4116 qualiter
795 4055 983 4115 sponte
1008 4059 1102 4099 sua
1123 4043 1434 4098 obsurduit:
1471 4058 1568 4096 nec
1590 4042 1805 4110 agnovit
1829 4043 1989 4109 quod,
2009 4058 2114 4093 una

546 4139 782 4204 aderam,
807 4152 910 4192 vox
935 4134 1335 4205 signiticetFilii
1360 4134 1696 4202 praesentiam
1714 4133 1849 4201 apud
1877 4131 2112 4185 Patrem.

544 4228 747 4285 Contra
764 4243 892 4284 vero
916 4227 1246 4297 Scripturam
1271 4228 1380 4294 ipse
1412 4226 1613 4287 sciscit,
1647 4226 1789 4295 quod
1808 4224 2114 4293 priusquam

549 4322 777 4377 mundus
838 4320 1258 4390 produceretur,
1311 4317 1443 4370 nihil
1476 4325 1594 4371 erat
1642 4316 1860 4370 omnino
1924 4323 2116 4383 praeter

2209 1848 2442 1913 ᾰαύτὸς
2472 1849 2641 1906 ποιεῖ.
2674 1850 2984 1915 Δεικνύντος
3013 1851 3117 1922 ἄρα
3133 1852 3224 1905 τοῦ
3253 1854 3463 1925 Πατρὸς
3495 1855 3563 1909 τὰ
3578 1859 3765 1911 ἑαυτοῦ

2209 1938 2430 2008 κρύφια,
2460 1938 2675 2011 θεωρῶν
2708 1942 2735 1993 6
2768 1942 2908 2003 Υἱὸς,
2936 1942 3002 1993 δι’
3022 1942 3193 2012 ἔργων
3230 1944 3425 2016 ὑφίστη
3449 1946 3518 1999 τὰ
3544 1947 3644 2017 τῆς
3663 1964 3763 2001 πα-

2209 2030 2400 2101 τρικῆς
2428 2030 2619 2101 βουλῆς
2650 2031 2804 2102 ἔργα.
2831 2032 3013 2096 Οὕτως
3046 2031 3136 2087 οὖν
3177 2036 3346 2089 συνὼν
3374 2037 3452 2107 τῷ
3473 2038 3646 2111 Πατρὶ
3677 2043 3770 2096 καὶ

2211 2118 2509 2190 συμπαρὼν
2551 2120 2697 2189 αὖτῴ
2731 2121 3173 2193 προετοιμάζοντι
3203 2125 3292 2177 τὸν
3324 2127 3548 2197 οὐρανὸν
3581 2132 3674 2183 καὶ
3702 2133 3771 2186 τὰ

2208 2211 2293 2263 ἐπ’
2328 2212 2493 2282 αὐτῷ,
2525 2213 2666 2265 τοῦτ’
2716 2214 2978 2279 ἐδίδασκε,
3014 2216 3183 2284 λέγων
3207 2233 3220 2247 °
3261 2218 3468 2275 Ἠνίκα
3501 2224 3769 2293 ἡτοίμαζε

2208 2302 2312 2354 τὸν
2348 2303 2622 2369 οὐρανὸν,
2649 2307 3052 2376 συμπίιριὶμην
3078 2310 3257 2377 αὐτῷ,
3289 2312 3472 2384 ἔχαιρέ
3502 2331 3560 2368 τε
3587 2317 3616 2369 6
3655 2317 3770 2371 [Ia-

2209 2394 2309 2463 τὴρ
2337 2394 2445 2464 (24)
2476 2397 2602 2465 πρὶν
2634 2397 2666 2466 ἢ
2702 2403 2792 2449 καὶ
2822 2399 2909 2451 τὸν
2945 2401 3143 2472 κόσμον
3177 2404 3442 2471 γενέσθαι,
3485 2408 3562 2470 είς
3608 2410 3772 2464 αὑτὸν

2209 2484 2423 2555 ἀφορῶν
2442 2487 2529 2537 τὸν
2554 2488 2741 2541 ἑαυτοῦ
2766 2493 3023 2562 μονογενῆ
3044 2494 3188 2556 Υἰὸν,
3208 2496 3299 2548 καὶ
3318 2496 3496 2569 ῶσπερ
3525 2501 3582 2551 ὲν
3596 2500 3773 2553 εικόνι

2209 2577 2397 2628 ἑαυτὸν
2446 2580 2885 2650 ὲνοπτριζόμενος
2926 2584 2982 2636 ὲν
3016 2586 3182 2656 αὐτῷ.
3209 2589 3298 2641 Διό
3330 2606 3481 2659 φησιν
3508 2592 3540 2661 ἡ
3570 2592 3768 2659 Σοφία,

2217 2686 2234 2718 ι
2259 2668 2395 2735 Ἐγὼ
2410 2667 2598 2745 ήμην
2617 2675 2937 2745 προσ-ἔχαιρε
2961 2677 3071 2747 (25)
3090 2680 3208 2732 καθ’
3223 2682 3447 2753 ἡμέραν.
3460 2701 3478 2734 ι
3497 2683 3658 2736 Ἀλλὰ
3670 2686 3774 2739 καὶ

2210 2762 2237 2813 ὁ
2264 2762 2387 2824 Υἱὸς
2404 2765 2735 2836 εὐφροσύνης
2767 2769 3083 2840 ἐπληροῦτο,
3114 2773 3444 2844 γαννύμενος
3471 2776 3644 2848 ὲπὶτῇ
3674 2777 3772 2831 τοῦ

2212 2852 2421 2923 Πατρὸς
2475 2855 2590 2927 Θέα.
2650 2858 2815 2911 Τοῦτο
2872 2860 3000 2927 γοῦν
3050 2864 3209 2927 αὐτὸς
3265 2864 3502 2920 διδάσκει
3555 2866 3769 2938 λέγων’

2211 2946 2634 3017 Ηὺρραινόμην
2655 2950 2721 3001 δὲ
2742 2951 2995 3006 ἐνώπιον
3016 2956 3201 3009 αὐτοῦ
3228 2957 3297 3009 ἐν
3351 2960 3527 3013 παντὶ
3556 2962 3739 3029 καιρῷ
3761 2978 3773 2994 ‘

2211 3037 2299 3089 ὅτε
2342 3038 2665 3109 ηὐφραίνετο
2703 3042 2801 3112 τὴν
2843 3045 3159 3116 οἰκουμένην
3202 3048 3552 3113 συντελέσας·
3597 3054 3774 3107 οἰκον-

2218 3129 2377 3199 μένης
2408 3130 2635 3185 ἐνταῦθα
2658 3135 2945 3205 νοουμένης
2974 3137 3072 3206 τῆς
3098 3138 3204 3190 τῶν
3225 3142 3492 3212 γεννητῶν
3518 3144 3769 3200 ἁπάντων

2216 3223 2428 3291 συμπλη
2441 3225 2672 3292 ρώσεως,
2703 3222 2769 3298 ἦς
2797 3229 2859 3280 ὲκ
2890 3229 2980 3281 τοῦ
3017 3231 3090 3301 μὴ
3123 3231 3272 3295 ὄντος
3307 3236 3385 3298 εἰς
3411 3235 3472 3288 τὸ
3516 3232 3651 3290 εἶναι
3682 3240 3771 3293 διὰ

2213 3312 2305 3363 τοῦ
2352 3312 2478 3365 Υίοῦ
2508 3316 2904 3387 προαγομένης,
2950 3321 2978 3371 6
3018 3319 3124 3373 τῶν
3160 3322 3414 3375 ἁπάντων
3445 3324 3769 3395 ηὐφραίνετο

2215 3403 2365 3467 Θεός.
2416 3405 2470 3458 ’0
2512 3408 2610 3475 μὲν
2639 3402 2729 3459 οὖν
2762 3407 2963 3480 ἀληθὴς
3003 3409 3175 3479 λόγος,
3210 3412 3284 3475 ὡς
3317 3415 3374 3466 ὲν
3421 3414 3644 3487 βραχέσι
3678 3420 3765 3471 καὶ

2217 3498 2272 3549 ὲν
2302 3499 2540 3568 ἐπιτόμῳ
2573 3500 2944 3571 διηγήσει(26)
2980 3506 3376 3575 παριστάμενος
3400 3508 3466 3560 ὲκ
3502 3509 3600 3579 τῆς
3622 3508 3760 3572 θείας

2216 3588 2455 3658 Γραφῆς,
2484 3590 2717 3653 τοιοῦτός
2753 3607 2833 3655 τις
2859 3591 2922 3645 ἂν
2952 3594 3062 3663 εἴη’
3097 3595 3125 3646 6
3154 3594 3198 3646 δ’
3226 3596 3431 3650 ἄνωθεν
3463 3600 3761 3670 κατωφερό-

2221 3695 2396 3748 μενος,
2425 3678 2515 3730 ἐπὶ
2532 3680 2627 3750 τὴν
2651 3682 2825 3752 σάρκα
2852 3684 2943 3737 τοῦ
2977 3686 3223 3756 Σωτῆρος
3245 3687 3397 3757 ήμῶν
3418 3689 3516 3761 τὴν
3540 3690 3768 3745 διάνοιαν

2218 3768 2486 3834 ἐξώκειλε,
2515 3774 2871 3842 παρατρέπων
2904 3776 2994 3828 καὶ
3029 3778 3456 3848 παρερμηνεύων
3482 3782 3573 3834 τὸν
3597 3781 3768 3853 ἀληθῆ

2217 3860 2340 3913 νοῦν
2356 3861 2453 3931 τῆς
2487 3862 2835 3917 θεοπνεύστου
2862 3867 3097 3937 Γραφῆς.
3128 3870 3285 3923 Ἀλλὰ
3319 3874 3409 3925 καὶ
3440 3873 3533 3925 ἐπὶ
3558 3873 3649 3925 τὸν
3670 3874 3771 3926 Λό-

2218 3967 2311 4017 γον
2348 3952 2604 4021 μεταὸἁς,
2650 3946 2815 4007 αὐτὸν
2842 3953 2975 4010 εἷναί
3009 3975 3140 4027 φησι
3167 3960 3255 4011 τὸν
3295 3960 3440 4013 ἔνδον
3475 3964 3531 4014 ὲν
3557 3962 3634 4032 τῷ
3660 3964 3772 4016 Πα-

2219 4041 2325 4110 τρὶ,
2361 4040 2434 4103 ὡς
2469 4043 2523 4093 ἐν
2564 4042 2888 4115 διαλογισμῷ
2930 4047 3022 4098 καὶ
3056 4049 3113 4099 ἐν
3151 4046 3399 4119 Θυμήσει,
3431 4050 3522 4103 τὸν
3545 4051 3772 4118 οὐρανὸν

2220 4131 2570 4199 ὴτοιμακότα.
2602 4132 2787 4201 Ἔλεγε
2815 4133 2941 4203 γοῦν
2974 4137 3154 4199 αὐτοῖς
3182 4139 3385 4207 ῥήμασι
3429 4140 3558 4209 (27)·
3610 4158 3631 4190 ι
3655 4141 3770 4209 Πρὸ

2227 4241 2245 4271 ‹
2279 4223 2384 4291 γὰρ
2417 4222 2508 4275 τοῦ
2552 4224 2639 4275 τὸν
2680 4225 2879 4294 κόσμον
2919 4226 3156 4296 ποιῆσαι,
3206 4226 3274 4300 ἦν
3312 4232 3341 4283 6
3375 4230 3540 4296 Λόγος
3582 4230 3639 4281 ἐν
3686 4230 3768 4299 τῷ

2226 4332 2243 4362 ι
2274 4314 2464 4383 Πατρί.
2497 4317 2621 4367 Ὅτε
2643 4316 2697 4369 δὲ
2719 4320 2746 4369 6
2763 4320 3148 4389 παντοκράτωρ
3159 4320 3288 4385 Θεὸς
3309 4320 3475 4373 πάντα
3496 4318 3563 4371 τὰ
3584 4319 3643 4372 ὲν
3669 4321 3773 4372 οὺ·-

548 4412 738 4466 Deum.
786 4411 955 4479 Quam
1001 4425 1186 4466 vocem
1228 4410 1475 4464 emittere
1531 4423 1634 4461 non
1666 4406 1964 4468 exhorruit,
1993 4421 2108 4459 CUII

2227 4424 2245 4455 ι
2283 4411 2457 4477 ρανοίς
2484 4409 2576 4461 καὶ
2600 4410 2665 4463 τὰ
2696 4412 2786 4463 ἐπὶ
2811 4412 2905 4481 τῆς
2936 4418 3036 4482 γῆς
3066 4413 3286 4483 ποιῆσαι
3313 4411 3583 4484 προέθετο,
3619 4414 3773 4484 ὲνερ-

550 4514 726 4559 tamen
757 4504 844 4557 illa
870 4496 1036 4557 Filius
1081 4502 1393 4571 abnegetur.
1427 4498 1531 4553 Nec
1564 4512 1836 4553 sacrarum
1880 4495 2111 4550 Littera-

550 4612 668 4651 rum
701 4595 1013 4649 verecundia
1046 4601 1221 4647 motus
1251 4603 1354 4657 est,
1379 4607 1495 4661 quae
1515 4599 1796 4651 testantur,
1823 4588 1965 4657 quod
1984 4599 2110 4642 ante

551 4687 732 4742 mundi
766 4686 1167 4755 productionem
1196 4684 1307 4753 ipse
1335 4684 1476 4739 solus
1510 4683 1721 4736 adesset
1750 4679 1917 4733 Patri.
1952 4677 2107 4743 Nam,

548 4797 666 4833 cum
697 4780 868 4844 calas,
919 4779 1110 4847 inquit,
1164 4777 1409 4846 parabat,
1441 4778 1654 4828 aderam
1700 4773 1767 4826 ei.
1798 4771 2108 4839 Prmpositio

549 4871 691 4925 enim
713 4886 853 4935 cum,
884 4870 947 4923 ad
976 4869 1311 4938 praesentiam
1351 4882 1575 4931 annexa,
1608 4864 1766 4919 unius
1787 4878 1906 4917 cum
1940 4862 2108 4917 altero

551 4978 654 5017 una
694 4961 1033 5034 praesentiam
1064 4959 1349 5030 signiﬁcat.
1378 4958 1490 5013 Non
1514 4958 1591 5012 ait
1620 4970 1748 5026 ergo
1792 4954 2110 5025 simpliciter

614 5062 672 5120 »Β
708 5056 805 5111 Ed.
834 5054 1032 5121 Paris.,
1060 5070 1184 5125 pag.
1213 5053 1341 5109 166.

623 5240 734 5311 (9|)
762 5240 936 5307 Vulgo
968 5240 1117 5294 οὐδὲν
1162 5240 1254 5311 αφ’
1282 5236 1474 5292 ἑαυτοῦ
1521 5246 1574 5293 et
1609 5254 1731 5294 mox
1793 5236 1965 5291 ταῦτα
1994 5236 2105 5311 [ἂν]

555 5313 644 5365 καί
676 5309 729 5364 et
764 5312 911 5382 αχῦτῷ
948 5309 1443 5382 πάνταλδείκννσιν.

627 5382 735 5451 (2%)
772 5377 945 5451 Vulgo
1005 5383 1043 5434 ἃ
1086 5380 1153 5434 δὲ
1198 5379 1458 5445 ,ϐλέπειν
1502 5377 2114 5451 ἀτενές-.-ριιαηιορςτθ

554 5446 816 5505 (ιε’ἱειίυε
863 5446 963 5519 loci
1017 5452 1456 5519 interpretatione
1491 5448 1762 5519 digladiati
1804 5447 1943 5501 'sunt
2008 5446 2113 5500 Ca-

558 5519 740 5591 tltolici
801 5516 873 5574 et'
900 5522 1123 5591 Ariani,
1161 5516 1296 5575 'vide
1341 5520 1505 5591 apud,
1533 5520 1589 5575 Ρ.
1618 5518 2005 5591 Maldonatum,
2061 5526 2117 5567 et

557 5588 1027 5723 plitciﬁvfaparebit
1090 5586 1390 5646 Eusebium
1455 5590 1541 5645 bic
1617 5586 1888 5657 λαθραίως
1956 5588 2114 5656 apta-

2225 4517 2242 4548 ι
2279 4499 2430 4565 γείας
2462 4502 2493 4571 ή
2525 4500 2616 4553 τοῦ
2653 4502 2855 4572 κόσμου
2884 4503 3092 4570 γένεσις
3133 4505 3302 4556 ἐδεῖτο
3333 4503 3646 4575 δραπικῆς,
3676 4506 3771 4557 καὶ

2222 4608 2239 4640 ‹
2278 4590 2363 4643 διὰ
2387 4592 2559 4656 τοῦτο,
2594 4594 2815 4664 μηδενὸς
2840 4596 2987 4658 ὄντος
3012 4597 3194 4668 ἑτέρου
3230 4598 3366 4669 πλὴν
3396 4598 3530 4651 Θεοῦ
3573 4599 3772 4669 (πάντα

2222 4697 2239 4729 ι
2281 4679 2386 4749 γὰρ
2435 4683 2769 4750 ὁμολογεῖται
2813 4685 2902 4737 ὑπ’
2952 4686 3110 4738 αὑτοῦ
3162 4687 3529 4759 γεγενῆσθαι),
3576 4688 3694 4741 τότε
3743 4691 3772 4740 6

2217 4788 2235 4821 ι
2278 4771 2445 4839 Λόγος
2480 4774 2753 4845 προελθὼν
2794 4775 2998 4844 ἐγίνετο
3044 4778 3267 4849 ποιητὴς
3298 4777 3391 4831 τοῦ
3424 4779 3649 4849 κόσμου,
3680 4778 3773 4831 καὶ

2217 4883 2234 4915 ι
2275 4867 2533 4937 πρότερον
2546 4866 2689 4921 ἔνδον
2701 4868 2902 4939 νοητῶς
2917 4871 3213 4940 ὲτοιμάζων
3233 4871 3417 4936 αὑτὸν,
3442 4871 3517 4933 ὡς
3538 4871 3771 4925 διδάσκει

2216 4974 2233 5007 ι
2276 4959 2419 5027 ἡμᾶς
2450 4961 2478 5011 6
2510 4959 2792 5029 προφήτης
2839 4960 3107 5031 Σολομὼν,
3145 4961 3342 5016 Ἡνίκα
3372 4960 3644 5030 ἡτοίμαζε
3665 4961 3771 5014 τὸν

2284 5238 2393 5307 (‘25)
2418 5238 2586 5309 Vulgo
2637 5238 2842 5309 διανοίᾳ
2881 5240 3194 5310 μιμήματα.
3231 5238 3353 5294 Mox
3386 5237 3546 5306 vulgo
3590 5236 3765 5309 ἔργων

2214 5318 2267 5362 et
2292 5310 2437 5380 αὑτῷ
2466 5310 2493 5361 6
2527 5310 2705 5371 αὑτός.

2285 5378 2603 5452 (iu—Vulgo
2628 5381 2757 5452 πρὶν
2789 5378 2823 5449 ἢ
2852 5379 2959 5433 τόν.

2312 5451 2401 5519 25)
2434 5448 2604 5520 Vulgo
2643 5448 2794 5521 ττρός.

2315 5522 2382 5574 26
2412 5522 2575 5592 Vulgo
2606 5538 2807 5592 παρισα
2815 5539 2870 5592 μ.

2292 5592 2403 5663 (27)
2426 5590 2590 5662 οπρ.
2627 5590 2725 5647 163
2752 5594 2815 5647 Α.
