4086 6202
341 311 529 369 ’1005

1276 306 1367 362 DE
1408 307 1938 366 ECCLESIASTICA
1978 310 2366 367 THEOLOGIA
2399 313 2531 368 LIB.
2573 312 2661 369 ῙΠ.

3466 319 3601 370 1006

391 447 411 479 s
441 423 534 482 οὖν
562 427 682 481 οὐδὲ
707 428 1086 499 προσηκόντως
1104 427 1290 496 εἴρηκε
1312 429 1458 496 τρεῖς
1479 428 1800 492 ὑποστάσεις
1821 424 1950 481 εἶναι

2064 448 2082 481 ι
2129 431 2345 485 iterum.
2383 449 2402 481 ι
2433 430 2536 486 Per
2581 433 2694 487 haec
2731 440 2784 486 et
2835 431 2919 485 bis
2972 429 3166 484 similia
3232 430 3316 483 vir
3373 433 3602 498 prudens

391 536 412 571 ς
425 519 606 590 φήσας
625 520 721 590 οὐχ
739 519 902 582 ἅπαξ,
914 519 1046 572 ἀλλὰ
1061 519 1154 571 καὶ
1169 516 1430 588 δεύτερον.
1448 538 1464 568 ›
1476 518 1571 571 Διὰ
1582 520 1636 572 δὲ
1651 519 1850 574 τούτων
1869 521 1959 573 καί

386 607 496 658 τῶν
525 605 731 669 τούτοις
757 607 952 676 ὁμοίων
990 609 1018 660 ὀ
1035 605 1336 674 σοφώτατος
1354 610 1603 678 πειρᾶται
1622 611 1960 662 κατασκευά-

389 694 507 759 ζειν
536 697 630 750 ἕνα
659 699 748 751 καὶ
774 698 863 749 τὸν
893 699 1053 751 αὐτὸν
1081 693 1217 750 εἶναι
1250 697 1356 766 (Μ)
1387 699 1601 768 Πατέρα
1621 699 1817 751 καὶτὸν
1835 699 1958 752 Υἱὸν

390 789 487 841 καὶ
507 791 653 856 ἅγιον
669 788 907 858 Πνεῦμα,
928 789 1092 858 τριῶν
1114 788 1388 858 ὀνομάτων
1409 789 1546 842 κατὰ
1572 791 1698 858 μιᾶς
1721 791 1956 844 ὑποστά-

394 895 530 941 σεως
548 879 822 948 κειμένων.
845 879 977 931 Ούδὲ
999 878 1105 949 γὰρ
1122 879 1179 930 ἐν
1211 878 1418 941 τούτοις
1435 880 1685 947 συνῆκεν,
1702 883 1845 943 ὅπως
1864 882 1957 936 κα)⁸

390 971 420 1023 ὁ
458 969 574 1032 Υἱὸς
605 969 713 1037 (62)
732 970 796 1021 ἐκ
821 969 913 1022 τοῦ
943 969 1152 1040 Πατρὸς
1187 969 1574 1040 ἐκπορεύεσθαι
1599 971 1833 1038 λέγεται,
1863 974 1954 1026 καὶ

390 1061 450 1115 τὸ
475 1062 619 1129 ἅγιον
649 1061 871 1131 Πνεῦμα
908 1061 1127 1131 ὁμοίως,
1159 1060 1279 1113 οὐδὲ
1305 1062 1492 1130 νοῆσαι
1525 1061 1802 1132 δεδύνηται
1836 1064 1956 1126 πῶς

390 1155 514 1225 περὶ
538 1153 629 1206 τοῦ
656 1153 814 1221 ἁγίου
839 1154 1152 1224 Πνεύματος
1174 1149 1324 1204 εἶπεν
1349 1155 1376 1205 ό
1404 1155 1592 1225 Σωτὴρ
1619 1155 1700 1219 τὸ,
1736 1157 1833 1210 Ἐκ
1849 1157 1953 1210 τοῦ

386 1245 527 1314 ἐμοῦ
559 1245 817 1312 λήψεται
857 1245 953 1298 καὶ
998 1244 1316 1312 ἀναγγελεῖ
1343 1245 1501 1313 ὑμῖν,
1538 1247 1656 1299 ούδέ
1701 1266 1814 1310 πως
1845 1252 1955 1311 τοῖς

385 1339 544 1393 αὐτοῦ
571 1338 838 1409 μαθηταῖς
867 1339 1182 1409 ἐμφυσήσεις
1211 1336 1322 1405 (45)
1373 1337 1474 1406 ἔφη
1497 1353 1510 1366 ·
1548 1326 1764 1390 Λάϐετε
1787 1337 1954 1406 ἅγιον

384 1432 654 1501 Πνεῦμω
686 1431 714 1483 ὃ
736 1431 800 1502 δὴ
832 1434 940 1492 τοῖς
962 1429 1196 1491 εύσεϐῶς
1221 1428 1480 1500 θεωροῦσι
1511 1428 1696 1498 ῥᾳδίαν
1721 1427 1828 1492 ἕξει
1854 1429 1951 1499 τὴν

383 1523 556 1584 λύσιν,
590 1525 639 1576 εί
666 1522 938 1590 λογίσαιτό
962 1538 1063 1584 τις,
1088 1520 1162 1583 ῶς
1181 1522 1208 1572 ό
1232 1520 1357 1582 Υἱὸς
1389 1520 1474 1572 ὰε)⁵
1500 1519 1670 1572 συνὼν
1697 1521 1791 1572 καὶ
1813 1539 1950 1591 συμ-

383 1612 575 1684 παρὼν
612 1613 688 1682 τῷ
728 1614 900 1683 Πατρὶ
939 1614 1068 1664 εἵσω
1115 1627 1238 1668 που,
1282 1609 1470 1679 ῶσπερ
1516 1611 1573 1662 ἐν
1609 1609 1819 1672 ἀδύτοις
1859 1613 1951 1664 καὶ

385 1705 606 1766 ἀϐάτοις
641 1703 738 1772 τῆς
775 1702 1043 1772 πατρικῆς
1070 1701 1340 1771 βασιλείας
1375 1699 1665 1767 ἐτύγχανεν
1694 1699 1787 1762 ῶν,
1831 1697 1948 1752 εἶτα

385 1796 443 1848 δέ
483 1795 575 1847 ἐπὶ
607 1795 846 1866 σωτηρίᾳ
888 1794 977 1848 τοῦ
1014 1795 1118 1846 τῶν
1149 1792 1444 1864 ἀνθρώπων
1466 1793 1653 1860 γένους
1686 1791 1820 1861 πρὸς
1854 1791 1945 1844 τὸῦ
1979 1821 2021 1879 Β

389 1886 601 1954 Πατρδς
632 1886 1058 1955 ἐκπεμπόμενος,
1105 1887 1167 1938 ἐκ
1197 1885 1289 1937 τοῦ
1332 1885 1542 1954 Πατρὸς
1575 1882 1946 1951 ἐξεληλυθέναι

389 1979 578 2031 ἑαυτὸν
608 1977 788 2046 ἔλεγεν
819 1978 929 2048 (44)
954 1995 966 2006 ’
998 1979 1024 2030 ὃ
1058 1977 1120 2048 δὴ
1146 1978 1238 2030 καὶ
1267 1976 1489 2046 ἐτέρωῢι
1521 1976 1607 2029 διὰ
1639 1975 1948 2047 παραϐολῆς

387 2069 569 2140 ἐδήλου
597 2069 720 2140 περὶ
741 2067 928 2121 ἑαυτοῦ
956 2068 1145 2136 λέγων,
1187 2067 1472 2134 Ἐξῆλθεν
1497 2071 1528 2120 ό
1556 2068 1816 2136 σπείρων
1844 2067 1949 2120 τοῦ

385 2160 641 2227 σπεῖραι.
678 2159 844 2213 Πόθεν
868 2159 975 2230 γὰρ
1013 2159 1232 2228 ἐξῆλθεν
1261 2159 1292 2229 ἦ
1339 2161 1401 2212 ἐκ
1436 2159 1541 2210 τῶν
1565 2159 1828 2211 ἐνδοτάτω
1858 2158 1951 2228 βα-

388 2252 598 2305 σιλείων
642 2254 736 2322 τῆς
765 2254 1032 2323 πατρικῆς
1065 2253 1339 2324 Θεότητος;
1371 2253 1524 2306 Κατὰ
1573 2253 1627 2305 δὲ
1659 2252 1750 2306 τὸν
1790 2253 1950 2306 αὐτὸν

385 2341 561 2408 λόγον,
581 2343 675 2394 καὶ
692 2341 750 2392 τὸ
769 2342 921 2408 ἆγιον
938 2341 1159 2412 Πνεῦμα
1182 2342 1449 2411 παρεστὸς
1465 2344 1550 2395 ἀεὶ
1562 2341 1637 2411 τῷ
1658 2342 1829 2413 Θρόνῳ
1853 2343 1947 2394 τοῦ

381 2435 536 2498 Θεοῦ,
563 2434 684 2488 ἐπεὶ
709 2435 800 2487 καὶ
819 2435 1024 2503 μυρίαι
1043 2435 1326 2503 μυριάδες
1361 2438 1812 2502 παρεστήκασιν
1842 2437 1949 2487 αὐ-

382 2524 484 2591 τῷ,
543 2526 681 2580 κατὰ
729 2527 817 2578 τὸν
854 2525 1070 2596 Δανιὴλ,
1114 2525 1468 2579 ἀπεστέλλετο
1515 2527 1606 2579 καὶ
1639 2526 1790 2587 αὐτὸ,
1821 2526 1950 2578 ποτὲ

385 2614 483 2684 μὲν
517 2615 573 2666 ἐν
610 2612 738 2666 εῖδει
781 2615 1101 2684 περιστερᾶς
1129 2613 1218 2664 ἐπὶ
1242 2613 1330 2666 τὸν
1362 2614 1484 2666 Υίὸν
1513 2613 1606 2666 τοῦ
1640 2613 1946 2685 ἀνθρώπου,

385 2706 517 2758 ποτέ
555 2704 611 2756 δὲ
641 2704 722 2773 ἐφ’
747 2704 974 2757 ’ἑκαστον
1002 2704 1108 2756 τῶν
1137 2704 1425 2776 προφητῶν
1454 2706 1547 2758 καὶ
1582 2705 1690 2757 τῶν
1719 2705 1948 2757 ἀποστό-

383 2794 492 2846 λων
512 2811 524 2823 ·
549 2793 630 2846 διὸ
665 2796 728 2846 ἐκ
760 2793 851 2847 τοῦ
872 2794 1080 2864 Πατρὸς
1103 2795 1488 2867 ἐκπορεύεσθαι
1519 2797 1610 2848 καὶ
1639 2795 1769 2848 αὐτὸ
1800 2796 1950 2865 εἴρη-

383 2901 498 2938 ται.
545 2885 653 2937 Καὶ
679 2884 730 2936 τί
760 2883 1086 2955 Θαυμάζεις;
1123 2885 1279 2938 ὁπότε
1312 2886 1404 2938 καὶ
1430 2887 1555 2955 περὶ
1585 2885 1676 2937 τοῦ
1707 2883 1948 2936 διαϐόλου

384 2975 656 3039 λέλεκται,
699 2976 805 3030 Καὶ
846 2976 1100 3044 ἐξῆλθεν
1140 2979 1173 3030 ὁ
1211 2976 1486 3043 διάϐολος
1515 2976 1672 3043 παρὰ
1698 2976 1803 3029 τοῦ
1828 2978 1948 3028 Κυ-

379 3067 555 3136 ρίου·
602 3069 694 3120 καὶ
733 3068 975 3137 δεύτερον
1022 3067 1180 3120 πάλιν
1237 3066 1470 3137 εἴρηται,
1506 3064 1749 3132 Ἐξῆλθε
1796 3063 1863 3116 δὲ
1917 3066 1950 3117 ὀ

2060 522 2110 575 id
2162 524 2291 591 agit,
2321 532 2377 576 ut
2417 523 2554 576 idem
2587 533 2786 576 statuat
2809 537 2926 578 esse
2955 522 3189 584 Patrem,
3216 531 3270 577 et
3292 521 3504 586 Fillum,
3547 535 3602 575 et

2061 617 2120 673 »Ιη
2156 611 2408 680 Spiritum
2456 624 2698 667 sanctum
2741 631 2755 681 ς
2795 628 3004 679 nempe,
3031 622 3088 664 ut
3112 614 3175 666 de
3204 627 3304 664 una
3331 613 3602 681 bypostasi

2060 703 2157 756 tria
2200 705 2410 780 nornina
2456 704 2829 772 praedicentur.
2892 703 3002 757 Nec
3050 704 3280 756 advertit
3320 703 3460 772 quod
3517 704 3604 757 bic

2056 793 2222 848 Filius
2251 795 2315 850 de
2360 793 2516 850 Patre
2540 811 2636 849 suo
2671 811 2984 864 progressus
3009 795 3206 850 dicitur
3253 805 3306 849 et
3359 795 3604 850 similiter

2056 895 2272 939 sanctus
2299 885 2559 955 Spiritus;
2597 901 2693 940 nec
2715 887 2928 953 assequi
2953 887 3140 954 potuit,
3169 891 3434 955 quomodo
3467 887 3605 939 dixit

2056 979 2121 1031 de
2157 978 2355 1045 Spiritu
2389 987 2574 1031 sancto
2603 979 2873 1039 Servatur,
2907 976 2980 1030 De
3003 994 3112 1029 meo
3139 987 3362 1031 assumet
3417 988 3463 1031 et
3503 995 3601 1030 au-

2055 1069 2312 1121 nuutiabit
2355 1068 2527 1132 vobis;
2581 1084 2677 1120 nec
2723 1069 2862 1135 quod
2904 1069 2955 1121 in
2993 1069 3276 1136 discipulos
3311 1069 3604 1137 inspirabat

2053 1162 2254 1221 dicens,
2277 1161 2505 1228 Accipite
2526 1158 2779 1226 Spiritum
2801 1171 3057 1215 sanctum.
3087 1161 3212 1224 Quae
3235 1161 3438 1214 facilem
3464 1161 3601 1227 apud

2052 1251 2168 1318 pios
2213 1251 2530 1306 solutionem
2577 1252 2870 1313 invenient,
2908 1254 2951 1306 si
3003 1254 3088 1319 qui
3132 1253 3295 1306 velint
3330 1254 3602 1305 remiuiSc‘i

2052 1340 2190 1407 quod
2214 1340 2400 1402 Filius,
2433 1355 2642 1410 semper
2682 1355 2801 1394 cum
2836 1341 2994 1396 Patre
3026 1358 3120 1396 suo
3159 1357 3396 1412 prmsens
3423 1352 3476 1396 et
3501 1359 3603 1395 una

2051 1430 2336 1493 exsistens,
2365 1432 2510 1485 intus
2537 1440 2650 1484 erat
2685 1431 2823 1499 apud
2870 1432 3039 1497 illum,
3068 1433 3225 1486 veluti
3256 1433 3306 1486 in
3337 1433 3511 1503 adytis
3552 1445 3608 1487 et

2052 1519 2341 1573 inaccessis
2386 1519 2591 1587 paterni
2619 1519 2780 1585 Iregni
2811 1522 3174 1586 receptaculis.
3205 1522 3405 1575 Deinde
3431 1523 3495 1575 ad
3521 1535 3606 1574 sa-

2050 1610 2213 1664 lutem
2254 1611 2484 1664 humano
2511 1612 2692 1679 generi
2733 1613 3142 1678 procurandum,
3189 1613 3441 1666 enussum
3489 1629 3546 1666 se
3575 1630 3606 1668 ι

2050 1701 2210 1756 Patre
2235 1701 2448 1756 venisse
2477 1702 2607 1756 dicit
2645 1720 2658 1754 :
2706 1703 2846 1770 quod
2886 1712 2939 1754 et
2967 1703 3086 1755 alibi
3117 1704 3168 1756 in
3205 1704 3452 1771 parabole
3481 1706 3608 1759 fecit

2051 1793 2386 1846 manifestum
2427 1791 2727 1860 :Egressus
2777 1802 2849 1844 est
2897 1793 3175 1845 seminator
3222 1793 3289 1844 ad
3337 1795 3602 1848 seminan-

2047 1885 2171 1938 dum
2195 1885 2276 1937 ωε
2312 1883 2452 1937 unde
2501 1885 2644 1937 enim
2671 1898 2918 1951 egressus
2953 1893 3114 1948 esset,
3164 1884 3263 1938 nisi
3309 1901 3372 1938 ex
3401 1886 3604 1938 intimis

2051 1978 2205 2045 regite
2237 1977 2853 2046 penetralibus‘patern:e
2879 1976 3209 2030 divinitatis?
3235 1978 3313 2030 Ad
3353 1979 3598 2032 eumdem

2047 2069 2280 2131 modum,
2313 2080 2366 2123 et
2405 2070 2638 2139 Spiritus
2668 2079 2885 2122 sanctus
2912 2083 3124 2138 semper
3166 2079 3219 2122 et
3245 2075 3497 2125 continuo
3526 2087 3607 2124 as—

2047 2161 2186 2214 sistit
2231 2160 2421 2214 throno
2469 2161 2582 2225 Dei,
2651 2175 2770 2213 cum
2819 2162 2983 2214 decies
3051 2169 3265 2212 centena
3310 2161 3473 2213 millia
3525 2162 3606 2212 illi

2047 2259 2215 2305 aslent
2237 2252 2301 2315 “,
2331 2253 2621 2306 secundum
2647 2250 2937 2306 Danielem.
2965 2251 3156 2306 Missus
3182 2267 3341 2319 porro
3363 2263 3445 2306 est
3472 2253 3570 2306 iste
3589 2293 3604 2315 ,

2049 2356 2189 2395 nunc
2229 2340 2283 2395 in
2333 2342 2503 2410 ﬁgura
2552 2341 2815 2396 columba:
2868 2357 3029 2410 super
3079 2342 3272 2396 Filium
3325 2343 3605 2409 hominis;

2048 2447 2191 2486 nunc
2219 2447 2382 2502 super
2411 2448 2840 2500 unumquemque
2886 2434 3268 2501 prophetarum
3297 2445 3351 2489 et
3389 2449 3606 2503 θροειο-

2048 2521 2220 2577 lorum
2255 2540 2270 2576 :
2300 2523 2440 2577 unde
2467 2533 2522 2575 et
2554 2523 2639 2576 ille
2672 2537 2882 2591 quoque
2904 2524 3101 2577 dicitur
3125 2529 3190 2579 de
3220 2525 3376 2580 Patre
3398 2541 3612 2594 proces-

2047 2614 2206 2666 sisse.
2239 2612 2376 2677 Quid
2406 2612 2620 2665 mireris
2671 2622 2872 2676 autem,
2925 2628 3045 2666 cum
3078 2613 3159 2667 vel
3190 2614 3256 2666 de
3285 2615 3501 2669 diabolo
3526 2618 3607 2668 di-

2047 2715 2203 2758 catur
2237 2717 2250 2756 :
2275 2701 2343 2754 Et
2369 2719 2602 2771 egressus
2626 2713 2698 2755 est
2724 2703 2960 2757 diabolus
2990 2722 3022 2756 a
3047 2705 3150 2758 Deo
3191 2705 3268 2767 ⁶⁵;
3299 2716 3354 2759 et
3379 2705 3602 2760 iterum:

2047 2792 2304 2860 Egressus
2329 2804 2402 2846 cst
2425 2791 2664 2847 diabolus
2681 2793 2725 2824 “
2742 2793 2764 2846 ?
2781 2794 2883 2847 Sed
2913 2803 2965 2846 et
2991 2795 3244 2864 scriptum
3277 2796 3513 2850 invenies
3541 2799 3608 2850 de

2046 2884 2266 2939 Achabo
2297 2884 2499 2938 dictum
2529 2906 2541 2937 :
2579 2883 2646 2936 Et
2677 2886 2830 2938 exivit
2869 2885 3082 2951 spiritus
3112 2902 3372 2949 nequam,
3395 2897 3441 2938 et
3469 2891 3604 2940 stetit

2048 2992 2222 3029 coram
2251 2975 2493 3040 Domino,
2521 2985 2568 3028 et
2590 2977 2719 3029 dixit
2738 2989 2758 3027 :
2800 2976 2910 3046 Ego
2938 2978 3190 3044 decipiam
3222 2979 3370 3031 illum
3393 2981 3474 3035 ⁸⁷.·
3501 2982 3606 3035 Sed

2049 3069 2113 3122 de
2142 3068 2294 3122 hisce
2327 3067 2607 3137 spiritibus
2637 3068 2700 3120 ad
2738 3069 3066 3137 oppositum,
3106 3072 3374 3137 quomodo
3399 3072 3608 3126 dicatur

386 3159 660 3227 διάϐολος
686 3161 798 3215 ἀπὸ
819 3161 928 3214 τοῦ
953 3161 1190 3228 Κυρίου.
1220 3158 1413 3230 Εὗροις
1445 3158 1498 3212 δὲ
1524 3157 1589 3211 ἂν
1617 3158 1706 3209 καὶ
1735 3159 1828 3210 ἐπὶ
1851 3157 1944 3210 τοῦ

2051 3157 2250 3210 exiisse
2276 3171 2390 3222 eos,
2417 3171 2519 3210 non
2554 3156 2606 3210 in
2637 3157 2885 3224 priesenti
2926 3158 3249 3214 laboramus.
3296 3158 3610 3231 Unigenitus

401 3255 606 3324 ’Δχααϐ
653 3251 750 3307 εἶτ’
799 3254 911 3325 (45)
959 3253 1206 3324 ἐπιφέρει
1252 3253 1285 3322 ὴ
1331 3251 1540 3321 Γραφήο
1571 3249 1681 3302 Kal
1723 3247 1943 3315 ἐξῆλθε

385 3347 616 3415 πνεῦμα
644 3347 927 3414 πονηρὸν,
967 3346 1066 3399 καὶ
1095 3345 1242 3410 ἔστη
1283 3342 1538 3395 ἐνώπιον
1577 3341 1794 3409 Κυρίου
1845 3340 1943 3392 καὶ

382 3438 575 3491 εἶπεν·
621 3437 756 3507 Ἐγὼ
783 3436 1069 3503 ἀπατήσω
1083 3436 1284 3489 αὐτόν.
1334 3432 1492 3486 Ἀλλά
1525 3432 1694 3485 ταῦτα
1729 3432 1825 3502 μὲν
1859 3433 1945 3484 ἐν-

384 3529 538 3583 αντία
569 3529 870 3599 πνεύματα,
904 3530 1047 3590 ὅπως
1070 3528 1124 3579 δὲ
1156 3526 1250 3579 καὶ
1278 3525 1398 3578 τίνα
1419 3523 1612 3594 τρόπον
1635 3522 1943 3594 εἴρηται,ού

382 3621 477 3675 νῦν
532 3621 719 3691 καιρὸς
772 3619 1274 3690 πολυπραγμονεῖν·
1315 3618 1343 3669 ό
1387 3615 1443 3667 δὲ
1496 3613 1784 3685 μονογενὴς
1820 3613 1945 3677 Υἱὸς

387 3710 480 3766 τοῦ
528 3711 657 3765 Θεοῦ
706 3712 770 3764 ὲκ
813 3710 905 3764 τοῦ
934 3710 1144 3781 Πατρὸς
1177 3706 1549 3780 ἐξεληλυθέναι
1587 3705 1771 3758 ἐαυτὸν
1801 3704 1948 3758 διδά-

391 3819 529 3864 σκει,
553 3803 639 3857 διὰ
672 3804 732 3854 τὺ
765 3807 995 3856 συνεῖναι
1035 3801 1181 3871 αύτῷ
1209 3801 1458 3862 πάντοτε,
1485 3798 1576 3851 καὶ
1618 3796 1678 3848 τὸ
1711 3795 1861 3863 ἆγιον
1893 3795 1949 3848 δὲ

389 3893 609 3965 Πνεῦμα
629 3895 823 3964 ὁμοίως
846 3895 1026 3963 ἕτερον
1055 3895 1296 3963 ὑπάρχον
1329 3890 1478 3960 παρὰ
1497 3888 1586 3940 τὸν
1611 3885 1757 3938 Υίόν.
1797 3887 1860 3937 Ὃ
1887 3883 1949 3954 δὴ

2047 3263 2178 3302 vero
2200 3247 2293 3302 Dei
2329 3247 2495 3302 Filius
2535 3263 2594 3302 se
2635 3248 2702 3300 de
2730 3247 2888 3302 Patre
2919 3249 3118 3305 exiisse
3157 3251 3334 3315 docet,
3367 3265 3431 3306 eo
3468 3255 3608 3322 quod

2049 3339 2188 3407 apud
2238 3354 2357 3392 eum
2407 3348 2523 3392 erat
2570 3352 2817 3406 seraper;
2857 3348 2912 3392 et
2962 3340 3038 3394 sic
3073 3340 3274 3408 pariter
3326 3342 3390 3396 de
3426 3357 3611 3396 sancto

2051 3429 2280 3498 Spiritu,
2343 3431 2433 3497 qui
2473 3440 2651 3483 tamen
2708 3431 2846 3482 alius
2891 3440 2972 3484 est
3003 3446 3032 3482 a
3074 3429 3232 3486 Filio.
3280 3431 3429 3496 Quod
3479 3437 3610 3486 satis

2051 3523 2192 3574 clare
2222 3520 2480 3574 Servator
2507 3521 2678 3584 docet,
2711 3519 2988 3588 inquiens:
3013 3521 3084 3573 De
3107 3537 3216 3574 meo
3241 3533 3406 3575 sumet
3436 3534 3482 3576 et
3513 3543 3612 3578 an-

2054 3612 2310 3664 nuntiabit
2351 3612 2512 3666 vobis.
2553 3611 2711 3665 Certe
2743 3609 2870 3663 hinc
2899 3610 3128 3665 ellicitur
3155 3629 3258 3666 non
3297 3629 3417 3669 esse
3447 3632 3609 3670 unum

2055 3715 2215 3772 atque
2244 3706 2492 3758 eumdem
2544 3703 2738 3758 Filium
2785 3713 2836 3759 et
2874 3713 3116 3757 sanctmn
3150 3702 3426 3771 Spiritum.
3475 3706 3608 3760 Nam

2053 3795 2193 3864 quod
2218 3810 2247 3848 a
2285 3809 2554 3864 quoquam
2585 3794 2872 3863 quidquam
2914 3793 3161 3862 percipit,
3189 3795 3456 3849 diversum
3483 3799 3610 3864 quid

2055 3885 2371 3954 intelligitur
2393 3901 2420 3936 a
2449 3886 2706 3954 largiente
2733 3900 2873 3939 esse.

389 3987 571 4057 σαφῶς
615 3988 772 4051 αὐτὸς
819 3989 848 4040 ό
891 3988 1076 4055 Σωτὴρ
1119 3984 1411 4056 παρίστησι
1456 3981 1659 4048 λέγων*
1716 3978 1810 4030 Ἐκ
1873 3977 1978 4031 τοῦ
2037 3977 2180 4045 ἐμοῦ
2255 3977 2510 4047 λήψεται
2566 3978 2663 4031 καὶ
2721 3979 3040 4048 ἀναγγελεῖ
3105 3979 3262 4048 ὑμῖν.
3323 3981 3611 4050 Ἀντικρυς

385 4084 494 4154 γάρ
537 4084 938 4156 παραστατικὸν
996 4083 1062 4136 ἂν
1109 4081 1192 4152 εἴη
1231 4081 1387 4134 τοῦτο
1442 4078 1536 4131 τοῦ
1587 4075 1662 4146 μὴ
1697 4069 1834 4128 εἶναι
1886 4073 1944 4126 ἓν
1983 4075 2078 4127 καὶ
2127 4075 2321 4128 ταύτδν
2363 4077 2453 4128 τὸν
2502 4075 2629 4126 Υἱὸν
2665 4076 2758 4127 καὶ
2812 4074 2872 4127 τὸ
2926 4073 3080 4143 ἅγιον
3117 4074 3375 4145 Πνεῦμαο
3417 4077 3478 4127 τὸ
3503 4074 3610 4144 γὰρ

384 4177 514 4246 παρ’
557 4176 741 4245 ἐτέρου
783 4171 1076 4243 λαμϐάνον,
1110 4187 1164 4222 τι
1195 4171 1376 4240 ἕτερον
1411 4164 1562 4236 παρὰ
1601 4163 1692 4216 τὸν
1741 4161 1948 4216 διδόντα
1985 4166 2204 4215 νοεῖται.

1026 4264 1182 4316 ΚΕΦ.
1218 4261 1295 4317 E'.

453 4365 651 4429 Ὅπως
700 4363 732 4415 ό
778 4359 977 4429 Σωτὴρ
1180 4356 1285 4492 ego?)
1319 4355 1490 4423 ἁγίου
1531 4353 1874 4420 Πνεύματος

1019 4445 1048 4481 ε
1147 4445 1183 4479 α
1224 4443 1317 4479 εν.

1019 4443 1317 4481 εοιοαξεν.

451 4525 561 4579 Καὶ
591 4525 674 4577 ὅτι
707 4523 814 4593 (46)
848 4522 1032 4592 ἕτερόν
1067 4523 1181 4574 ἐστι
1221 4517 1281 4571 τό
1318 4513 1543 4585 Πνεῦμα
1569 4513 1629 4566 τὸ
1659 4513 1812 4580 ἆγιον
1846 4507 1942 4561 τοῦ

382 4616 514 4670 Υίοῦ
549 4615 837 4686 διαρρήδην
876 4615 970 4666 καὶ
1011 4613 1275 4683 διαφόρως
1317 4607 1656 4667 λευκοτάτοις
1707 4604 1945 4686 ῥήμασιν

383 4706 492 4777 (47)
526 4683 687 4768 αὑτός
764 4683 950 4774 Σωτὴρ
976 4703 1070 4757 καὶ
1100 4703 1300 4772 Κύριος
1323 4699 1481 4770 ἡμῶν
1521 4694 1741 4758 ἔδειξεν,
1776 4693 1833 4744 ἐν
1865 4683 1946 4752 οἷς

383 4795 517 4863 πρὸς
541 4796 665 4857 τοὺς
694 4793 858 4846 αὑτοῦ
889 4791 1131 4864 μαθητὰς
1149 4791 1350 4859 ἔλεγεν,
1401 4787 1532 4841 Ἐὰν
1555 4779 1820 4855 ἀγαπᾶτέ
1845 4796 1944 4848 με,

378 4886 486 4952 τὰς
511 4887 761 4952 ἐντολὰς
793 4887 896 4952 τὰς
916 4885 1060 4956 ἐμὰς
1086 4883 1373 4952 τηρήσετε
1393 4898 1406 4912 ·
1451 4879 1548 4933 καὶ
1584 4875 1698 4946 ἐγὼ
1729 4870 1948 4941 ἐρωτή-

379 4995 470 5034 σω
514 4980 622 5034 τὸν
647 4977 894 5046 Πατέρα,
951 4977 1047 5031 καὶ
1093 4976 1284 5029 ἄλλον
1337 4970 1727 5041 Παράκλητον
1767 4963 1947 5016 δώσει

1968 4273 2017 4330 D

2591 4261 2648 4318 >14
2661 4261 2718 4317 ὥ
2752 4255 2902 4311 CAP.
2952 4255 3014 4310 ν.

2172 4363 2441 4429 Quomodo
2479 4364 2542 4418 de
2572 4377 2751 4417 sancto
2787 4364 2988 4430 Spiritu
3017 4362 3266 4421 Scr-valor
3288 4367 3483 4421 docuit.

2115 4498 2272 4554 Certe
2303 4499 2444 4567 quod
2471 4498 2717 4553 diversus
2763 4500 2829 4553 sit
2860 4498 3048 4554 aFilio
3099 4511 3154 4554 et
3201 4501 3340 4554 alius
3380 4499 3614 4570 Spiritus

2047 4601 2285 4656 sanctus,
2317 4605 2571 4660 expresse
2603 4601 2658 4645 et
2680 4590 3000 4646 clarissimis
3021 4592 3198 4645 verbis
3225 4592 3381 4646 docet
3413 4594 3610 4648 Serva-

2051 4691 2133 4736 tor
2163 4693 2215 4736 et
2247 4683 2501 4736 Dominus
2531 4694 2735 4750 uoster,
2772 4683 2860 4737 ubi
2918 4683 2995 4737 sic
3029 4683 3316 4751 discipulos
3366 4683 3560 4738 an'atur
3593 4702 3608 4740 :

2055 4773 2113 4828 Si
2133 4774 2351 4842 diligitis
2370 4790 2470 4838 me,
2500 4777 2749 4828 mandata
2772 4792 2883 4830 mea
2901 4777 3220 4837 custodietis,
3243 4787 3289 4829 et
3309 4792 3400 4846 ego
3423 4780 3612 4846 rogabo

2053 4863 2287 4926 Patrem,
2316 4874 2365 4917 et
2396 4867 2559 4918 alium
2608 4863 2944 4920 Paracletum
2979 4867 3123 4919 dabit
3148 4867 3311 4931 vobis,
3339 4877 3394 4919 ut
3431 4867 3498 4919 sit
3523 4883 3610 4919 vo-

2053 4959 2244 5010 biscum
2288 4958 2340 5010 in
2370 4958 2582 5022 steculo,
2607 4955 2860 5024 Spiritum
2909 4959 3162 5021 veritatis,
3200 4975 3350 5028 quem
3388 4945 3613 5011 mundus

455 5125 513 5183 ᾖ
559 5119 651 5172 Ed.
687 5119 884 5178 Paris.,
913 5136 964 5188 p.
999 5117 1263 5188 169.7l70.
1338 5115 1381 5145 ⁸³
1407 5112 1570 5166 Marc.
1605 5122 1678 5173 tv,
1706 5105 1759 5159 5.
1841 5103 1889 5134 “
1922 5101 1950 5156 ι’

2051 5139 2058 5154 .
2093 5117 2188 5164 νυ,
2224 5101 2307 5156 l0.
2385 5101 2429 5132 ⁸⁵
2460 5100 2590 5156 Luc.
2619 5116 2690 5165 tv,
2719 5101 2803 5156 i5.
2885 5100 2930 5130 ⁸⁸
2960 5099 3061 5154 Job
3085 5115 3141 5164 ιι,
3174 5099 3226 5153 7.
3301 5101 3343 5132 "
3373 5099 3436 5154 lll
3481 5099 3610 5170 Reg.

382 5191 584 5251 lel,‘3|
609 5207 625 5256 ;
650 5189 689 5242 ll
721 5188 896 5242 Paral.
916 5187 1087 5250 XVIII,
1117 5187 1152 5239 2
1171 5190 1225 5239 0.

453 5321 564 5390 (ιι)
591 5322 759 5391 Vulgo
790 5319 930 5392 [καὶ]
964 5320 1200 5390 Πατέρα.

452 5393 561 5464 (ιι)
597 5393 762 5464 Ynlgo
792 5395 855 5464 ἐκ
889 5393 1056 5462 Πατρ.

377 5533 408 5588 ὃ
428 5455 562 5587 6(:3)
599 5455 765 5530 Vulgo
799 5461 950 5529 ἔλεγε
982 5455 1037 5515 εἰ
1083 5473 1202 5512 mox
1245 5456 1366 5510 λάε.
1405 5455 1512 5528 [τὸ]
1553 5457 1618 5508 Π.
1654 5456 1715 5508 τὸ
1759 5455 1938 5522 ἅγιον·

471 5602 562 5665 44)
593 5599 757 5667 Vulgo
782 5603 812 5659 ὃ
843 5601 928 5662 δέ;
972 5616 1092 5654 mox
1120 5597 1282 5666 vulgo
1310 5598 1760 5667 παρεᾷιστήκασιν.

602 5663 739 5747 ελεγ
768 5673 1029 5741 ἐπιφέρει
1084 5671 1121 5737 ἡ
1159 5663 1407 5747 passu.—
1441 5663 1576 5720 Pro'
1601 5666 1707 5719 ἕνθ’
1754 5663 1942 5747 ἐπιφέ-

380 5742 485 5813 ρει,
535 5744 795 5812 Spiritum
845 5755 1113 5807 sanctum,
1165 5742 1286 5794 lnuc
1336 5747 1575 5806 apparet,
1617 5753 1722 5806 quo
1763 5742 1811 5788 in
1845 5750 1943 5786 nu-

2049 5326 2202 5365 mero
2227 5311 2419 5365 habent
2463 5304 2742 5366 Eusebius,
2775 5304 3026 5356 nimirum
3060 5303 3203 5356 inter
3241 5317 3417 5356 meras
3462 5317 3619 5357 crea-

2049 5392 2213 5450 turas.
2269 5377 2421 5450 Εἶναι
2473 5376 2620 5450 ΥίόνΓ
2697 5373 3156 5450 [ξθεετὶὺςξιιιίιιιιι.
3215 5373 3278 5425 τὸ
3323 5373 3482 5450 τοῦτο
3547 5375 3620 5450 μζ

2047 5448 2182 5504 εἶναι
2221 5451 2276 5503 ἓν
2317 5449 2408 5503 καί
2454 5445 2669 5498 ταύτόν.
2698 5443 2768 5496 Μ.
2806 5475 2874 5482 -
2914 5443 3104 5498 Addidi
3151 5461 3273 5497 cunt
3311 5448 3468 5498 codd.
3526 5443 3619 5496 τοί

2045 5521 2372 5590 ροςιτοῦτο.

2115 5593 2224 5658 (46)
2256 5591 2421 5656 Vulgo
2455 5600 2563 5636 om.
2589 5601 2673 5658 Te,

2117 5653 2227 5730 (47)
2258 5653 2440 5722 Αὐτὸς
2469 5660 2500 5710 ό
2524 5653 2726 5725 Σωτὴρ
2745 5655 2859 5730 καὶ
2904 5658 3134 5726 Κύριος.
3171 5655 3324 5712 Deest
3349 5653 3501 5710 διόάσ
3525 5671 3629 5713 κει,

2047 5728 2132 5785 vel
2168 5730 2481 5799 παρὶστησι,
2511 5745 2597 5782 .‘Ittt
2636 5728 2808 5783 simile
2832 5729 2982 5797 quid.
3012 5730 3076 5781 Μ.
