4050 6206
337 317 484 378 1009

1269 319 1356 374 DE
1397 319 1932 378 ECCLESIASTICA
1972 316 2364 374 THEOLOGIA
2402 313 2525 368 LIB.
2572 313 2649 368 ιιι.

3438 311 3573 371 1010

337 454 358 487 ι
399 433 774 504 Παράκλητος,
796 432 854 486 ὃν
869 433 978 500 ἐγὼ
1010 431 1208 502 πέμψω
1235 432 1360 503 ὑμῖν
1379 434 1525 504 παρὰ
1553 433 1646 488 τοῦ
1678 436 1899 507 Πατρὸς.

2017 433 2282 489 bibiturus
2323 440 2462 496 eral,
2509 431 2673 484 alium
2723 437 2776 483 et
2831 428 3158 484 distinctum
3197 429 3264 484 ab
3293 428 3404 497 ipso
3431 446 3570 487 esse.

339 545 357 578 ι
395 525 457 578 τὸ
494 524 719 594 Πνεῦμα
750 523 850 592 τῆς
885 522 1163 593 ἀληθείας.
1194 522 1222 574 ὃ
1255 524 1403 594 παρὰ
1446 523 1538 576 τοῦ
1576 526 1784 596 Πατρὸς
1820 528 1909 578 ὲκ-

341 636 359 668 ι
396 617 701 685 πορεύεται,
734 616 938 677 ἐκεῖνος
969 616 1306 686 μαρτυρήσει
1334 618 1461 686 περὶ
1495 617 1651 686 ἐμοῦ,
1690 637 1708 669 ι
1737 617 1801 669 δι’
1835 611 1908 670 ὧν

333 706 590 760 ἁπάντων
633 703 814 772 σαφῶς
861 703 1189 773 παρίστησιν
1229 706 1432 782 ἐκεῖνον
1481 703 1569 756 τὸν
1609 705 1699 756 ὑπ’
1743 705 1908 758 αὐτοῦ

336 785 700 868 πεμπόμενον,
734 795 826 847 καί
855 794 946 846 τὸν
979 794 1240 864 μέλλοντα
1271 796 1397 866 περὶ
1425 795 1588 849 αὐτοῦ
1615 799 1908 868 μαρτυρεῖν

334 889 519 958 ἓτερον
552 881 686 940 εἶναι
722 887 848 954 παρ’
872 885 1082 937 ἑαυτόν.
1125 884 1574 956 Ἐπεξεργὰζεται
1605 887 1660 940 δὲ
1697 887 1787 940 τὸν
1818 888 1908 940 λό-

334 992 429 1043 γον
460 975 538 1028 ἔτι
560 974 779 1042 μᾶλλον,
818 976 914 1027 καὶ
945 973 1012 1026 δι’
1038 967 1112 1026 ὧν
1158 975 1418 1043 ἐπιλέγει,
1459 977 1573 1028 ἀλλ’
1614 976 1760 1044 Ἐγὼ
1793 977 1907 1044 τὴν

334 1066 616 1132 ἀλήθειαν
639 1065 794 1134 ,λέγω
828 1064 990 1134 ὑμῖν,
1020 1065 1309 1134 συμφέρει
1342 1066 1482 1136 ’ὑμῖν
1515 1067 1615 1120 ἵνα
1648 1067 1761 1138 ἐγὼ
1793 1069 1906 1122 ἀπ-

333 1157 499 1221 έλθω,
530 1156 637 1210 ἐὰν
666 1157 774 1226 γὰρ
801 1156 886 1226 μὴ
913 1155 1171 1219 ἀπέλθω,
1197 1159 1229 1210 ὁ
1256 1157 1645 1234 Παράκλητος
1676 1162 1785 1212 οὐκ
1810 1159 1905 1227 ἕρ-

333 1265 490 1318 χεται
512 1248 660 1315 πρὸς
690 1245 862 1316 ὑμᾶς.
913 1249 1052 1300 Ἐὰν
1077 1247 1144 1299 δὲ
1165 1247 1453 1316 ert-psum?»
1486 1248 1697 1317 πέμψω
1722 1249 1906 1303 αὐτὸν

333 1339 479 1407 πρὸς
505 1338 677 1408 ὑμᾶς.
729 1339 1004 1391 Ἀπελοεῖν
1029 1339 1083 1390 δὲ
1114 1340 1305 1391 ἑαυτὸν
1327 1339 1497 1407 λέγων
1534 1340 1592 1392 ἐν
1614 1340 1822 1404 τούτοις
1845 1358 1903 1392 τε

332 1431 390 1484 τὸ
430 1431 601 1493 πάθος
647 1429 836 1482 ἑαυτοῦ
867 1431 1124 1500 ἐσήμαινε
1165 1432 1257 1482 καὶ
1287 1429 1381 1501 τὴν
1416 1430 1552 1500 μετὰ
1579 1431 1739 1484 τοῦτο
1771 1432 1904 1502 πρὸς

332 1521 420 1575 τδν
459 1521 676 1592 Πατέρα
710 1520 910 1574 ἄνοδον.
944 1521 1038 1583 Τίς
1069 1519 1162 1574 οὖν
1196 1521 1365 1584 οὕτως
1399 1522 1619 1590 ἠλίθιος,
1658 1523 1732 1586 ὡς
1768 1522 1904 1592 μετὰ

329 1614 598 1668 τοσαύτας
631 1613 812 1683 φωνὰς
847 1613 942 1666 ἕνα
978 1612 1070 1665 καὶ
1104 1612 1193 1665 τὸν
1227 1613 1386 1664 αὑτὸν
1418 1610 1555 1666 εἶναι
1583 1615 1766 1684 φάναι.
1800 1614 1903 1667 Τὸν

331 1705 506 1757 ταῦτα
534 1704 757 1772 λέγοντα
779 1705 870 1757 καὶ
897 1704 986 1756 τὸν
1016 1704 1140 1773 περὶ
1160 1697 1222 1757 οῦ
1253 1703 1402 1756 ταῦτ’
1431 1704 1633 1772 ἔλεγεν,
1688 1705 1900 1758 ἀκούων

2013 525 2327 580 Sermonem
2370 536 2499 576 vero
2544 521 2718 576 adlmc
2759 519 2986 588 amplius
3024 520 3385 590 promovendo
3421 536 3573 590 pera-

2010 616 2104 686 git,
2129 616 2254 669 dum
2286 612 2552 676 subinfert
2578 632 2590 668 :
2621 613 2728 682 Ego
2751 613 3016 666 veritatem
3047 612 3187 667 vobis
3219 613 3356 679 dico,
3383 615 3575 668 condu-

2008 707 2076 760 cit
2106 707 2243 761 vobis
2281 715 2338 760 ut
2378 723 2470 777 ego
2513 706 2719 761 abeam.
2767 703 2904 759 Nam
2933 705 2978 758 si
2998 721 3088 773 ego
3118 720 3219 759 non
3245 705 3441 770 abiero,
3465 701 3574 758 Pa-

2008 797 2232 851 racletus
2264 797 2350 852 ille
2380 814 2480 851 non
2507 799 2668 852 veniet
2690 798 2759 850 ad
2779 813 2864 851 vos
2885 814 2903 861 ;
2925 798 3062 866 quod
3085 798 3128 850 si
3156 813 3425 863 recessero,
3454 813 3571 852 cum

2007 904 2099 958 ego
2134 889 2204 941 ad
2234 903 2318 940 vos
2349 888 2553 940 mittam
2577 889 2643 940 ⁷³.
2685 887 2817 942 Cum
2855 901 2913 940 se
2955 886 3222 941 abiturum
3264 885 3421 952 dixit,
3449 901 3570 955 pas—

2007 980 2210 1033 sionem
2245 994 2394 1032 suam
2423 979 2505 1033 hic
2550 978 2844 1032 insinuavit
2879 995 2893 1030 :
2924 985 3124 1046 etpost
3163 977 3306 1031 illam
3341 978 3568 1032 reditum

2008 1086 2164 1125 suum
2193 1071 2256 1125 ad
2293 1070 2528 1125 Patrem.
2569 1070 2698 1136 Quis
2747 1069 2859 1138 jam
2906 1070 3040 1123 adeo
3085 1069 3293 1133 delirat,
3349 1078 3406 1123 ut
3450 1079 3571 1138 post

2009 1173 2084 1216 tot
2127 1178 2285 1218 voces
2317 1173 2370 1217 et
2423 1171 2601 1224 tantas
2634 1177 2795 1216 unum
2837 1162 3190 1228 ettmdemque
3220 1169 3370 1230 putet
3419 1160 3565 1215 illum

2007 1267 2146 1318 esse,
2200 1252 2291 1320 qui
2346 1253 2441 1304 ista
2500 1251 2754 1319 loquitur,
2795 1259 2847 1304 et
2880 1250 3026 1303 illum
3087 1250 3153 1305 de
3179 1266 3284 1319 quo
3323 1251 3568 1304 dicuntur

2007 1343 2128 1405 ista,
2165 1341 2429 1412 praecipue
2463 1358 2583 1396 cum
2618 1341 2762 1396 illum
2803 1343 2973 1410 ipsum
3014 1340 3232 1396 disertis
3267 1340 3446 1397 verbis
3487 1342 3567 1394 di-

2005 1445 2214 1489 centem
2261 1434 2466 1498 audiat,
2521 1448 2580 1488 se
2632 1434 2812 1488 dicere
2863 1433 3170 1498 veritatem,
3202 1441 3256 1486 et
3285 1431 3566 1485 veritatem

2006 1524 2171 1592 illam,
2207 1540 2325 1594 quae
2355 1534 2516 1590 esset,
2568 1533 2943 1592 exponentem,
2986 1507 3238 1578 nimirum
3271 1525 3413 1592 quod
3465 1522 3566 1576 nisi

2004 1617 2183 1671 abiret
2219 1617 2353 1686 ipse,
2393 1616 2704 1672 Paraeletus
2740 1632 2843 1671 non
2884 1617 3114 1670 veniret.
3148 1615 3297 1682 Quod
3338 1615 3380 1670 si
3404 1630 3568 1682 oppo-

2006 1715 2163 1760 natur
2192 1708 2392 1762 dictum
2421 1723 2540 1762 esse
2564 1707 2852 1772 interdum,
2884 1706 3410 1761 Patreut'tuissurum
3447 1723 3566 1762 esse

333 1795 500 1849 αὐτοῦ
534 1796 715 1864 σαφῶς
746 1796 1110 1866 διοριζομένου
1133 1796 1227 1866 τὴν
1251 1796 1506 1866 ἀλήθειαν
1531 1796 1778 1865 φάσκειν,
1809 1798 1899 1852 καὶ

2001 1806 2246 1851 sanctum
2290 1797 2546 1867 Spiritum
2584 1816 2599 1852 :
2631 1798 2894 1853 interdum
2936 1813 3064 1852 vero
3112 1800 3414 1866 ipsummet,
3456 1815 3558 1854 nou

331 1885 418 1948 τίς
456 1887 486 1955 ἡ
513 1885 733 1956 ἀλήθεια
764 1885 1128 1958 παριστῶντος
1167 1887 1242 1950 ὡς
1268 1889 1315 1939 εἰ
1355 1887 1428 1956 μὴ
1458 1886 1684 1940 ἀπέλθοι
1715 1888 1896 1951 αὐτὸς,

337 1977 415 2048 μὴ
441 1978 505 2031 ἂν
546 1980 672 2032 ποτὲ
699 1979 838 2045 ἕξειν
871 1979 930 2031 τὸ
969 1978 1118 2048 ἅγιον
1166 1980 1407 2050 Πνεῦμα.
1448 1981 1510 2033 Ei
1547 1981 1603 2033 δέ
1645 1999 1774 2034 ποτε
1803 1983 1900 2053 μὲν

332 2069 426 2123 τὸν
477 2071 691 2142 Πατέρα
735 2071 966 2142 πέμψειν
1007 2072 1066 2126 τὸ
1113 2071 1335 2141 Πνεῦμα
1374 2072 1434 2125 τὺ
1476 2073 1649 2140 ἅγιον,
1681 2074 1810 2126 ποτὲ
1843 2073 1899 2126 δὲ

333 2161 520 2215 ἑαυτὸν
547 2162 850 2234 διορίζεται,
873 2165 972 2218 οὐκ
989 2165 1204 2218 ἐναντία
1225 2164 1462 2235 δήπουθε
1483 2165 1738 2220 διδάσκει·
1765 2167 1898 2219 πάν-

331 2269 400 2305 τα
447 2253 554 2324 γὰρ
590 2256 688 2308 ὅσα
731 2255 797 2310 ἃν
831 2257 1000 2328 βλέπῃ
1031 2257 1120 2310 τὸν
1152 2256 1368 2328 Πατέρα
1410 2256 1685 2322 ποιοῦντα,
1727 2257 1901 2310 ταῦτα

330 2345 526 2412 ὁμοίως
559 2348 650 2399 καὶ
689 2349 718 2400 6
750 2348 876 2410 Υἱὸς
907 2351 1076 2400 ποιεῖ’
1119 2349 1210 2400 καὶ
1243 2347 1424 2412 καθὼς
1454 2348 1661 2414 ἀκούει,
1705 2346 1896 2420 κρίνει.

333 2438 444 2507 (56)
469 2441 558 2492 Διὸ
585 2443 648 2510 τῇ
671 2439 763 2493 τοῦ
786 2440 994 2511 Πατρὺς
1024 2440 1218 2511 κρίσει,
1241 2440 1327 2494 ὅτε
1351 2441 1444 2493 καὶ
1469 2439 1712 2510 βούλεται
1741 2442 1768 2492 6
1793 2443 1899 2494 Πα-

329 2526 450 2597 τὴρ.
471 2528 764 2598 τηνικαῦτα
786 2530 814 2581 6
837 2529 962 2593 Υἱὸς
988 2530 1080 2582 καὶ
1099 2530 1164 2582 δι’
1191 2529 1350 2582 αὑτοῦ
1380 2531 1407 2582 6
1433 2527 1617 2599 Σωτὴρ
1641 2527 1900 2580 ἀποστέλ-

329 2619 412 2672 λει
431 2620 544 2682 τοῖς
572 2619 682 2689 (57)
706 2619 869 2672 αὐτοῦ
899 2619 1166 2690 μαθηταῖς
1195 2620 1255 2672 τὺ
1275 2618 1493 2689 Πνεῦμα
1523 2620 1620 2689 τῆς
1646 2618 1899 2690 ἀληθείας

332 2706 396 2760 τὸ
425 2707 801 2778 Παράκλητον,
823 2707 958 2778 πρὸς
992 2708 1052 2760 τὸ
1087 2707 1420 2780 παρακαλεῖν
1445 2707 1640 2770 αὐτοὺς
1669 2709 1761 2761 καὶ
1794 2725 1898 2760 πα-

339 2796 693 2868 ραμυθεῖσθαι
742 2799 824 2867 ἐφ’
849 2793 928 2860 οἷς
953 2799 1310 2870 κηρύττοντες
1348 2799 1408 2850 τὸ
1438 2799 1765 2867 Εὐαγγέλιον
1794 2799 1897 2852 ὑπὸ

335 2887 443 2939 τῶν
464 2885 790 2940 ἐλαυνόντων
815 2889 1006 2952 αὐτοὺς
1032 2889 1283 2959 ἔπασχον.
1313 2889 1386 2942 Οὐ
1417 2888 1574 2956 μόνον
1595 2889 1650 2942 δὲ
1674 2889 1809 2963 πρὸς
1839 2891 1898 2943 τὸ

2003 1891 2114 1958 ipse
2137 1891 2238 1944 sibi
2280 1891 2367 1944 ltic
2410 1891 2681 1946 contraria
2711 1892 2885 1946 docet.
2916 1890 3104 1946 Omnia
3139 1891 3282 1946 enim
3317 1907 3432 1960 qua:
3479 1894 3586 1946 vi-.

2002 1982 2140 2035 derit
2189 1982 2399 2036 Patrem
2460 1981 2764 2046 facientem,
2806 1982 2992 2036 eadem
3033 1983 3280 2038 similiter
3318 1995 3368 2037 et
3397 1983 3558 2047 Filius

2005 2078 2062 2135 >14
2101 2071 2265 2127 facit:
2303 2082 2357 2127 et
2381 2073 2830 2142 quemadmodum
2865 2073 3040 2137 audit,
3069 2073 3376 2142 itajudicat.
3420 2077 3560 2141 Quo-

2001 2165 2143 2219 circa
2184 2166 2480 2220 secundum
2525 2163 2784 2232 judicium
2837 2164 3036 2230 Patris,
3071 2176 3124 2220 et
3157 2165 3316 2220 Pater
3351 2170 3563 2234 quando

1999 2255 2131 2320 vult,
2159 2265 2214 2310 et
2246 2267 2356 2308 tum
2381 2270 2502 2310 cmn
2537 2254 2666 2309 velit
2690 2254 2858 2310 Filius
2893 2255 3149 2311 Servatur
3181 2266 3363 2311 noster
3394 2275 3407 2310 :
3437 2260 3562 2311 mit-

2002 2344 2062 2396 tit
2091 2345 2155 2397 ad
2192 2346 2480 2410 discipulos
2500 2359 2627 2398 suos
2659 2345 2905 2412 spiritum
2937 2345 3178 2399 veritatis
3207 2344 3562 2414 Paracletum,

1997 2433 2089 2501 qui
2124 2434 2434 2509 παρακὰλῃ,
2486 2433 2540 2489 id
2568 2442 2649 2488 est
2689 2433 3015 2496 consoletur,
3064 2435 3346 2498 confortet,
3386 2446 3440 2492 et
3465 2440 3562 2492 ad-

2001 2525 2245 2579 ltortetur
2282 2538 2376 2579 eos
2415 2525 2482 2578 ad
2511 2525 2780 2595 patienter
2813 2524 3172 2579 sull'ereudum
3209 2525 3260 2579 in
3292 2526 3560 2596 Evangelii

1998 2612 2428 2677 annuntiatione,
2462 2621 2684 2683 propter
2706 2627 2864 2681 quam
2903 2623 3056 2666 erant
3092 2615 3418 2682 exagitandi.
3454 2615 3563 2670 Nec
3655 2653 3665 2663 .

1996 2701 2063 2754 ad
2095 2700 2214 2756 illos
2255 2702 2594 2757 solummodo
2624 2700 3003 2763 consolandos,
3059 2703 3149 2757 sed
3203 2703 3560 2758 instituendos

1998 2795 2215 2863 insuper
2250 2793 2301 2848 iu
2335 2794 2480 2848 omni
2518 2795 2740 2849 veritate
2785 2794 2902 2847 novi
2947 2793 3185 2857 hederis,
3223 2809 3380 2864 quam
3426 2798 3558 2848 reci-

1997 2902 2123 2956 pere
2152 2902 2182 2940 a
2231 2886 2472 2941 doctrina
2516 2885 2820 2940 Servatoris
2855 2901 2958 2940 non
2991 2895 3098 2938 tum
3133 2895 3399 2954 poterant,
3436 2904 3558 2944 cum

336 2980 669 3050 παρακαλεῖν
688 2981 900 3046 αὐτοὺς,
928 2981 1058 3047 ἀλλὰ
1093 2981 1187 3036 καὶ
1222 2982 1356 3052 πρὸς
1381 2982 1440 3034 τὸ
1461 2981 1670 3048 διδάξαι
1700 2983 1892 3047 αὐτοὺς

2001 2979 2135 3033 inter
2160 2978 2304 3048 ipsos
2353 2987 2680 3038 versaretur,
2722 2993 2785 3032 eo
2815 2977 2952 3046 quod
2978 2976 3211 3032 Judairte
3241 2979 3558 3051 paedagogia:

337 3074 516 3123 πᾶσαν
549 3071 644 3142 τὴν
689 3071 938 3142 ἀλήθειαν
990 3073 1087 3143 τῆς
1126 3074 1318 3144 καινῆς
1364 3073 1648 3144 διαθήκης,
1687 3075 1754 3145 ἢν
1799 3076 1899 3128 οὑκ

337 3161 574 3233 ἐχώρουν
591 3163 698 3234 (58)
747 3163 850 3217 ὑπὸ
873 3164 964 3217 τοῦ
1000 3165 1247 3237 Σωτῆρος
1279 3158 1639 3227 διδάσκεσθαι,
1666 3167 1899 3237 ὁπηνίκα

335 3253 506 3307 ταῦτα
521 3255 698 3320 αὐτοῖς
713 3256 901 3327 ὡμίλει
915 3256 1001 3310 διὰ
1017 3257 1077 3310 τὸ
1094 3255 1170 3311 ἔτι
1186 3260 1250 3328 τῇ
1267 3257 1528 3328 Ἰουδαῖκῇ
1547 3257 1899 3312 δεδουλῶσθαι

335 3347 544 3416 ἀγωγῇ.
569 3347 747 3401 Ταῦτα
773 3349 829 3401 δὲ
857 3349 1037 3422 ἔργοις
1060 3351 1296 3422 ἐπλήρου
1326 3349 1462 3420 μετὰ
1489 3351 1584 3419 τὴν
1607 3352 1668 3401 ἐκ
1692 3350 1898 3421 νεκρῶν

333 3436 621 3492 ἀνάστασιν
649 3440 834 3504 αὐτοῦ,
867 3443 986 3514 μεθ’
1016 3443 1081 3513 ἦν
1104 3440 1269 3495 είπὼν
1309 3445 1374 3513 τῇ
1415 3442 1621 3513 Μαρίᾳ,
1656 3440 1750 3506 Μή
1779 3459 1898 3510 μου

333 3527 542 3594 ἅπτου,
569 3532 730 3584 οὔπω
742 3535 851 3602 γὰρ
867 3534 1202 3601 ἀναϐέϐηκα
1223 3532 1370 3601 πρὸς
1392 3533 1499 3587 τὸν
1513 3533 1740 3601 Πατέρα
1755 3552 1894 3603 μου.

335 3622 668 3677 Μετὰταῦτα
699 3627 832 3696 (58')
875 3627 969 3681 ἅτε
1004 3627 1066 3700 δὴ
1107 3627 1447 3699 ἀνεληλυθὼς
1484 3628 1618 3700 πρὸς
1651 3627 1741 3680 τὸν
1784 3628 1897 3680 Πα-

335 3713 482 3784 τέρα,
504 3719 612 3780 τοῖς
639 3717 901 3788 μαθηταῖς
917 3718 1090 3790 ὤφθη,
1110 3720 1204 3773 τοῦ
1237 3721 1392 3790 ἁγίου
1418 3719 1558 3772 livet}
1567 3735 1735 3789 ματος
1767 3718 1900 3770 ἁπε-

338 3805 624 3877 σταλμένου
660 3810 752 3862 καὶ
769 3811 1014 3876 συνόντος
1030 3811 1210 3877 αὐτοῦ,
1230 3811 1444 3881 ἐτοιμοῦ
1473 3827 1531 3862 τε
1557 3809 1898 3881 παρεστῶτος

333 3889 580 3966 είς(58⁹⁶)
611 3898 676 3967 ἣν
703 3898 958 3952 τέτακται
1003 3901 1294 3967 διακονίαν,
1329 3902 1417 3954 ὅτε
1434 3901 1524 3952 καὶ
1543 3899 1775 3968 ἅψασθαι
1799 3899 1896 3950 αὐ-

330 3986 424 4041 τοῦ
449 3990 749 4060 ἐπιτρέπει.
799 3989 932 4044 Τότε
975 3992 1081 4063 γὰρ
1115 3992 1296 4054 αὐτοῖς
1320 3989 1618 4060 ἐνεφύσησε
1657 3990 1752 4042 καὶ
1779 3988 1898 4039 τότε

337 4079 497 4149 μέρος
517 4098 568 4133 τι
593 4082 925 4153 χαρίσματος
954 4083 1046 4137 τοῦ
1081 4084 1235 4152 ἁγίου
1268 4081 1581 4152 Πνεύματος
1612 4081 1812 4142 αὐτοῖς,
1840 4078 1899 4130 τὸ

332 4170 432 4240 τῆς
479 4172 721 4240 ἀφέσεως
781 4174 888 4228 τῶν
929 4175 1339 4246 ἁμαρτημάτων
1383 4171 1658 4243 ποιητικὸν
1691 4170 1892 4223 ἐδίδου·

331 4260 618 4333 διαιρέσεις
654 4263 761 4334 γὰρ
807 4266 1155 4335 χαρισμάτων
1195 4264 1330 4318 είσὶν
1366 4258 1440 4316 ὧν
1474 4264 1536 4315 ὲκ
1569 4260 1763 4332 μέρους
1799 4259 1896 4328 μὲν

1999 3069 2342 3122 inservirent.
2399 3066 2523 3123 Haec
2575 3068 2748 3138 reipsa
2796 3067 3104 3135 aditnplevit
3163 3077 3284 3134 post
3328 3085 3478 3124 suam
3528 3089 3556 3123 ιι

1999 3163 2226 3217 mortuis
2267 3161 2737 3225 resurrectionem,
2771 3175 2894 3214 cum
2941 3160 3120 3215 Mariae
3161 3162 3384 3227 diceret,
3431 3161 3559 3218 Noli

1998 3268 2078 3305 me
2114 3261 2349 3322 tangere,
2395 3253 2627 3306 nondum
2647 3254 2785 3308 enim
2809 3255 3018 3306 escendi
3041 3255 3108 3305 ad
3133 3251 3350 3307 Patrem
3389 3272 3558 3310 meum

1997 3353 2042 3394 et
2075 3341 2288 3394 Patrem
2335 3353 2560 3396 vestrum
2580 3343 2649 3396 ".
2705 3342 2966 3409 Deinceps
3002 3357 3125 3396 vero
3179 3353 3430 3414 tanquam
3465 3348 3558 3416 qui

1998 3435 2316 3486 ascenderat
2348 3433 2412 3485 ad
2452 3431 2689 3494 Patrem,
2723 3433 2870 3487 visus
2917 3442 3000 3487 est
3025 3435 3301 3503 discipulis
3337 3439 3470 3502 suis,
3505 3441 3557 3494 in

2000 3522 2253 3576 missione
2277 3521 2510 3591 Spiritus
2533 3523 2729 3586 sancti,
2755 3532 2810 3576 et
2839 3538 2960 3576 cum
2994 3525 3058 3576 iis
3095 3526 3429 3589 versabatur,
3467 3543 3563 3596 pa-

1999 3624 2283 3682 ratmuque
2311 3628 2369 3668 se
2399 3612 2662 3678 exhibuit,
2699 3614 2786 3682 qui
2825 3614 2877 3668 in
2904 3613 3022 3668 Filii
3072 3614 3344 3671 iunctione
3373 3632 3558 3672 recen-

1997 3717 2226 3768 seretur,
2274 3705 2488 3775 quando
2537 3714 2589 3759 et
2625 3706 2769 3776 tangi
2824 3720 2882 3761 se
2926 3706 2993 3760 ab
3035 3707 3137 3762 iiiis
3192 3707 3554 3777 permittebat.

1997 3795 2147 3849 Tunc
2187 3796 2315 3864 ipsis
2353 3793 2639 3848 iusuﬂlavil
2675 3815 2686 3850 :
2721 3806 2778 3850 et
2827 3807 2952 3853 tunc
2993 3798 3224 3867 Spit-itus
3253 3799 3556 3869 portionem

1998 3887 2062 3940 iis
2095 3888 2408 3956 impertivit,
2435 3905 2556 3942 cum
2601 3887 2904 3943 laettltatem
2937 3891 3194 3944 tribueret
3224 3901 3441 3959 peccata
3470 3908 3550 3945 re-

1998 3979 2263 4033 mitteudi.
2315 3981 2451 4033 Sunt
2481 3980 2678 4033 etenim
2719 3980 3007 4035 divisiones
3036 3983 3326 4051 gratiarum
3367 3999 3380 4034 :
3423 3998 3556 4051 qua-

2000 4087 2114 4124 rum
2143 4082 2348 4140 partem
2385 4081 2494 4125 tum
2535 4072 2602 4126 iis
2630 4073 2940 4140 impertivit,
2965 4088 3086 4129 eum
3119 4089 3236 4127 cum
3279 4075 3343 4127 iis
3371 4089 3555 4127 versa-

1997 4171 2183 4217 retur:
2233 4172 2351 4231 post
2401 4163 2514 4216 haec
2545 4162 2731 4232 majori
2776 4164 2944 4217 multo
2972 4175 3026 4218 et
3065 4165 3364 4232 perl'ectiori
3408 4175 3557 4232 pote-

1999 4261 2138 4306 state
2162 4251 2470 4320 adimplevit
2496 4268 2510 4304 :
2535 4251 2600 4306 de
2626 4268 2728 4322 qua
2755 4253 2968 4308 dicebat
3005 4255 3067 4308 iis
3095 4257 3145 4308 in
3183 4255 3404 4309 Actibus
3435 4271 3557 4323 apo-

333 4352 510 4416 αὐτοῖς
534 4354 801 4424 ἐδωρεῖτο,
836 4357 954 4410 τότε
983 4357 1152 4411 συνὼν
1181 4357 1273 4412 καὶ
1293 4354 1480 4428 παρὼν
1513 4355 1692 4415 αὐτοῖς
1737 4351 1891 4405 Μετὰ

2001 4342 2224 4404 Italicis,
2273 4341 2373 4394 Vos
2409 4343 2667 4410 recipietis
2720 4354 3018 4410 potestatem
3052 4360 3114 4396 ex
3160 4342 3284 4406 alto,
3324 4359 3558 4409 superve-

331 4441 388 4494 δὲ
416 4442 582 4496 ταῦτα
615 4445 855 4515 μείζονος
884 4448 1077 4511 αὐτοὺς
1116 4448 1209 4502 καὶ
1242 4447 1351 4517 (59)
1385 4444 1709 4515 τελεωτέρας
1733 4441 1893 4495 δυνά-

333 4549 477 4605 μεως
524 4536 791 4608 ἐπλήρου·
829 4539 956 4608 περὶ
988 4536 1056 4610 ἦς
1083 4543 1140 4592 ὲν
1179 4542 1298 4604 ταῖς
1343 4537 1578 4610 Πράξεσι
1621 4534 1728 4586 τῶν
1761 4535 1894 4586 ἀπο-

331 4628 530 4683 στόλων
561 4632 694 4701 πρὸς
721 4632 914 4695 αὐτοὺς
936 4632 1060 4702 ἔφη,
1101 4630 1295 4700 ’Υμεῖς
1318 4630 1385 4683 δὲ
1407 4630 1475 4697 ἐξ
1498 4629 1692 4697 ὕψους
1717 4625 1895 4678 δύνα-

324 4735 432 4787 μιν
464 4721 819 4786 ἐπελθόντος
866 4722 968 4776 τοῦ
1004 4724 1173 4792 ἁγίου
1215 4724 1554 4790 Πγεύματος
1593 4718 1684 4787 ἐφ’
1715 4717 1889 4784 ὑμᾶς,

329 4809 420 4863 ὅτε
449 4811 540 4862 καὶ
565 4811 934 4882 βαπτήσεσθαι
959 4814 1153 4877 αὐτοὺς
1184 4816 1240 4866 ἐν
1267 4813 1538 4883 Πνεύματι
1566 4810 1704 4880 ἁγίῳ
1723 4810 1892 4876 ἐπηγ-

333 4900 570 4969 γέλλετο,
598 4903 626 4955 ὃ
662 4904 725 4974 δὴ
765 4905 858 4956 καὶ
885 4905 1014 4958 αὐτὸ
1040 4904 1339 4976 ἐπληροῦτο
1382 4902 1518 4974 μετὰ
1558 4900 1652 4971 τὴν
1696 4896 1894 4965 ἀνάλη-

332 4991 424 5061 ψιν
468 4993 631 5047 αὐτοῦ
677 4994 788 5065 (60)
823 4995 961 5049 κατὰ
990 4996 1086 5067 τὴν
1134 4997 1342 5067 ἡμέραν
1387 4995 1484 5065 τῆς
1518 4990 1892 5060 Πεντηκοστῆς

1997 4433 2167 4487 nieme
2200 4435 2253 4485 in
2282 4449 2368 4486 vos
2400 4433 2602 4500 Spiritu
2645 4443 2824 4486 sancto
2856 4433 2920 4486 7‘.
2944 4433 3166 4500 Quando
3188 4444 3243 4487 et
3281 4434 3558 4500 baptizan-
3587 4454 3590 4455 ν

1996 4525 2091 4578 dos
2135 4525 2350 4578 eosdem
2408 4526 2458 4577 iu
2506 4523 2706 4592 Spiritu
2747 4535 2935 4579 sancto
2984 4527 3346 4592 promittebat.
3405 4525 3556 4590 Quod

1997 4616 2169 4684 ipsum
2220 4628 2338 4686 post
2375 4620 2745 4672 ascensionem
2784 4635 2936 4674 suam
2979 4619 3320 4687 implebatur,
3371 4619 3423 4672 in
3472 4621 3558 4675 die

1999 4705 2362 4770 Peutecostes,
2411 4710 2572 4764 misso
2600 4725 2762 4777 super
2810 4725 2921 4776 eos,
2953 4711 3398 4780 quemadmodum
3439 4711 3554 4765 edi-

2001 4811 2152 4853 xerat
2187 4802 2320 4870 ipse,
2355 4802 2556 4871 Spiritu
2586 4813 2790 4861 sancto.
2833 4804 2966 4856 (Iunt
2994 4819 3124 4857 vero
3147 4804 3294 4858 locus
3319 4805 3419 4857 iste
3442 4819 3558 4856 ma-

1993 4891 2097 4960 jori
2132 4893 2393 4950 adhucet
2435 4895 2710 4964 perspicua
2763 4895 2933 4964 magis
2960 4904 3117 4962 egeat
3155 4894 3552 4956 dilucidattoue,

2001 5000 2104 5038 uou
2137 4995 2219 5040 est
2245 4999 2600 5055 Opportunum
2643 4992 2692 5043 in
2722 4988 2968 5056 praesenti
3000 4988 3050 5040 iu
3071 5001 3188 5041 eam
3248 4985 3557 5040 incumbere

396 5168 464 5233 is
499 5170 590 5226 Ed.
635 5171 829 5234 Paris.,
865 5188 985 5243 pag.
1024 5174 1143 5228 172.
1175 5173 1392 5228 "Joan.
1430 5189 1540 5237 va,
1571 5173 1621 5226 7.
1695 5173 1740 5204 ⁷³
1773 5171 1899 5233 Joan

2001 5176 2165 5238 v.17.
2229 5177 2273 5206 “
2300 5178 2416 5231 Act.
2447 5193 2484 5241 I,
2511 5178 2562 5230 8.

555 5333 648 5409 mo
676 5332 751 5402 τῇ
791 5333 896 5388 τοῦ
925 5333 1148 5402 Πατρός
1181 5335 1392 5409 κρίσει.
1447 5336 1737 5409 Sequentia
1781 5336 1893 5409 [ubi

333 5400 501 5456 delevi
537 5402 626 5455 καί
660 5400 793 5474 post
820 5421 998 5472 τηνικ.
1048 5400 1176 5474 ξοιιιιι
1209 5400 1392 5473 eodm]
1439 5400 1548 5463 sic;
1585 5400 1798 5474 opinor;
1822 5407 1895 5460 le-

332 5473 866 5548 ςθιιιιιι.ητηνικαῦτα
899 5475 992 5526 καὶ
1041 5473 1107 5525 δι’
1153 5474 1314 5527 αὑτοῦ
1354 5477 1382 5528 6
1427 5475 1549 5539 Υἱὸς
1578 5473 1671 5529 καὶ
1709 5477 1893 5548 Σωτὴρ

332 5542 667 5597 ἀποστέλλει.
704 5543 773 5598 Μ.

405 5611 518 5682 (57)
557 5613 719 5682 ΫιιΙςιι
743 5615 957 5668 ἑαυτοῦ.

404 5681 516 5755 (ἕξ)
558 5681 721 5755 V_t_tlgo
752 5685 935 5755 616nm
960 5700 1077 5737 mox
1113 5686 1176 5736 ὲκ
1205 5684 1311 5738 τῶν
1341 5684 1564 5755 νεκρῶν.

403 5750 538 5820 (58°)
581 5753 744 5822 Vulgo
767 5753 829 5824 δὴ
852 5754 963 5806 ἅτε.

2064 5343 2222 5413 (58")
2239 5341 2418 5413 vulgo
2442 5341 2584 5413 Υἰόν.
2986 5367 2990 5369 -

2065 5402 2180 5484 (59)
2205 5402 2216 5411 ’
2239 5402 2425 5484 Vulgo
2455 5411 2722 5484 τελειωτ.,
2763 5420 2834 5484 et_
2867 5423 2988 5461 mox
3040 5407 3212 5484 ausi;
3244 5405 3397 5484 λήιιι.⁵
3426 5402 3554 5458 Dein

1995 5477 2554 5554 νιιῐςοέπηγγείλετο,
2586 5483 2725 5549 quod
2761 5479 2948 5534 saltem
2984 5489 3104 5532 esse
3133 5477 3359 5532 debebat
3381 5477 3553 5544 ἐπηγ-

1994 5554 2385 5744 γῦξὲθῗανιιιεο
2437 5623 2590 5689 μετά,
2641 5630 2694 5673 et
2732 5634 2848 5673 mox
2904 5615 3178 5681 ὑπεξιέναι
3234 5626 3286 5671 et
3339 5614 3463 5670 ἐπεὶ
3497 5613 3557 5668 δὲ

1997 5709 2067 5744 ατ.
2103 5731 2147 5744 υ.
2575 5705 2584 5714 ⁸

1996 5705 2147 5764 μηδὲ.
2575 5705 2584 5714 “
