4050 6206
502 314 632 375 1οη

1161 319 1428 377 EUSEBII
1466 322 1947 379 CESARIENSIS
1984 319 2132 380 OPP.
2175 323 2352 378 PARS
2392 323 2482 380 IV.
2520 355 2588 365 —
2628 320 3042 381 DOGSIATICA.

3583 320 3727 374 tot!

499 440 988 506 interpretationem
1041 457 1052 492 :
1101 441 1298 511 quippe
1343 458 1464 496 cum
1525 443 1612 499 hic
1669 446 1797 499 mibi
1832 447 2047 501 minime

2152 444 2538 507 ἀποσταλέντος
2580 445 2761 506 αὑτοῖς
2805 443 2898 496 τοῦ
2931 441 3085 510 ἁγίου
3117 439 3429 510 Πνεῦματος
3465 442 3582 503 ταῖς
3624 443 3726 494 αὑ-

497 531 802 597 propositns
823 530 894 583 sit
924 545 1132 598 scopas;
1162 533 1253 584 sed
1289 542 1345 585 ut
1370 533 1619 586 edoceam
1643 535 1908 589 diversum
1935 551 2055 590 esse

498 618 756 684 Spiritum
789 618 932 671 illum
959 617 1290 673 Paracletum
1325 635 1354 672 a
1394 619 1544 674 Filio.
1573 624 1720 689 Quod
1754 625 2057 696 multiplici-

501 722 584 764 ter
621 711 916 778 praestitum
968 721 1050 765 est
1100 715 1323 768 edictis
1383 718 1706 780 Servatoris,
1761 733 1879 770 cum
1937 718 2055 772 aliis

503 813 612 854 tum
652 802 739 863 iis,
765 803 854 855 ubi
886 804 1038 865 dixit.
1077 805 1242 859 Multa
1265 809 1426 861 habeo
1461 809 1596 863 vobis
1625 812 1809 868 dicere,
1842 811 1929 862 setl
1953 827 2053 864 non

495 894 710 957 potestis
739 893 908 946 adhuc
952 909 1160 960 portare
1201 913 1216 948 :
1251 901 1339 952 sed
1377 917 1492 953 cum
1525 901 1787 953 advenerit
1827 900 2052 968 Spiritus

496 983 744 1042 veritatis,
793 984 880 1037 ille
923 1002 1010 1038 vos
1055 988 1285 1040 edocebit
1340 1005 1541 1042 omnem
1591 990 1878 1044 veritatem.
1927 989 2052 1043 Non

497 1070 632 1122 enim
668 1072 906 1142 loquetur
941 1092 973 1127 a
1019 1077 1209 1144 seipso,
1255 1081 1343 1130 sed
1382 1095 1442 1131 ea
1490 1096 1605 1146 qua:
1647 1079 1902 1132 audiverit
1941 1093 1961 1131 :
2001 1090 2051 1132 et

495 1179 611 1230 qua:
631 1176 841 1216 uentura
867 1176 988 1218 sunt
1023 1169 1353 1221 annuntiabit
1379 1170 1534 1222 vobis.
1571 1168 1668 1221 Ille
1691 1186 1769 1222 me
1788 1170 2055 1238 gloriﬁca—

497 1253 568 1304 bit
597 1256 868 1320 'qunniam
887 1257 949 1309 de
976 1273 1085 1310 meo
1111 1259 1350 1325 accipiet,
1384 1270 1430 1312 et
1460 1261 1785 1314 annuutiabit
1811 1262 1946 1314 vobis
1979 1264 2047 1315 ".

500 1348 559 1404 »Β
617 1345 670 1397 ln
725 1345 918 1412 quibus
972 1348 1144 1402 denuo
1194 1351 1499 1418 pollicetur,
1547 1349 1661 1404 fore
1707 1360 1765 1404 ut
1808 1351 2049 1421 discipuli

498 1435 687 1502 ipsius,
713 1437 795 1489 illa
830 1454 923 1507 per
951 1439 1182 1508 Spiritus
1227 1444 1588 1511 magisterium
1618 1444 1906 1508 discerent,
1932 1460 2051 1512 qua:

495 1532 562 1583 ab
604 1531 718 1598 ipso
758 1549 859 1586 non
913 1535 1224 1590 didicerant.
1263 1537 1336 1589 Ita
1382 1546 1628 1605 tanquam
1661 1537 1729 1591 de
1767 1538 2048 1602 distincto,

495 1622 730 1691 loquitur
766 1625 916 1687 illud,
946 1624 1076 1680 Cum
1111 1629 1297 1680 venerit
1329 1629 1457 1691 ille;
1489 1637 1543 1684 et
1586 1628 1709 1682 illud
1733 1669 1748 1694 ,
1780 1628 1920 1682 Nam
1951 1645 2049 1682 non

493 1717 558 1764 de
593 1715 762 1783 seipso
788 1715 1026 1785 loquetur
1052 1733 1072 1782 ;
1103 1728 1151 1772 et
1195 1720 1345 1786 illud,
1385 1720 1484 1775 Ille
1517 1739 1596 1776 me
1622 1722 1970 1792 glori/icabit;
1994 1730 2048 1775 et

2153 534 2246 587 τοῦ
2288 537 2490 602 φωναῖς
2524 533 2846 596 ἀκολούθοις.
2895 531 3140 592 Πλείονος
3175 531 3229 582 δὲ
3265 532 3588 602 ἐξεργασίας
3635 533 3733 584 καὶ

2153 627 2448 696 σαφηνείας
2472 625 2735 695 δεομένων
2771 625 2878 676 τῶν
2907 623 3046 676 κατὰ
3074 624 3164 674 τὸν
3192 624 3372 686 τόπον,
3401 623 3462 677 οὑ
3495 624 3587 676 νῦν
3629 626 3731 676 ἐπ-

2151 717 2345 782 εξιέναι
2376 717 2564 788 καιρὸς
2594 720 2658 787 τῇ
2688 717 2787 786 τῆς
2817 716 3109 780 ἐξετάσεως
3133 714 3403 784 ἀκριϐείᾳ,
3435 714 3554 766 ἐπεὶ
3589 715 3729 785 μηδὲ

2148 809 2442 878 τοῦθ’ἡμῖν
2469 809 2769 878 πρόκειται,
2812 807 3155 877 Παραστῆναι
3178 807 3222 860 δ’
3251 806 3418 876 ἐχρῆν
3448 807 3634 876 ἕτερον
3657 803 3732 858 εἶ-

2150 916 2236 951 ναι
2265 899 2357 951 τοῦ
2385 898 2511 950 Υίοῦ
2536 897 2594 950 τὸ
2619 897 2961 967 παράκλητον
2991 896 3230 966 Πνεῦμα,
3256 895 3283 947 ὃ
3304 895 3367 965 δὴ
3392 901 3482 947 καὶ
3504 895 3726 947 ἀπεδεί-

2151 992 2251 1061 χθη
2294 992 2582 1062 διαφόρως,
2642 988 2707 1042 δι’
2749 985 2822 1041 ὧν
2873 988 3030 1050 αὑτὸς
3083 989 3396 1040 ἐπαίδευσεν
3440 987 3468 1038 ὁ
3506 987 3723 1057 Σωτὴρ,

2150 1083 2286 1152 πρὸς
2318 1100 2376 1134 τε
2406 1085 2516 1144 τοῖς
2557 1082 2734 1144 ἄλλοις
2777 1081 2869 1134 καὶ
2916 1083 2974 1132 ἐν
3005 1075 3084 1143 οἷς
3121 1080 3324 1146 ἔλεγεν,
3355 1082 3476 1130 Ἔτι
3513 1079 3729 1132 πολλὰ

2147 1177 2264 1241 ἐχω
2317 1173 2516 1241 λέγειν
2562 1172 2721 1240 ὑμῖν,
2775 1173 2910 1225 ἀλλ’
2956 1173 3026 1224 οὐ
3083 1170 3346 1222 δύνασθε
3392 1168 3727 1232 ,ϐαστάζειν

2149 1265 2297 1331 ἀρτι,
2347 1263 2490 1315 ὅταν
2535 1263 2600 1314 δὲ
2645 1264 2790 1329 ἔλθῃ
2850 1262 2912 1314 τὸ
2964 1260 3203 1329 Πνεῦμα
3260 1259 3366 1327 τῆς
3408 1260 3718 1324 ἀληθείας,

2149 1353 2492 1423 διηγήσεται
2541 1353 2680 1421 ὑμῖν
2734 1352 2848 1419 τὴν
2892 1353 3178 1417 ἀλήθειαν
3220 1349 3443 1404 πᾶσαν.
3485 1353 3560 1402 Οὐ
3599 1350 3719 1417 γὰρ

2149 1444 2247 1510 ἀφ’
2283 1442 2496 1495 ἑαυτοῦ
2533 1441 2810 1507 λαλήσει,
2845 1441 2979 1494 ἀλλ’
3018 1441 3132 1493 ὅσα
3171 1441 3403 1506 ἀκούσῃ
3427 1460 3438 1472 ·
3487 1440 3581 1493 καί
3641 1441 3720 1493 τὰ

2148 1536 2435 1604 ἐρχόμενα
2471 1533 2786 1603 ἀναγγελεῖ
2821 1533 2982 1601 ὑμῖν·
3039 1532 3266 1597 ἐκεῖνος
3315 1531 3420 1599 ἐμὲ
3449 1530 3717 1597 δοξάσει,

2149 1626 2235 1680 ὅτι
2277 1629 2345 1680 ἐκ
2386 1625 2489 1679 τοῦ
2529 1626 2672 1694 ἐμοῦ
2703 1626 2986 1693 λήψεται,
3038 1625 3134 1677 καὶ
3185 1623 3504 1692 ἀναγγελεῖ
3550 1623 3710 1692 ὑμῖν.

2151 1719 2242 1772 Ἐν
2274 1713 2353 1780 οἷς
2379 1717 2537 1769 πάλιν
2563 1717 2598 1770 ἂ
2639 1717 2712 1787 μὴ
2744 1717 2902 1779 αὑτὸς
2928 1715 3150 1780 ἐδίδαξε,
3180 1713 3348 1766 ταῦτα
3381 1714 3712 1784 μαθήσεσθαι

495 1804 670 1858 adhuc
707 1805 852 1872 illud,
885 1807 959 1860 De
1005 1827 1112 1862 meo
1154 1822 1338 1867 sumet.
1383 1813 1611 1868 Maxima
1655 1815 1794 1869 enim
1835 1821 2052 1868 essetet

2152 1811 2275 1872 τοὺς
2304 1809 2467 1862 αὑτοῦ
2501 1807 2743 1879 μαθητὰς
2772 1808 2874 1860 ὑπὸ
2903 1807 2994 1860 τοῦ
3023 1807 3175 1874 ἁγίου
3208 1806 3520 1875 Πνεὺματος
3545 1809 3713 1872 ἑπαγ-

494 1895 775 1951 dil‘liculter
829 1900 1110 1954 admodum
1176 1905 1410 1958 sananda
1469 1906 1721 1971 latuitas,
1771 1907 2049 1977 imaginari

496 1987 835 2042 Servatorem
889 1992 953 2044 de
1004 1993 1180 2060 seipso
1215 1996 1326 2049 lucc
1378 1997 1596 2052 dixisse.
1651 1999 1784 2054 Cum
1819 2001 1885 2053 ab
1930 2000 2052 2054 istis

495 2078 790 2133 clarissime
841 2081 1236 2138 manifestatum
1273 2101 1300 2137 a
1347 2087 1633 2140 Servatore
1668 2088 1756 2151 sit,
1793 2087 2049 2155 Spiritum

495 2178 738 2221 sanctum
768 2185 796 2221 a
827 2184 884 2222 se
923 2171 1261 2226 distributum
1291 2183 1344 2228 et
1373 2176 1644 2229 diversum
1675 2193 1812 2232 esse.
1839 2177 2051 2232 llouore

496 2266 642 2311 certe
669 2273 789 2312 eum
821 2268 875 2312 et
910 2260 1101 2330 gloria,
1130 2272 1184 2316 et
1217 2265 1370 2319 donis
1413 2267 1735 2322 excellenter
1763 2278 2048 2323 ornatum:

496 2353 592 2405 sed
618 2360 673 2405 et
715 2351 968 2420 majorem
999 2357 1566 2427 trauscendentcmque
1611 2360 1767 2414 docet
1809 2375 1926 2415 esse
1958 2375 2050 2414 su-

499 2457 593 2510 pra
635 2457 846 2498 omnem
878 2445 1292 2502 intellectualem
1340 2459 1392 2503 et
1440 2451 1753 2505 rationalem
1798 2453 2052 2506 substan-

498 2535 626 2587 tiam
660 2553 674 2589 :
705 2537 840 2591 unde
874 2539 924 2591 in
958 2539 1207 2592 unionem
1259 2552 1621 2596 sacrosanctae
1647 2553 1701 2595 et
1734 2543 2052 2596 beatissima:

497 2625 774 2680 Trinitatis
821 2631 1112 2684 assumitur
1143 2645 1155 2685 :
1188 2631 1417 2698 seipsum
1453 2647 1582 2688 vero
1611 2635 1826 2687 minime
1863 2649 2050 2703 super-

495 2729 734 2783 gressum
765 2717 940 2780 docet,
966 2719 1052 2771 ubi
1087 2719 1179 2784 ait,
1211 2719 1330 2772 Non
1368 2722 1502 2774 enim
1527 2738 1558 2772 a
1596 2723 1761 2790 seipso
1793 2723 2048 2791 loquetur,

495 2806 588 2858 sed
605 2823 920 2875 quiscunque
940 2811 1194 2864 audiverit
1227 2811 1486 2882 loquetur.
1514 2817 1584 2866 At
1622 2815 1740 2881 quis
1771 2815 1859 2868 ille
1885 2830 1914 2868 a
1946 2831 2052 2882 quo

500 2897 613 2949 haec
639 2897 872 2952 audiet?
903 2899 1076 2962 docet,
1110 2902 1150 2952 Α
1188 2913 1268 2954 me
1306 2903 1541 2971 accipiet,
1569 2903 1837 2972 inquiens,
1871 2914 1917 2958 et
1956 2922 2052 2958 aa-

499 2989 761 3040 uuatiabit
795 2990 932 3042 vobis
957 3003 976 3049 .'
1000 3006 1027 3042 ιι
1061 3006 1164 3053 me,
1211 2993 1460 3046 nimirum
1513 2995 1785 3050 thesauro.
1824 2993 1964 3046 Nam
1998 2995 2051 3048 in

499 3076 589 3128 illo
632 3085 751 3130 sunt
800 3078 1048 3131 reconditi
1091 3096 1262 3132 omnes
1301 3081 1528 3134 thesauri
1571 3085 1834 3152 sapientia:
1871 3093 1917 3136 et
1967 3101 2052 3137 co-

499 3167 744 3234 gnitionis
765 3169 830 3224 ".
859 3168 946 3222 Ille
977 3169 1092 3225 ideo
1115 3171 1273 3224 Veluti
1306 3172 1471 3227 Filius
1494 3173 1810 3243 unigenitus,
1838 3190 1866 3226 a
1896 3175 2052 3230 Patre

500 3257 749 3326 accipiet,
780 3275 808 3312 a
837 3259 996 3314 Patre
1029 3263 1225 3319 audiet.
1261 3263 1493 3332 Spiritus
1538 3275 1715 3318 autem
1741 3276 1958 3320 sanctus
1985 3268 2051 3321 ab

508 3349 598 3402 illo
631 3361 846 3419 accepta
903 3351 1143 3422 largitur.
1186 3354 1306 3408 Ideo
1336 3358 1434 3421 ait,
1465 3355 1542 3410 De
1587 3375 1698 3412 meo
1749 3359 1976 3429 recipiet,
2004 3370 2052 3414 et

504 3441 830 3494 annuntiabit
879 3443 1038 3497 vobis.
1073 3444 1330 3510 Quocirca
1361 3457 1414 3501 et
1462 3448 1598 3502 Deus
1630 3449 1718 3517 qui
1763 3458 1844 3502 est
1894 3466 2055 3518 super

499 3531 698 3595 omnia,
726 3530 955 3601 Spiritus
976 3535 1169 3589 dicitur
1195 3539 1670 3605 :quemadmodum
1702 3539 1814 3607 ipse
1841 3555 1936 3592 nos
1961 3541 2054 3593 do-

501 3621 613 3675 cuit
665 3622 939 3687 Servator,
976 3624 1114 3679 Deus
1141 3626 1369 3696 Spiritus
1413 3642 1522 3692 est,
1566 3630 1811 3697 iuquieus
1838 3671 1850 3692 ,
1882 3643 1927 3683 et
1969 3630 2056 3700 qui

499 3713 722 3766 adorant
755 3731 890 3779 eum,
917 3717 972 3769 in
1001 3719 1188 3784 spiritu
1217 3729 1262 3771 et
1305 3721 1518 3774 veritate
1552 3723 1772 3774 adorare
1792 3721 2050 3774 debent".

503 3803 721 3872 Eritque
753 3807 1018 3860 Veraciter
1039 3808 1268 3862 Sanctus
1293 3811 1377 3864 ille
1402 3821 1742 3879 sanctorum;
1781 3823 1833 3866 et
1859 3812 1908 3865 iu
1933 3828 2056 3865 san-

498 3895 602 3948 ctis
650 3898 1015 3965 acquiescehs.
1054 3898 1156 3952 Sed
1203 3911 1256 3953 et
1291 3901 1455 3955 Filius
1482 3903 1594 3965 Dei,
1637 3919 1756 3956 cum
1794 3903 1929 3956 Deus
1967 3904 2054 3964 sit,

501 3987 735 4055 Spiritus
764 3997 846 4042 est
877 4007 888 4043 :
924 3999 975 4043 et
1003 3989 1232 4058 Spiritus
1256 4003 1558 4047 sanctorum
1587 4005 1826 4052 Sanctus.
1860 3995 1904 4047 si
1941 4010 2056 4047 mo-

501 4081 569 4132 do
595 4081 664 4133 sit
705 4080 877 4150 imago
913 4081 1193 4136 invisibilis
1224 4084 1335 4137 Dei.
1361 4085 1620 4150 Quocirca
1652 4086 1852 4138 dictum
1881 4093 1964 4138 est
1995 4085 2058 4138 de

502 4169 611 4232 illo,
642 4169 893 4224 Dominus
925 4169 1150 4238 Spiritus
1177 4175 1333 4238 est";
1357 4185 1428 4240 ct,
1451 4175 1844 4242 Spiritusfaciei
1866 4184 2059 4229 nostra:

501 4260 740 4314 Christus
778 4262 1106 4318 Dominus”.
1137 4264 1421 4319 Enimvero
1464 4281 1582 4319 cum
1609 4281 1636 4318 a
1663 4265 1820 4320 Patre
1846 4277 1898 4318 et
1925 4266 2059 4320 Filio

501 4351 571 4404 sit
596 4351 834 4407 diversus
865 4353 1093 4422 Spiritus
1130 4368 1377 4419 sanctus,
1419 4357 1611 4410 idioma
1657 4357 1822 4426 ipsius
1863 4356 2061 4410 indicat

503 4440 777 4506 Servator,
795 4457 990 4498 vocans
1017 4461 1137 4498 eum
1160 4445 1512 4521 Paracletum.
1537 4444 1740 4500 Nomen
1770 4460 2054 4499 commune

502 4533 812 4600 proprietati
835 4535 1104 4602 applicans
1127 4551 1221 4604 per
1249 4537 1731 4590 detmminationem
1762 4535 2050 4598 Paracleti,

499 4637 620 4674 t-um
660 4632 714 4676 et
737 4623 989 4692 angelica:
1011 4626 1169 4678 etiam
1207 4631 1494 4692 potestates
1533 4627 1752 4694 spiritus
1778 4626 1916 4678 sint:
1951 4624 2054 4689 Qui

486 4712 628 4780 facit
663 4715 873 4783 angelos
902 4732 1041 4777 suos;
1096 4716 1166 4768 ita
1198 4716 1391 4768 dicitur
1415 4719 1580 4778 cuitu,
1609 4718 1821 4783 spiritus
1851 4717 1919 4770 '°.
1953 4717 2058 4770 Sed

501 4804 710 4856 Illorum
745 4805 920 4857 nullus
962 4804 1180 4873 Spiritui
1215 4806 1488 4860 Paracleto
1540 4806 1900 4872 atlqultttlltllls
1936 4816 2054 4859 est:

501 4898 640 4949 mule
669 4896 756 4950 ille
797 4899 942 4952 solus
988 4898 1239 4966 Spiritus,
1278 4897 1615 4952 sanctissima
1663 4907 1716 4948 et
1748 4897 2057 4951 beatissima

501 4987 765 5044 Trinitate
810 4992 1301 5059 comprehenditur.
1361 4989 1540 5057 Neque
1579 4989 1733 5042 aliter
1781 4988 2055 5050 Servator,

577 5115 633 5170 FB
673 5108 768 5168 Ed.
805 5107 1000 5172 Paris.,
1053 5123 1172 5176 pag.
1218 5107 1340 5160 175.

504 5171 550 5208 ’⁸
579 5180 782 5233 'lbren.
808 5193 882 5242 tv,
919 5179 1008 5232 20.
1054 5171 1313 5231 ἐο“ιιρι›ι·.
1363 5193 1400 5238 ι,
1430 5175 1480 5230 7.

574 5343 684 5416 (6i)
714 5340 1199 5416 Δυσβεράπευτος
1214 5352 1526 5416 gymnasia.
1565 5337 1737 5390 Semel
1759 5347 1934 5416 atque
1963 5337 2069 5416 ite-

502 5406 624 5482 rum
651 5406 722 5465 ita
748 5406 1016 5482 scrinium
1053 5411 1226 5482 reperi
1270 5410 1322 5463 in
1347 5409 1555 5473 codice,
1592 5423 1688 5478 pro
1719 5407 1938 5477 εὐήθεια
1963 5406 2065 5477 [sic

503 5481 609 5559 Mp.
633 5479 1039 5559 £tll11_ra.].AM.
1069 5553 1080 5559 _
1113 5479 1126 5482 ⁷
1169 5551 1184 5559 _
1327 5550 1340 5559 _
1467 5550 1492 5559 Δ
1529 5547 1556 5559 Δ
1644 5548 1656 5559 .
1815 5547 1827 5559 _
1886 5545 1918 5559 ﬁ
1965 5547 1975 5556 _
2014 5549 2025 5559 .

574 5550 684 5621 (1.2)
730 5545 1132 5618 Ύποϐεϐηκός.
1169 5551 1279 5604 lmo
1319 5547 1710 5620 ὑπερϐεϐηκὸς,
1741 5547 1854 5601 vult
1886 5545 2061 5616 Spiri-

508 5631 616 5674 tum
649 5629 895 5675 sanctqu
930 5623 1187 5687 majorem
1220 5621 1366 5674 omul
1398 5621 1500 5672 alia
1541 5631 1807 5680 tneatura,
1840 5634 1944 5671 uon
1983 5626 2062 5669 ta-

514 5707 623 5744 men
651 5693 902 5761 maiorem
929 5691 1059 5746 Filio
1077 5693 1199 5761 quia
1225 5693 1287 5746 de
1308 5689 1442 5745 Filio
1467 5690 1679 5760 occipit.
1715 5688 1782 5743 Μ.
1804 5689 2057 5744 -Dclcvi

509 5762 601 5834 οὑχ
629 5769 754 5816 ante
779 5759 938 5812 ὑποδ.

1416 5106 1463 5136 ⁷⁵
1499 5103 1652 5158 .loau.
1705 5119 1816 5168 λιι,
1853 5102 2035 5157 ιε-ιι.
2103 5103 2150 5134 ’⁸
2200 5107 2408 5163 Coloss.
2435 5124 2493 5174 ιι,
2526 5109 2579 5166 3.

2151 1900 2415 1965 γέλλεταιο
2477 1899 2550 1962 ὡς
2581 1899 2706 1969 περί
2751 1897 2936 1967 ἐτέρου
2985 1897 3154 1964 λέγων
3202 1896 3282 1957 τὸ,
3337 1898 3521 1948 Ὅταν
3566 1898 3710 1962 ἔλθῃ

2147 1991 2395 2056 ἐκεῖνος,
2437 1991 2528 2043 καὶ
2553 1990 2632 2051 τὸ,
2685 1991 2766 2042 Οὐ
2797 1989 2904 2056 γὰρ
2934 1989 3032 2055 ἀφ’
3057 1987 3274 2040 ἑαυτοῦ
3306 1987 3586 2052 λαλήσει,
3619 1987 3712 2039 καὶ

2148 2082 2230 2144 τὸ,
2249 2080 2511 2146 Ἐκεῖνος
2542 2079 2646 2149 ἐμὲ
2674 2077 2938 2142 δοξάσει,
2965 2078 3056 2130 καὶ
3078 2079 3156 2130 ἔτι
3187 2077 3266 2137 τὸ,
3309 2077 3402 2129 Ἐκ
3433 2077 3537 2130 τοῦ
3569 2076 3713 2144 ἐμοῦ

2150 2175 2407 2240 λήψεται
2429 2190 2442 2202 ο
2487 2171 2656 2225 ταῦτα
2687 2170 2795 2242 γάρ
2828 2171 3004 2224 πάντα
3048 2168 3446 2239 ὑπολαμϐάνειν
3479 2168 3566 2221 τὸν
3598 2170 3711 2220 Σω-

2147 2263 2290 2333 τῆρα
2323 2264 2482 2317 αὑτὸν
2516 2265 2642 2334 περὶ
2675 2262 2864 2315 ἑαυτοῦ
2908 2262 3102 2329 λέγειν,
3133 2260 3277 2330 δεινὴ
3309 2261 3403 2312 καὶ
3437 2261 3546 2330 (6i)
3586 2261 3711 2313 δυσ-

2149 2355 2477 2425 θεράπευτος
2519 2353 2788 2424 συνήθεια.
2833 2352 2991 2405 Ἀλλά
3033 2352 3138 2422 γὰρ
3168 2352 3354 2420 σαφῶς
3393 2352 3479 2405 διὰ
3508 2351 3710 2404 τούτων

2149 2446 2308 2510 αὐτὸς
2333 2449 2360 2500 6
2392 2447 2579 2518 Σωτὴρ
2616 2447 2676 2498 τὸ
2705 2444 2928 2514 Πνεῦμα
2958 2444 3016 2496 τὸ
3053 2444 3204 2511 ἅγιον
3231 2445 3415 2514 ἕτερον
3448 2445 3711 2514 ὑπάρχειν

2152 2539 2278 2609 παρ’
2326 2539 2512 2592 ἑαυτὸν
2557 2536 2780 2601 ἐδίδαξε,
2825 2539 2956 2606 τιμῇ
3008 2537 3102 2606 μὲν
3145 2536 3239 2589 καὶ
3285 2535 3400 2607 δόξῃ
3435 2537 3522 2589 καὶ
3571 2553 3709 2606 πρε-

2153 2631 2348 2693 σῦείοις
2379 2630 2638 2701 ὑπερέχον
2671 2629 2762 2682 καὶ
2803 2624 3044 2700 κρεῖττον
3088 2629 3180 2680 καὶ
3221 2628 3477 2698 ἀνώτερον
3525 2629 3708 2696 πάσης

2149 2720 2248 2789 τῆς
2289 2721 2479 2790 νοερᾶς
2525 2721 2618 2771 καὶ
2655 2719 2878 2789 λογικῆς
2926 2720 3187 2788 τυγχάνον
3229 2720 3443 2782 οὑσίας·
3489 2719 3567 2771 διὸ
3615 2721 3714 2771 καὶ

2151 2811 2624 2882 συμπαρείληπται
2671 2813 2735 2880 τῇ
2796 2809 2923 2880 ἁγίᾳ
2985 2811 3076 2862 καὶ
3133 2810 3502 2882 τρισμάκαρες.
3548 2809 3715 2879 Τριά-

2149 2905 2218 2958 δι·
2246 2905 2354 2974 (6‘2)
2387 2903 2718 2974 ὑποϐεϐηκός
2754 2918 2814 2970 γε
2854 2903 2959 2972 μὴν
3001 2897 3135 2953 εἶναι
3185 2901 3368 2954 αὑτοῦ.
3403 2904 3465 2954 ’0
3490 2901 3551 2972 δὴ
3579 2919 3714 2972 παρ-

2153 2995 2269 3065 ίστη
2329 2993 2515 3056 εἰπὼν,
2571 2994 2652 3046 Οὐ
2701 2991 2809 3061 γὰρ
2844 2991 2942 3058 ἀφ’
2997 2989 3212 3042 ἑαυτοῦ
3253 2989 3528 3052 λαλήσει,
3579 2989 3714 3042 ἀλλ’

2152 3087 2268 3139 ὅσα
2301 3086 2408 3154 (65)
2442 3085 2686 3138 ἀκούσει
2720 3081 2996 3148 λαλήσει.
3038 3083 3192 3152 Παρὰ
3222 3081 3364 3142 τίνος
3390 3080 3444 3132 δὲ
3472 3080 3713 3140 ἀκούσει,

2078 3153 2120 3212 C
2151 3153 2402 3246 διασαφεῖ
2431 3177 2600 3244 λέγων
2621 3193 2634 3206 ·
2675 3178 2773 3228 Ἐκ
2801 3175 2904 3229 τοῦ
2931 3174 3074 3242 ἐμοῦ
3103 3175 3380 3242 λήψεταιθ
3408 3174 3506 3226 καὶ
3544 3173 3716 3240 ἀναγ-

2151 3268 2312 3338 γελεῖ
2352 3268 2510 3332 ὑμῖν.
2575 3269 2668 3320 Ἐκ
2708 3268 2802 3320 τοῦ
2853 3267 2986 3338 ἐμοῦ
3028 3265 3225 3336 δηλαδὴ
3274 3264 3565 3337 θησαυροῦ.
3614 3266 3715 3316 Ἐν

2151 3358 2307 3424 αὐτῷ
2353 3357 2464 3427 γάρ
2511 3361 2627 3411 εἱσι
2674 3357 2894 3423 πάντες
2940 3361 2993 3411 ol
3026 3357 3311 3423 Bncavpol
3349 3355 3457 3421 τῆς
3500 3357 3716 3423 σοφίας

2153 3450 2250 3503 καί
2281 3450 2551 3519 γνώσεως
2595 3433 2945 3518 ἀπόκρυφοι.
2978 3450 3144 3511 Αὐτὸς
3187 3449 3282 3517 μὲν
3311 3444 3423 3508 οῦν,
3461 3449 3554 3500 ἆτε
3593 3446 3711 3508 Υἱὸς

2157 3541 2465 3612 μονογενὴς,
2494 3541 2642 3611 παρὰ
2668 3541 2760 3593 τοῦ
2788 3541 2996 3613 Πατρὸς
3025 3540 3306 3610 λαμϐάνει,
3332 3540 3426 3592 καὶ
3452 3539 3596 3610 παρὰ
3621 3537 3704 3590 τοῦ

2157 3633 2366 3704 [ἰατρὸς
2412 3632 2617 3696 ἀκούει,
2669 3632 2727 3685 τὸ
2754 3633 2808 3685 δὲ
2837 3633 3057 3704 Πνεῦμα
3092 3633 3152 3684 τὸ
3185 3631 3335 3698 ἂγιον
3387 3631 3518 3702 παρ’
3555 3629 3709 3682 αὑτοῦ

2155 3727 2485 3794 χορηγεῖται·
2526 3723 2606 3776 διό
2642 3742 2824 3794 φησιν,
2872 3726 2966 3778 Ἐκ
3001 3724 3103 3777 τοῦ
3144 3721 3285 3791 ἐμοῦ
3324 3719 3718 3789 λήψεται,καῖ

2153 3814 2470 3882 ἀναγγελεῖ
2501 3815 2658 3883 ὑμῖν.
2690 3815 2916 3882 Λέγεται
2951 3815 3048 3885 μὲν
3075 3810 3163 3867 οῦν
3191 3814 3284 3866 καὶ
3315 3815 3343 3866 6
3382 3813 3474 3866 ἐπὶ
3506 3812 3720 3865 πάντων

2155 3907 2286 3970 Θεὸς
2335 3907 2575 3977 Πνεῦμα,
2610 3907 2684 3970 ὡς
2731 3908 2889 3970 αὑτὸς
2929 3907 3161 3970 ἐδίδαξεν
3202 3906 3230 3957 6
3279 3905 3488 3976 Σωτὴρ,
3531 3903 3718 3964 εἰπὼν,

2156 3998 2394 4067 Πνεῦμα
2433 4002 2464 4052 ό
2509 3997 2671 4064 Θεὸς,
2709 3998 2804 4052 καὶ
2838 3998 2979 4064 τοὺς
3009 3996 3499 4065 προσκυνοῦντας
3533 3994 3724 4048 αὑτὸν

2157 4089 2226 4140 ἐν
2271 4091 2557 4157 πνεύματι
2597 4090 2693 4142 καὶ
2747 4091 2994 4156 ἀληθείᾳ
3034 4089 3128 4142 δεῖ
3169 4087 3550 4157 προσκυνεῖν.
3609 4087 3720 4138 Καὶ

2159 4178 2308 4232 ἔσται
2341 4179 2554 4249 ἀληθῶς
2578 4179 2765 4247 ’Ἄγιος
2792 4179 2959 4248 ἁγίων
2980 4179 3138 4241 αὑτὸς
3168 4179 3262 4230 καὶ
3291 4181 3345 4230 ὲν
3373 4176 3541 4242 ἁγίοις
3579 4174 3714 4224 ἀνα-

2161 4269 2483 4340 παυόμενος.
2528 4271 2685 4323 vim
2725 4272 2818 4325 καὶ⁴
2853 4274 2881 4324 6
2913 4271 3040 4334 Υἱὸς
3071 4273 3180 4343 ((54)
3212 4273 3302 4326 τοῦ
3335 4269 3460 4322 Θεοῦ
3489 4267 3716 4338 Πνεῦμα

2161 4356 2234 4410 ὣν
2264 4361 2534 4428 τυγχάνει,
2566 4362 2660 4414 καὶ
2691 4363 2909 4433 Πνεῦμα
2955 4365 3048 4416 καὶ
3079 4362 3238 4428 αὐτὸς
3269 4362 3428 4431 ἁγίων
3461 4360 3630 4428 ἅγιον,
3664 4362 3717 4412 εί

2161 4449 2226 4518 δὴ
2261 4449 2421 4502 εἰκών
2465 4452 2579 4503 ἐστι
2605 4453 2698 4504 τοῦ
2747 4454 2994 4520 ἀοράτου.
3021 4455 3110 4506 Διὸ
3144 4456 3236 4507 καὶ
3275 4453 3397 4524 περὶ
3426 4449 3586 4504 αὑτοῦ
3629 4449 3721 4501 λέ-

2156 4541 2358 4604 λεκται,
2389 4544 2450 4594 ’0
2484 4543 2551 4595 δὲ
2574 4546 2785 4611 Κύριος
2810 4545 2874 4597 τὸ
2897 4544 3134 4614 Ure-furti
3160 4545 3310 4598 ἐστι·
3339 4543 3454 4602 καὶ,
3485 4540 3725 4608 Πνεῦμα

2159 4631 2270 4700 πρὸ
2295 4631 2612 4699 προσώπου
2656 4635 2822 4703 ἡμῶν
2866 4638 3113 4704 Χριστὸς
3152 4637 3383 4702 Κύριος.
3426 4633 3578 4685 Ἀλλὰ
3615 4632 3724 4700 γὰρ

2163 4725 2251 4776 τοῦ
2285 4726 2436 4792 ἁγίου
2469 4724 2782 4797 Πνεῦματος
2812 4729 2994 4799 ἐτέρου
3029 4728 3178 4789 ὄντος
3205 4727 3355 4797 παρὰ
3387 4726 3476 4778 τὸν
3509 4724 3724 4792 Πατέρα

2163 4815 2254 4868 καὶ
2282 4813 2371 4868 τὸν
2407 4817 2551 4879 Υἱὸν,
2579 4819 2641 4870 τὸ
2673 4819 2865 4890 ἰδίωμα
2893 4818 3156 4886 παριστὰς
3187 4819 3215 4870 6
3249 4818 3436 4887 Σωτὴρ
3461 4814 3725 4883 κέκληκεν

2161 4906 2290 4958 αὑτὸ
2331 4907 2739 4975 "optim/tritor,
2773 4909 2830 4960 τὸ
2854 4910 3027 4962 κοινὸν
3061 4909 3157 4978 τῆς
3197 4907 3512 4978 ὁμωνυμίας
3532 4905 3724 4974 ἀφορί-

2161 4996 2268 5057 ζων
2297 4995 2382 5050 διὰ
2409 4997 2509 5066 τῆς
2539 4998 2630 5051 τοῦ
2662 5000 3015 5069 Παρακλήτου
3061 4998 3445 5070 προσηγορίας,
3480 4997 3600 5048 ἐπεὶ
3633 4997 3725 5048 καὶ

2666 5111 2710 5143 ’τ
2742 5111 2897 5167 Joau.
2929 5126 3002 5177 tv,
3031 5110 3122 5165 Ἡ.
3199 5110 3243 5140 ⁷⁸
3271 5109 3313 5163 ll
3351 5110 3474 5164 Cur.
3519 5125 3603 5172 ιιι,
3634 5107 3722 5159 17.

2241 5335 2354 5403 (6'5)
2398 5332 2566 5399 Vulgo
2617 5329 2838 5403 ἀκούει;
2893 5343 3013 5381 ιιιοι
3071 5326 3226 5398 vulgo
3287 5323 3477 5393 σοφίας
3527 5324 3726 5376 ἀποκε-

2173 5425 2204 5459 κ
2211 5423 2320 5479 pop.
2327 5401 2473 5475 μένοι
2492 5407 2608 5479 λιιαὶ⁸
2625 5401 2734 5479 γνεϋ
2742 5417 2896 5479 detegi
2907 5469 2932 5479 θ
3087 5466 3122 5479 ﬂ
3208 5466 3220 5479 _
3471 5464 3482 5476 .

2241 5462 2348 5545 (δέ)
2410 5469 2520 5528 Ίόὗ
2575 5462 2722 5526 Θεοῦ
2779 5466 3260 5545 Πνεῦσιια.ηι,ἷι·ςιιο
3316 5462 3725 5545 rescrilietylum

2174 5531 2259 5598 τοῦ
2288 5531 2441 5607 Θεοῦ,
2474 5543 2604 5605 Θεὸς
2631 5542 2724 5602 ὢν,
2754 5531 3004 5608 τυγχάνει
3040 5535 3258 5614 [ivstitia
3285 5534 3376 5588 καὶ
3398 5531 3558 5614 εὒτρς
3576 5531 3728 5614 ᾷςίιον

2164 5617 2272 5668 τῶν
2303 5600 2489 5683 ἁγίων,
2511 5616 2556 5666 εἰ
2585 5600 2640 5666 δὲ
2666 5600 2978 5689 simitu-Eat:
3004 5604 3097 5656 τοῦ
3127 5600 3353 5689 ἀοράτου
3393 5600 3730 5689 omasi.—

2166 5685 2283 5739 Mnx
2324 5672 2500 5746 vulgo,
2543 5686 2589 5734 εί
2617 5683 2671 5734 δὲ
2712 5680 2893 5738 εἰκών,
2918 5691 2971 5728 et.
3005 5691 3151 5736 mox,
3183 5672 3471 5747 [πνεύματα
3510 5672 3726 5739 λέγεται

2167 5757 2356 5810 ἀποστ.
2381 5753 2582 5817 suae.
2620 5763 2672 5808 et
2696 5753 2792 5823 τῆς
2823 5747 2984 5805 αὑτοῦ
3015 5747 3290 5814 παλιγγεν.
