4050 6206
424 231 566 292 1015

1099 223 1369 279 EUSEBII
1409 224 1890 282 CESARIENSIS
1925 221 2076 280 OPP.
2119 222 2297 279 PA‘ItS
2334 222 2421 277 IV.
2462 256 2530 264 —
2568 217 2990 280 DOGMA'I'ICA-

3521 221 3668 277 1016

426 353 595 415 ipsum
625 347 766 415 facta
797 354 938 410 sunt,
964 355 1010 399 et
1039 345 1150 398 sine
1183 345 1293 411 ipso
1330 352 1526 414 factum
1551 355 1627 400 est
1647 346 1795 400 nihil.
1817 346 1992 414 Atque

2111 345 2344 417 ἐγένετο,
2373 349 2469 402 καὶ
2502 348 2673 416 χωρὶς
2705 347 2887 402 αὑτοῦ
2918 339 3159 415 ἐγένετο
3192 341 3333 395 οὐδὲ
3355 342 3446 396 ἐν.
3474 344 3668 400 Ταῦτα

430 441 528 493 ista
551 439 763 507 quidem
797 437 861 490 ad
889 437 1029 489 hunc
1080 437 1294 489 modum
1332 445 1535 491 sanctae
1563 447 1688 491 sunt
1717 445 1772 491 et
1801 437 1990 491 catho-

2094 435 2190 505 μὲν
2253 432 2345 490 οὖν
2415 440 2514 508 τῆς
2577 436 2862 508 καθολικῆς
2949 429 3049 488 καὶ
3115 430 3276 498 ἁγίας
3335 433 3669 506 Ἐκκλησίας

427 529 541 582 lica:
596 527 844 582 Ecclesiae
894 527 1108 590 tradita,
1173 541 1409 595 voceque
1457 526 1639 580 divina
1679 528 1991 596 consignata

2111 521 2191 581 ἶ)δὲ
2223 545 2297 597 πη
2333 527 2419 581 διὰ
2438 528 2544 581 τῶν
2572 527 2730 580 θείων
2760 527 2947 594 φωνῶν
2974 521 3324 598 παραδίδοται
3350 522 3419 576 τὰ
3454 527 3670 597 μυστή-

429 619 701 686 mysteria.
759 615 1041 671 Marcellus
1087 631 1218 671 vero
1266 617 1598 684 permiscens
1644 618 1846 682 omnia,
1891 616 1991 671 ali-

428 709 644 777 quando
665 708 716 761 in
742 709 1062 776 profundum
1082 723 1138 762 se
1156 708 1623 762 Sabellianismum
1653 709 1989 778 pnecipitat:

427 798 714 866 aliquando
752 799 902 853 Pauli
943 799 1086 853 illius
1114 815 1143 854 a
1189 800 1491 855 Satnosatis
1535 800 1782 856 haeresim
1832 815 1993 854 reuo-

426 903 557 944 vare
580 889 714 951 vult,
750 890 1036 959 aliquando
1059 889 1275 946 Iudaeus
1308 900 1516 945 tantum
1554 907 1659 946 non
1695 893 1997 962 deprehen-

430 981 614 1034 ditur:
649 998 806 1034 unam
843 983 1037 1036 etenim
1084 983 1394 1052 bypostasin
1440 983 1877 1052 tripersonatam,
1919 984 1993 1037 uti

430 1081 488 1127 et
518 1072 856 1126 trinominem
896 1073 1179 1127 introducit
1203 1113 1218 1136 ,
1251 1074 1496 1128 eumdem
1547 1075 1821 1128 aﬂirmans
1877 1089 1998 1130 esse

433 1163 624 1226 Deum,
655 1173 707 1215 et
757 1163 809 1216 in
863 1163 970 1216 Deo
1025 1163 1278 1228 Verbum,
1313 1175 1366 1219 et
1417 1164 1675 1233 Spiritum
1730 1175 1994 1219 sanctum.

432 1251 820 1322 Transgressus
867 1253 989 1307 inde
1035 1255 1098 1307 ad
1157 1255 1392 1323 Apostoli
1431 1256 1496 1307 de
1539 1255 1752 1310 Christo
1791 1256 1999 1310 theolo-

431 1344 605 1416 giam,
637 1345 872 1398 diversas
928 1346 1012 1398 hic
1048 1345 1269 1399 adhibet
1321 1345 1817 1415 interpretationes.
1864 1344 1996 1400 Nam

432 1450 554 1487 cum
583 1436 810 1488 exertim
843 1436 1129 1502 Apostolus
1159 1435 1351 1489 Filium
1386 1435 1504 1497 Dei,
1530 1436 1692 1490 Deum
1723 1438 1998 1505 praedicet.

433 1535 491 1576 ιιι
515 1525 603 1578 ubi
631 1525 721 1586 ait,
751 1525 853 1590 Qui
879 1535 953 1578 est
983 1528 1155 1595 imago
1181 1526 1275 1583 Dei
1299 1527 1598 1592 invisibilis,
1627 1529 1999 1596 primogenitus

434 1615 602 1668 omnis
635 1616 1167 1685 creaturm,qnoniam
1193 1617 1247 1669 in
1269 1617 1359 1670 illo
1386 1626 1563 1670 creata
1591 1628 1708 1671 sunt
1736 1619 1994 1684 universa,

2094 638 2204 691 ριαο
2241 621 2556 692 Μάρκελλος
2588 620 2643 672 δὲ
2691 620 2868 672 πάντα
2901 618 3098 688 φύρας..
3131 615 3261 667 ποτὲ
3309 617 3406 686 μὲν
3451 620 3533 680 εἰς
3566 619 3670 671 αὺ-

2093 711 2182 763 τὸν
2203 710 2323 768 ὅλον
2356 710 2445 762 τὸν
2471 708 2759 762 Σαϐελλίου
2789 707 2944 777 βυθον
2975 705 3162 776 χωρεῖ,
3192 705 3322 757 ποτὲ
3354 705 3412 758 δὲ
3447 707 3667 761 Παύλου

2097 799 2189 854 τοῦ
2232 801 2590 870 Σαμοσατέως
2619 798 2969 853 ἀνανεοῦσθαι
3005 795 3261 869 πειρᾶται
3300 795 3397 868 τὴν
3424 799 3665 869 αἵρεσιν,

2098 891 2226 944 ποτὲ
2275 891 2332 944 δὲ
2386 891 2633 954 Ἰουδαῖος
2673 890 2747 942 ὦν
2797 889 3052 960 ἄντικρυς
3094 886 3471 958 ἀπελέγχεται·
3527 890 3668 960 μίαν

2100 983 2206 1053 γάρ
2251 983 2544 1035 ὑπόστασιν
2581 983 2960 1053 τριπρόσωπον
2991 979 3181 1050 ὥσπερ
3223 980 3314 1037 καὶ
3350 980 3668 1052 τριώνυμον

2099 1075 2332 1144 εἰσάγει,
2367 1075 2457 1128 τὸν
2497 1075 2658 1128 αὐτὸν
2692 1071 2828 1128 εἶναι
2856 1075 3028 1141 λέγων
3065 1073 3154 1126 τὸν
3185 1073 3315 1126 Θεὸν
3354 1073 3442 1127 καὶ
3471 1073 3566 1126 τὸν
3601 1077 3668 1128 ἐν

2098 1166 2246 1236 αὐτῷ
2277 1166 2447 1233 Λόγον
2477 1166 2569 1219 καὶ
2593 1165 2654 1218 τὸ
2684 1165 2835 1232 ᾶγιον
2863 1163 3105 1235 Πνεῦμα.
3140 1160 3253 1218 Εἶτ’
3290 1164 3527 1218 ἐντεῦθεν
3559 1183 3670 1236 tta.—

2099 1256 2268 1320 ταϐὰς
2297 1257 2386 1308 ἐπὶ
2409 1257 2507 1319 τὰς
2538 1255 2896 1319 ἀποστολικὰς
2938 1255 3063 1325 περὶ
3095 1254 3188 1308 τοῦ
3222 1255 3451 1327 Χριστοῦ
3475 1256 3664 1308 θεολος

2099 1345 2243 1412 γίας,
2308 1344 2466 1397 πάλιν
2505 1344 2614 1414 (68)
2660 1343 2996 1414 διαστρόφοις
3037 1344 3297 1414 κέχρηται
3326 1345 3661 1415 ἑρμηνείαις.

2102 1434 2207 1488 Τοῦ
2248 1434 2358 1506 γάρ
2389 1435 2531 1488 θείου
2575 1435 2893 1488 Ἀποστόλου
2949 1435 3320 1502 θεολογοῦντος
3370 1436 3669 1507 διάρῤηδην

2101 1523 2192 1576 τὸν
2217 1524 2343 1582 Υἰὸν
2369 1523 2463 1576 τοῦ
2491 1522 2622 1599 Θεοῦ
2650 1523 2742 1575 καὶ
2761 1521 3143 1590 λέγοντος,⁹’ος
3167 1521 3336 1574 ἐστιν
3363 1521 3539 1574 εἰκὼν
3559 1520 3669 1574 τοῦ

2105 1615 2256 1670 Θεοῦ
2298 1615 2405 1668 τοῦ
2451 1614 2726 1683 ἀοράτου,
2762 1615 3129 1683 πρωτότοκος
3158 1618 3361 1681 πάσης
3393 1613 3664 1679 κτίσεως,

434 1719 552 1757 cum
580 1720 640 1755 ea
671 1719 787 1773 qua:
821 1706 872 1756 in
919 1704 1056 1757 caelis
1100 1715 1242 1769 sunt,
1277 1715 1388 1758 tum
1423 1723 1538 1776 qua:
1560 1723 1715 1773 super
1755 1719 1947 1762 terram
1975 1724 1995 1764 :

2111 1705 2187 1758 ὅτι
2215 1706 2284 1758 ἐν
2305 1704 2464 1770 αὐτῷ
2494 1706 2738 1774 ἐκτίσθη
2766 1706 2836 1758 τὰ
2863 1704 3072 1766 πάντα,
3115 1703 3187 1758 τά
3211 1721 3274 1757 τε
3299 1705 3370 1757 ἐν
3400 1703 3524 1767 τοῖς
3570 1705 3669 1756 οὑ-

434 1795 539 1854 sive
564 1795 805 1861 visibilia,
841 1813 929 1848 seu
956 1798 1272 1850 invisibilia:
1296 1798 1400 1850 sive
1430 1799 1623 1861 throni,
1649 1815 1739 1851 seu
1761 1799 2001 1852 domina-

2111 1795 2322 1862 οαιόἴς,
2358 1797 2454 1852 καὶ
2497 1796 2568 1849 τὰ
2593 1797 2692 1849 ἐπὶ
2720 1796 2829 1865 τῆς
2867 1795 2997 1866 τῆς,
3023 1796 3142 1849 εἴτε
3192 1793 3392 1862 ὁρατὰ,
3422 1795 3541 1848 εἴτε
3571 1794 3670 1847 ἀό-

437 1886 623 1951 tiones,
669 1887 772 1940 sire
811 1888 1135 1955 principatus
1160 1929 1175 1954 ,
1206 1905 1299 1941 seu
1338 1897 1636 1954 potestates,
1681 1890 1858 1942 omnia
1910 1906 2002 1958 per

2111 1906 2266 1951 Data,
2307 1889 2428 1942 εἴτε
2476 1891 2696 1958 θρόνοι,
2735 1889 2853 1942 εἴτε
2886 1888 3247 1957 κυριότητες,
3295 1887 3415 1941 εἴτε
3470 1888 3668 1956 ἀρχαὶ,

438 1977 633 2042 ipsum,
661 1986 711 2030 et
750 1977 802 2029 in
830 1982 939 2043 ipso
966 1978 1178 2031 condita
1206 1986 1328 2032 sunt
1363 1988 1450 2031 :et
1487 1979 1593 2045 ipse
1630 1989 1704 2032 est
1743 1989 1861 2033 ante
1888 1996 2000 2034 om-

441 2066 553 2130 nia,
575 2075 622 2119 et
652 2068 828 2118 omnia
858 2068 910 2118 in
941 2067 1051 2133 ipso
1076 2069 1415 2121 constiterunt
1443 2068 1510 2120 ⁸⁵.

1076 2251 1227 2309 CAP.
1275 2254 1379 2309 VII.

443 2336 719 2411 Quomodo
746 2339 1270 2417 Marcellus_carnem
1309 2357 1559 2402 asseveret
1585 2364 1694 2402 esse
1727 2349 2004 2417 imaginem

1015 2413 1111 2467 Dei
1148 2417 1444 2470 invisibilis.

513 2498 610 2554 ‘lir
643 2501 891 2572 egregius
926 2503 1028 2560 iste
1079 2508 1293 2560 demum
1341 2507 1407 2560 ad
1463 2522 1679 2562 carnem
1729 2507 2003 2576 deiectus,

445 2590 612 2658 ipsam
641 2590 872 2647 aﬂirmat
911 2595 1193 2664 imaginem
1229 2597 1512 2652 invisibilis
1539 2612 1659 2652 esse
1700 2597 1790 2652 Dei
1828 2614 1843 2651 :
1885 2613 2006 2652 cum

447 2693 627 2737 tamen
659 2685 801 2752 quod
833 2701 936 2739 non
969 2687 1238 2754 observat,
1282 2687 1456 2742 forma
1493 2689 1809 2753 masculina,
1840 2690 1928 2759 qui
1956 2697 2010 2744 et

449 2791 554 2830 non
587 2791 702 2844 quae
742 2785 824 2832 est
862 2779 1036 2847 imago
1065 2777 1337 2834 eﬂ'eratur.
1365 2778 1456 2833 Ille
1485 2792 1662 2833 autem
1701 2779 2007 2844 articulum,

445 2868 536 2933 ὃς,
577 2870 729 2922 carni
768 2869 1086 2923 attributum
1136 2871 1412 2925 declarare
1455 2872 1564 2935 ait,
1593 2871 1734 2939 quod
1786 2874 1900 2941 lpsa
1941 2872 2012 2926 sit

447 2960 536 3013 illa
572 2960 747 3030 imago
774 2961 1054 3016 invisibilis
1092 2961 1184 3014 Dei
1221 2977 1234 3013 :
1265 2962 1395 3016 illud
1423 2977 1636 3032 quoque
1661 2964 1766 3029 ipse
1788 2971 1862 3016 est
1894 2974 2011 3018 ante

2101 1980 2220 2032 εἴτε
2263 1977 2557 2042 ἐξουσίαι,
2605 1978 2804 2038 πάντα,
2852 1978 2926 2031 δι’
2967 1977 3172 2040 αὐτοῦ,
3217 1976 3315 2029 καὶ
3358 1979 3444 2042 εἱς
3485 1975 3671 2029 αὐτὸν

2102 2075 2390 2136 ἔκτισται,
2439 2075 2535 2127 καὶ
2581 2075 2762 2139 αὐτός
2803 2073 2932 2126 ἐστι
2986 2071 3096 2140 πρὸ
3147 2070 3406 2135 πάντων,
3455 2068 3551 2123 καί
3599 2067 3668 2120 τὰ

2104 2162 2297 2216 πάντα
2323 2164 2393 2217 ἐν
2419 2163 2577 2228 αὐτῷ
2605 2166 3004 2222 συνέστηκεν.

2758 2255 2911 2306 ΚΕΦ.
2953 2254 3023 2306 Z'.

2107 2349 2306 2411 ’Ὀπως
2350 2345 2702 2414 Μάρκελλος
2728 2343 2842 2410 τὴν
2870 2343 3074 2414 simini
3101 2341 3203 2394 τοῦ
3251 2341 3397 2414 Θεοῦ
3424 2340 3526 2393 τοῦ
3567 2339 3674 2393 ἀο-

2289 2409 2474 2486 ράτοὶ)
2506 2415 2619 2482 τὴν
2640 2409 2836 2482 σάρκα
2861 2409 3009 2466 εἶναι
3042 2411 3446 2467 διεϐεϐαιοῦτο.

2189 2510 2246 2562 '0
2277 2508 2585 2579 θαυμαστὸς
2625 2500 2778 2570 οὗτος
2817 2503 2970 2569 αὖθις
3004 2506 3093 2557 ἐπὶ
3125 2506 3222 2574 τὴν
3267 2505 3434 2574 σάρκα
3462 2499 3664 2563 πεσὼν,

2109 2601 2279 2672 αὐτὴν
2338 2594 2476 2652 εἶναι
2525 2599 2884 2668 ἀποφαίνεται
2924 2599 3021 2667 τὴν
3069 2597 3250 2650 είκόνα
3301 2595 3390 2648 τοῦ
3437 2593 3669 2664 ἀοράτου

2109 2692 2264 2757 Θεοῦ,
2281 2693 2380 2745 οὐκ
2395 2689 2606 2746 ἀκούων
2628 2690 2702 2752 ὡς
2723 2688 2992 2759 ἀρσενικῷ
3018 2689 3320 2760 χαρακτῆρι
3335 2687 3674 2756 ἐξενήνεκται

2109 2783 2190 2846 τὸ,
2223 2781 2281 2844 ὃς
2315 2782 2461 2833 ἐστιν
2494 2777 2674 2832 εἰκών.
2707 2777 2779 2830 Τὸ
2817 2777 2924 2847 γὰρ
2958 2776 3025 2842 ὃς
3055 2778 3154 2830 οὐκ
3183 2773 3276 2828 οἷδ’
3320 2777 3465 2837 ὅπως
3508 2775 3674 2844 ἐφαρδ

2115 2873 2283 2943 μὸσας
2314 2875 2379 2942 τῇ
2419 2871 2583 2941 σαρκὶ
2616 2868 2815 2939 ταύτην
2843 2867 2945 2938 ἔφη
2971 2867 3256 2938 δηλοῦσθαι
3286 2866 3360 2928 ὼς
3391 2864 3558 2933 αὐτῆς
3586 2864 3678 2916 οῦο

2116 2982 2213 3036 σης
2243 2965 2340 3035 τῆς
2364 2964 2568 3025 εἰκόνος
2593 2961 2684 3015 τοῦ
2706 2959 2840 3014 Θεοῦ
2866 2958 2960 3012 τοῦ
2986 2959 3238 3030 ἀοράτου.
3263 2959 3369 3010 Καὶ
3398 2957 3576 3019 πάλιν,
3618 2957 3678 3007 τὸ

450 3053 628 3106 omnia
647 3029 713 3105 de
749 3066 909 3105 carne
947 3051 1145 3105 dictmn
1173 3053 1281 3106 ait:
1323 3029 1494 3123 neque
1541 3029 1726 3123 puduit
1772 3070 1893 3110 eum
1927 3055 2008 3110 di-

2113 3029 2294 3122 αῦτός
2325 3057 2455 3110 ἐστι
2491 3054 2601 3120 πρὸ
2625 3052 2866 3108 πάντων
2887 3053 3015 3122 περὶ
3045 3051 3144 3121 τῆς
3177 3051 3376 3121 σαρκός
3404 3065 3566 3120 φησιν
3597 3050 3675 3100 ei-

449 3156 602 3206 cere,
643 3143 770 3209 ipse,
797 3145 864 3196 de
908 3157 1088 3199 carne.
1118 3143 1222 3198 Sed
1265 3155 1319 3199 et
1364 3154 1578 3214 propter
1626 3160 1844 3201 carnem
1891 3149 2013 3202 uni-

452 3250 620 3290 versa:
640 3245 901 3290 creatum
923 3237 1330 3306 primogenitum
1363 3251 1609 3295 vocatum
1634 3241 1708 3294 ait
1733 3261 1747 3295 :
1784 3259 1802 3292 ι
1839 3240 2017 3297 Manet.

457 3344 478 3377 ι
525 3336 701 3379 autem
735 3327 1158 3393 iunnutabiliter,
1182 3329 1374 3396 inquit,
1401 3331 1466 3386 de
1490 3346 1672 3397 carne,
1699 3333 1878 3388 omnia
1907 3342 2013 3388 tam

457 3435 479 3468 ι
520 3417 571 3470 in
603 3417 754 3471 ccelis
777 3433 936 3490 quam
967 3420 1017 3472 in
1050 3429 1213 3485 terra,
1243 3423 1355 3475 sive
1389 3422 1639 3490 visibilia,
1669 3429 1728 3487 >14
1753 3439 1846 3480 seu
1883 3427 2018 3480 invi-

457 3527 478 3565 ι
524 3509 697 3566 sibilia
723 3521 902 3564 creata
933 3529 944 3564 :
981 3530 997 3570 ι
1026 3526 1124 3569 nec
1159 3513 1352 3583 refugit
1381 3513 1566 3568 dicere.
1588 3516 1827 3580 thronos,
1857 3517 2021 3571 domi-

455 3602 734 3664 nationes,
779 3604 1146 3670 principatus,
1209 3615 1498 3674 potestates
1539 3621 1634 3676 per
1705 3617 1758 3662 et
1799 3618 2019 3677 propter

453 3709 674 3749 carnem
727 3696 1032 3749 Servatoris
1097 3698 1426 3750 creationem
1490 3713 1640 3752 suam
1696 3699 1746 3752 iu
1803 3698 2018 3754 Christo

453 3795 790 3838 consecutos.
853 3783 983 3837 Cum
1052 3798 1180 3838 vero
1247 3786 1523 3853 superiore
1588 3786 1721 3840 Ilbl'O
1783 3785 2017 3843 Marcelli

457 3877 615 3932 verba
668 3875 736 3930 de
783 3876 942 3930 rebus
987 3876 1104 3928 istis
1147 3877 1437 3943 posuerim,
1482 3893 1545 3932 ne
1577 3889 1852 3933 excrescat
1882 3880 2018 3934 ultra

457 3969 671 4021 modmn
705 3969 898 4030 oratio,
933 3976 1215 4020 contentus
1240 3981 1336 4020 ero
1367 3967 1472 4021 illic
1493 3983 1554 4022 ea
1592 3969 1900 4025 exhibuisse
1940 3980 2021 4024 te-

457 4057 730 4121 stimonia.
767 4058 934 4123 Quam
985 4071 1119 4125 vero
1145 4056 1219 4124 sit
1264 4056 1510 4124 distorta,
1552 4067 1606 4112 et
1635 4059 1896 4116 violenter
1932 4076 2021 4116 co-

459 4158 575 4209 acta
602 4151 712 4204 INBC
739 4150 864 4204 dicti
910 4151 1184 4219 apostolici
1215 4151 1603 4220 interpretatio,
1638 4167 1740 4208 non
1778 4163 1878 4217 est,
1906 4155 2022 4222 opi-

459 4253 576 4304 nor,
607 4253 737 4308 opus
774 4248 828 4291 nt
864 4238 1105 4308 pluribus
1143 4240 1318 4294 adhuc
1359 4254 1674 4310 persequar,
1699 4255 1818 4294 cum
1859 4257 2020 4311 quam

2117 3146 2331 3220 ρῆσθαιο
2377 3145 2476 3198 οὐκ
2522 3141 2834 3212 αἰδούμενος
2873 3142 2934 3194 τὸ
2977 3139 3158 3206 αὐτὸς
3209 3141 3300 3192 ἐπὶ
3342 3139 3442 3208 τῆς
3484 3138 3678 3208 σαρκὸς

2116 3235 2496 3305 ἐκλαμϐάνειν.
2523 3233 2632 3286 Καὶ
2654 3232 2743 3285 τὸν
2771 3231 3110 3302 πρωτότοκον
3138 3230 3315 3298 πάσης
3341 3228 3566 3290 κτίσεως
3590 3227 3678 3279 διά

2114 3326 2211 3397 τὴν
2239 3326 2415 3396 σάρκα
2435 3323 2730 3394 κεκλῆσθαι
2753 3321 2919 3389 λέγει.
2948 3339 2966 3371 ι
3002 3321 3278 3390 Ἐπιμένει
3303 3319 3415 3387 (69)
3447 3335 3502 3370 τε
3537 3317 3678 3368 ἀδια-

2123 3437 2142 3470 ι
2182 3418 2429 3490 τρέπτως
2462 3418 2518 3468 ὲν
2545 3418 2606 3486 τῇ
2639 3416 2800 3485 σαρκὶ
2827 3415 3046 3482 φάσκων
3075 3411 3143 3463 τά
3184 3413 3241 3463 ἐν
3266 3413 3375 3474 τοῖς
3415 3411 3670 3480 οὐρανοῖς,

2122 3528 2140 3560 ι
2178 3508 2270 3561 καὶ
2305 3507 2376 3560 τά
2417 3507 2510 3559 ἐπὶ
2553 3509 2651 3577 τῆς
2678 3505 2781 3574 γῆς
2809 3503 3073 3566 ἐκτίσθαι,
3107 3503 3172 3556 τά
3207 3519 3265 3555 τε
3289 3501 3463 3571 ὁρατά
3495 3502 3584 3554 καὶ
3615 3499 3673 3551 τά

2122 3617 2142 3652 ι
2175 3598 2396 3670 ἀόρατα.
2413 3617 2430 3648 ι
2453 3597 2589 3650 Οὐδὲ
2606 3597 2951 3668 διατρέπεται
2967 3595 3204 3666 θρόνους,
3226 3595 3319 3646 καὶ
3337 3592 3680 3662 κυριότητας,

2117 3693 2209 3744 καὶ
2255 3689 2447 3762 ἀρχὰς,
2497 3689 2591 3740 καὶ
2631 3687 2876 3755 ἐξουσίας
2921 3687 3007 3740 διὰ
3057 3686 3155 3755 τῆς
3186 3684 3388 3756 σαρκὸς
3433 3682 3528 3736 τοῦ
3575 3683 3685 3734 Σω-

2116 3787 2299 3858 τῆρος·
2353 3784 2544 3854 λέγων,
2595 3785 2692 3855 τῆς
2742 3786 2799 3835 ὲν
2851 3780 3069 3854 Χριστῷ
3120 3780 3349 3841 κτίσεως
3399 3777 3681 3847 ἠξιῶσθαι.

2121 3877 2262 3946 Ἤδη
2291 3877 2347 3929 δὲ
2367 3877 2454 3930 διὰ
2481 3877 2576 3945 τῆς
2605 3875 2709 3947 πρὸ
2731 3873 2922 3930 τούτου
2946 3873 3160 3943 γραφῆς
3191 3870 3290 3933 τάς
3323 3870 3451 3944 περὶ
3481 3869 3685 3922 τούτων

2119 3967 2211 4021 τοῦ
2246 3966 2562 4038 Μαρκέλλου
2599 3965 2779 4035 φωνὰς
2825 3963 3220 4036 παραθέμενος,
3267 3961 3424 4029 λόγου
3472 3976 3686 4030 συμμε-

2120 4061 2276 4131 τρίας
2303 4058 2634 4128 φειδόμενος,
2665 4060 2730 4127 τῇ
2759 4057 2868 4124 (70)
2895 4053 3072 4108 αὐτῶν
3103 4054 3322 4107 ἐκείνων
3356 4051 3682 4122 ἀρκεσθήσο-

2125 4163 2221 4217 μαι
2246 4145 2535 4217 μαρτυρίᾳ.
2581 4145 2668 4207 Ὡς
2705 4144 2762 4196 δὲ
2803 4143 3122 4214 διάστροφος
3164 4144 3257 4196 κα)⁵
3294 4139 3608 4210 βεϐιασμένη
3642 4141 3679 4208 ἡ

2122 4236 2342 4307 τοιαύτη
2375 4235 2626 4304 τυγχάνει
2666 4238 2762 4304 τῆς
2809 4233 3173 4302 ἀποστολικῆς
3196 4230 3384 4299 λέξεως
3406 4230 3679 4299 διήγησις,

459 4329 530 4384 sit
558 4329 644 4382 illa
675 4331 954 4400 impudens
980 4332 1380 4400 interpretatio,
1405 4337 1600 4402 cuique
1647 4335 1781 4390 satis
1811 4335 2008 4391 iuuote«

2126 4327 2185 4387 οῦ
2233 4345 2322 4397 μοι
2356 4327 2463 4379 δεῖν
2512 4325 2747 4397 ἠγοῦμαι
2795 4324 3136 4394 κατασκευῆς
3183 4324 3439 4384 πλείονος,
3488 4319 3575 4373 διὰ
3622 4319 3685 4373 τδ

2196 4418 2367 4432 ..-η
2558 4417 2568 4432 .
2657 4416 2680 4426 -
2842 4416 2854 4430 .
3038 4412 3119 4432 ν.
3284 4413 3685 4432 ,κλμ-ς,

458 4429 591 4476 seat.

1041 4594 1265 4650 CAPUT
1301 4594 1431 4648 VIII.

463 4687 736 4761 Quomodo
777 4691 913 4747 idem
964 4701 1162 4743 astruat
1205 4706 1413 4812 elaqueat
1456 4689 2020 4758 Servatoris'pradesse

1169 4777 1218 4812 nt
1241 4778 1275 4812 ιι
1305 4799 1318 4812 .

1169 4777 1318 4812 mnu.

530 4849 888 4904 Nihilominus
937 4847 1028 4917 qui
1078 4849 1144 4904 de
1197 4865 1360 4904 carne
1411 4849 1710 4904 Servatoris
1763 4849 1872 4919 egit
1913 4859 2020 4903 tam

464 4942 666 5004 multis,
702 4941 843 4994 illam
896 4941 1051 4995 nobis
1091 4957 1194 4996 non
1239 4951 1522 4995 conservat
1569 4950 1770 4995 sartam
1803 4949 2019 4995 tectam.

462 5033 765 5101 Optaudum
821 5045 988 5095 esset,
1034 5042 1090 5086 ut
1123 5033 1204 5088 vel
1237 5033 1320 5088 hic
1363 5033 1558 5086 saltem
1585 5033 1672 5102 pie
1701 5047 1888 5100 sapere
1925 5046 2020 5084 vo-

465 5125 669 5188 luisset.
723 5125 789 5176 At
817 5139 958 5184 nunc
1003 5132 1342 5194 posteaquam
1387 5126 1564 5178 omnia
1599 5123 1665 5178 de
1701 5137 1863 5178 carne
1929 5123 2022 5181 de,

539 5293 598 5349 >14
631 5288 726 5342 Ed.
754 5287 950 5354 Paris,
977 5279 1098 5359 pag.
1127 5290 1250 5346 176.
1291 5290 1335 5321 ⁸⁸
1356 5289 1562 5350 Coloss.
1597 5306 1632 5356 t,
1673 5290 1858 5346 lii-I7.

534 5426 641 5500 (ξε)
678 5427 848 5500 Υιιιεθ
880 5429 1171 5500 immic-

532 5495 642 5562 (69')
678 5495 842 5564 Vulgo
874 5499 951 5550 δέ.

531 5569 645 5638 (70)
684 5566 737 5638 In
767 5568 918 5619 codd.
947 5566 1130 5620 αὐτοῦ.

535 5637 648 5723 (τι)
690 5637 853 5717 νιιιεο
899 5639 1050 5701 παντὶ
1077 5638 1158 5709 τ⁶⁸

2126 4419 2219 4472 καὶ
2261 4418 2372 4487 (71)
2421 4417 2580 4470 παντὶ
2614 4416 2690 4492 τῷ
2723 4416 3045 4488 κατάφωρον
3071 4412 3209 4468 εἶναι
3249 4416 3310 4468 τὸ
3340 4413 3547 4476 ἀναιδὲς
3587 4413 3688 4484 τῆς

2121 4510 2433 4588 ἑρμηνείας.

2767 4598 2925 4651 ΚΕΦ.
2966 4598 3046 4650 H'.

2125 4695 2314 4755 Ὅπως
2361 4695 2392 4745 o'
2437 4691 2619 4754 αὐτὸς
2656 4689 2847 4758 μηδὲν
2891 4687 3143 4756 ὠφελεῖν
3186 4685 3300 4754 τὴν
3339 4685 3536 4752 σάρκα
3584 4682 3687 4737 τοῦ

2571 4759 2842 4825 Σωτῆρος
2873 4759 3229 4826 ἀπεφαίνετο

2203 4853 2344 4922 Πλὴν
2364 4851 2598 4904 τοσαῦτα
2623 4851 2867 4921 περὶτῆς
2893 4850 3091 4920 σαρκὸς
3111 4847 3201 4901 τοῦ
3226 4847 3474 4918 Σωτῆρος
3499 4842 3688 4906 εἰπὼν,

2130 4944 2236 4996 οὐδ’
2267 4944 2432 5014 αὐτὴν
2467 4947 2595 5014 ἡμῖν
2624 4943 2877 5010 φυλάττει
2906 4941 3067 4993 σώαψ
3105 4941 3180 5004 ὡς
3213 4939 3319 4992 εἴθε
3347 4938 3455 5008 γὰρ
3482 4936 3582 4989 κᾶν
3611 4936 3690 4996 είς

2130 5033 2295 5103 αὐτὴν
2334 5035 2422 5086 τὸν
2471 5033 2666 5102 εὐσεϐῆ
2715 5032 2948 5103 διετήρει
2993 5028 3268 5099 λογισμόνο
3321 5028 3438 5080 νυνὶ
3483 5025 3593 5092 (72)
3634 5023 3691 5075 δὲ

2139 5127 2272 5195 μετὰ
2299 5127 2476 5179 πάντα
2496 5126 2562 5179 τά
2587 5127 2712 5196 περὶ
2743 5127 2907 5194 αὐτῆς
2940 5123 3084 5194 αὐτῷ
3117 5122 3410 5192 λελεγμένα
3435 5120 3566 5190 (7³5).
3600 5118 3693 5170 ἐπὶ

2193 5422 2281 5480 (7:!
2311 5420 2479 5493 vulgo
2504 5423 2558 5475 δὲ
2592 5421 2784 5474 πάντα.
2852 5489 2860 5493 _
2971 5485 2994 5493 _
3108 5484 3151 5493 _.
3313 5483 3344 5493 ﬂ
3413 5483 3422 5493 ⁸

2190 5493 2301 5559 (75)
2333 5483 2498 5562 Vulgo
2533 5493 2631 5566 snt
2659 5485 3035 5574 otiizr‘pialftbfv
3066 5483 3456 5574 aitbvuv..§atis
3485 5488 3695 5542 consul:

2117 5551 2396 5636 Ics‘cnt’lttm
2421 5551 2538 5619 Esse
2570 5551 2967 5629 σ·.›ντε).είᾲ.’Μ.
2997 5555 3074 5627 [ct
3100 5558 3174 5609 sic
3203 5551 3402 5623 codd].
