4050 6206
371 220 509 275 1017
1296 227 1380 281 DE
1412 229 1919 291 ECCLESIAS'I‘IC.i

2026 238 2371 298 HEOLOGIA
2408 242 2537 301 LIB.
2575 246 2666 304 III.
3451 262 3587 320 1018

370 336 648 408 συντελείᾳ
673 338 778 390 τῶν
804 338 1027 399 αίὼνων,
1066 341 1230 410 αὐτὴν
1259 342 1460 414 ἔρημον
1488 348 1581 400 τοῦ
1608 348 1763 418 λόγου
1798 354 1919 407 ἁπο-

2032 357 2354 424 pvaedicavit,
2395 359 2803 430 relinquendam
2834 363 2977 420 illam
3016 372 3226 423 tandem
3254 372 3466 439 nudam,
3490 389 3588 429 va-

368 426 619 495 φαίνεται
643 427 863 498 γράφων
885 426 1073 491 οὕτως’
1109 448 1125 478 ι
1160 431 1221 481 Εἰ
1246 427 1337 485 οὖν
1364 435 1615 504 ὁμολογεῖ
1632 439 1727 510 τὴν
1755 441 1919 513 σάρκα

2030 462 2206 509 euam,
2231 456 2285 501 et
2317 448 2481 503 verbo
2515 466 2613 504 suo
2648 452 2956 510 destitutam
2989 457 3215 514 aﬂirmat
3257 461 3310 515 in
3344 461 3445 518 line
3492 480 3589 520 sa:-

374 533 392 564 ι
438 516 600 584 μηδὲν
629 516 851 585 ὠφελεῖι
880 517 1058 580 αὐτὸν,
1105 519 1219 583 πῶς
1254 522 1486 595 ἐγχωρεῖ
1520 527 1617 597 τὴν
1650 530 1712 583 ἐκ
1738 532 1840 603 γῆς
1872 552 1929 587 τε

375 623 394 656 s
436 622 621 671 ουσαν,
651 606 743 659 καὶ
772 605 937 676 μηδὲν
952 608 1283 679 ὠφελοῦσαν,
1314 619 1404 669 καὶ
1421 620 1477 670 ὲν
1509 624 1619 683 τοῖς
1653 624 1929 691 μέλλουσιν

374 716 393 748 s
430 699 636 763 αἰῶσιν,
661 700 733 762 ὠς
759 699 905 770 αὐτῷ
931 699 1330 770 λυσιτελοῦσαν,
1360 712 1594 763 συνεῖναι
1618 713 1694 783 τῷ
1716 714 1889 786 Λόγῳ.
1906 735 1923 767 ι

1012 965 1166 1016 ΚΕΦ.
1211 964 1286 1016 6'.

400 1059 563 1119 Οπως
598 1054 1183 1125 καταληφθήσεσθαι
1225 1058 1295 1109 ἐν
1328 1057 1408 1122 τῷ
1445 1059 1551 1112 τοῦ
1579 1062 1802 1125 παντὸς
1834 1062 1928 1116 τὲ-

432 1130 521 1178 λει
549 1124 666 1200 τὴν
689 1125 889 1200 σάρκαΔ
927 1126 1030 1178 τοῦ
1069 1126 1341 1195 Σωτῆρος
1410 1129 1515 1183 τοῦ
1548 1133 1740 1199 Λόγου
1780 1124 1926 1200 ἔρη-

428 1213 542 1263 μον
565 1195 790 1263 ἐτόλμα
834 1194 1037 1264 λέγειν.

430 1285 538 1341 Καὶ
561 1286 806 1354 δευτεροῖ
826 1285 886 1338 τὸ
905 1286 1034 1340 αὐτὸ
1062 1289 1118 1340 ἐν
1147 1287 1315 1359 ἑτέρῳ
1338 1289 1577 1358 φάσκωνο
1613 1312 1630 1343 ι
1666 1295 1727 1347 El
1753 1294 1928 1347 τοίνυν

367 1395 385 1427 ι
422 1378 478 1429 ὲν
516 1377 596 1448 τῷ
639 1377 815 1448 καιρῷ
854 1378 953 1447 τῆς
996 1381 1489 1447 ἀποκαταστάσεως
1535 1385 1787 1441 ἁπάντων
1836 1387 1928 1439 καὶ

365 1488 384 1517 ι
423 1469 591 1539 αὐτὴν
617 1469 715 1538 τὴν
758 1469 930 1523 κτίσιν
964 1470 1028 1521 ὲκ
1073 1471 1173 1541 τῆς
1213 1472 1453 1536 δουλείας
1483 1476 1562 1537 εἰς
1592 1476 1689 1545 τὴν
1718 1476 1928 1529 ἐλευθε-

367 1576 385 1607 ι
426 1557 545 1627 ρίαν
607 1557 1107 1629 μεταϐληθήσεσθαι
1144 1561 1172 1611 ὁ
1218 1560 1430 1625 Παῦλος
1460 1562 1587 1633 ἔφη,
1620 1563 1768 1631 λέγει
1818 1565 1925 1636 γὰρ

367 1668 385 1698 ι
419 1649 500 1701 ὅτι
527 1648 617 1700 καὶ
635 1649 787 1716 αὐτὴ
825 1650 867 1716 ἡ
902 1650 1092 1715 κτίσις
1112 1650 1645 1719 ἐλευθερωθήσεται
1671 1655 1786 1708 ἀπὸ
1818 1654 1927 1723 τῆς

369 1758 387 1789 ι
420 1737 690 1805 δουλείας
716 1738 824 1806 τῆς
843 1740 1063 1809 φθορᾶς
1090 1743 1175 1807 είς
1197 1742 1307 1808 τὴν
1330 1744 1671 1812 ἐλευθερίαν
1696 1730 1806 1812 τ’ἧς
1832 1746 1928 1799 δό-

367 1849 388 1880 s
430 1829 542 1898 ξης
571 1830 689 1885 τῶν
716 1831 939 1885 τέκνων
960 1834 1064 1887 τοῦ
1105 1836 1279 1888 Θεοῦ·
1320 1835 1435 1899 πῶς
1466 1836 1544 1889 ἔτι
1565 1836 1659 1907 τὴν
1685 1836 1778 1890 τοῦ
1807 1837 1926 1889 606-

368 1939 389 1971 ι
422 1921 513 1974 λου
545 1922 774 1994 μορφὴν,
803 1924 867 1993 ἢν
897 1924 1182 1994 ἀνείληφεν
1220 1927 1248 1977 ὀ
1282 1926 1472 1995 Λόγος,
1508 1926 1718 1998 μορφὴν
1759 1924 1923 1982 οὖσαν

367 2033 387 2063 ι
424 2012 628 2075 δούλου,
658 2016 895 2068 συνεῖναι
919 2014 996 2085 τῷ
1022 2016 1179 2086 Λόγῳ
1205 2017 1270 2069 δι’
1296 2016 1483 2088 αὐτὴν,
1510 2018 1702 2085 γένοιτ’
1733 2017 1796 2072 ἂν
1833 2019 1924 2071 δυ-

367 2126 387 2156 s
422 2105 577 2158 νατόν
594 2122 607 2170 ;
642 2125 663 2157 ι

1015 2200 1170 2253 ΚΕΦ.
1201 2202 1254 2253 ι’.

366 2292 570 2364 Ὀποῗα
594 2297 652 2347 αὶ
682 2293 825 2350 θεῖαι
849 2294 1079 2363 Γραφαὶ
1104 2295 1234 2364 περὶ
1262 2295 1373 2362 τῆς
1401 2296 1627 2363 σαρκὸς
1654 2296 1759 2350 τοῦ
1804 2301 1921 2350 Σω-

425 2362 604 2437 τῆρος
628 2362 1004 2437 διδάσκουσι,
1051 2366 1148 2418 καὶ
1174 2362 1260 2429 ἠὼς
1287 2366 1357 2419 τὰ
1390 2362 1631 2420 ἐναντία
1654 2367 1919 2437 Μάρκελ-

426 2437 535 2499 λος
567 2435 821 2503 ἐφρόνει.

435 2523 592 2593 Ὁρᾷς
627 2523 815 2586 ὁποίας
855 2524 1114 2594 προέσθαι
1161 2524 1341 2593 φωνὰς
1388 2526 1528 2578 κατὰ
1564 2530 1661 2597 τῆς
1720 2528 1918 2598 σαρκὸς

354 2614 446 2667 τοῦ
492 2615 741 2685 Σωτῆρος
771 2615 924 2685 ἡμῶν
957 2615 1311 2688 τετόλμηκεν’
1361 2618 1460 2670 οὐκ
1494 2619 1809 2690 ἐπιστήσας,
1845 2620 1919 2682 ὡς

356 2708 450 2759 καὶ
483 2706 589 2776 πρὸ
616 2707 712 2775 τῆς
729 2708 806 2768 εἰς
824 2707 1083 2776 οὐρανοὺς
1106 2706 1426 2778 ἀναλήψεως
1457 2708 1535 2761 ἔτι
1559 2704 1722 2761 οὖσαν
1750 2710 1917 2779 αὐτὴν

355 2798 449 2851 ἐπὶ
477 2798 578 2867 γῆς
607 2798 709 2867 πρὸ
740 2796 831 2850 τοῦ
876 2797 1078 2861 πάθους
1112 2797 1283 2861 οὕτως
1310 2799 1557 2864 ἐδόξασεν
1594 2802 1649 2853 ὲν
1674 2801 1750 2871 τῷ
1780 2800 1916 2872 ὄρει,

354 2890 531 2959 τρισὶν
557 2892 667 2952 τοῖς
691 2889 957 2960 ἐκκρίτοις
986 2890 1147 2943 αὑτοῦ
1186 2892 1454 2962 μαθηταῖς
1487 2894 1686 2962 μόνοις,
1735 2894 1916 2945 εἰκόνα

353 2979 567 3042 δεικνὺς
624 2980 724 3049 τῆς
773 2980 1041 3049 βασιλείας
1105 2982 1296 3046 αὑτοῦ,
1356 2982 1430 3046 ὡς
1477 2983 1809 3054 ἐξαστράψαι
1855 2984 1916 3036 τὸ

359 3071 645 3143 πρόσωπον
675 3070 833 3125 αὐτοῦ
853 3113 867 3135 ,
913 3074 1003 3125 καὶ
1027 3074 1198 3143 φωτὸς
1227 3074 1589 3146 μαρμαρυγὰς
1619 3075 1909 3145 ἐκλάμψαι.
1942 3062 1982 3116 C

370 3162 633 3231 Ἐγένετο
650 3164 773 3233 γὰρ,
789 3165 947 3234 φησὶν
973 3167 1003 3235 ἡ
1030 3164 1146 3218 θεία
1174 3166 1380 3236 Γραφὴ,
1400 3165 1463 3219 τό
1482 3169 1801 3235 πρόσωπον
1819 3171 1922 3223 αὺ-

355 3251 460 3305 τοῦ
487 3252 566 3317 ὡς
598 3256 630 3305 ὀ
664 3253 851 3321 ἥλιοςο
870 3255 965 3308 καὶ
992 3257 1062 3309 τὰ
1095 3255 1288 3325 ἱμάτια
1319 3258 1502 3311 αὑτοῦ
1528 3262 1714 3312 λευκὰ
1746 3261 1825 3325 ὡς
1854 3259 1919 3312 τὸ

354 3342 499 3411 φῶς·
538 3343 648 3397 ἀλλ’
670 3345 787 3398 οὐδὲ
808 3348 982 3410 συνεὶς
1005 3349 1183 3399 ὁποῖον
1208 3349 1363 3418 σῶμα
1381 3349 1615 3419 Χριστοῦ
1637 3350 1793 3419 δόξης
1807 3350 1915 3422 (74)

349 3434 381 3484 ὁ
410 3432 550 3495 θεῖος
583 3434 899 3498 Ἀπόστολος
927 3438 1019 3489 καὶ
1048 3437 1123 3501 ὡς
1155 3440 1248 3491 καὶ
1282 3439 1347 3491 τὰ
1398 3440 1639 3511 ἡμέτερα
1694 3441 1917 3512 σώματα

354 3521 648 3595 σύμμορφα
673 3524 889 3580 ἔσεσθαι
913 3529 1101 3599 ἐκείνῳ
1126 3529 1202 3599 τῷ
1224 3530 1433 3601 σώματι
1460 3532 1702 3586 ἐδίδασκε
1725 3534 1914 3602 λέγων,

359 3613 465 3679 ’ος
494 3615 604 3685 (75)
641 3620 1117 3687 μετεσχημάτισε
1159 3622 1222 3674 τὸ
1275 3622 1445 3691 σῶμα
1482 3623 1591 3691 τῆς
1640 3625 1917 3679 ταπεινὼ-

353 3720 503 3772 σεως
534 3706 697 3776 ἡμῶν
727 3711 1078 3779 σύμμορφον
1104 3712 1182 3777 τῷ
1209 3714 1432 3783 σώματι
1461 3713 1566 3782 τῆς
1598 3716 1775 3785 δόξης
1815 3720 1916 3771 αὺ-

352 3797 489 3851 τοῦ’
527 3798 639 3850 ἀλλ’
685 3801 805 3853 οὐδὲ
848 3805 1045 3874 νοήσας
1089 3805 1193 3857 τίνι
1225 3805 1411 3876 τρόπῳ
1445 3808 1915 3879 καταποθήσεσθαι

352 3888 410 3939 τὸ
439 3889 627 3960 θνητὸν
661 3892 764 3945 ὑπὸ
797 3893 895 3962 τῆς
928 3892 1073 3963 ζωῆς
1102 3895 1211 3965 (76)
1236 3935 1249 3957 ,
1279 3895 1484 3967 ἔγραφε
1515 3897 1756 3966 φάσκων,
1798 3901 1914 3968 Ἐφ’

352 3972 399 4044 ᾧ
422 3982 491 4034 οὺ
520 3980 771 4051 θέλομεν
794 3983 1185 4045 ἐκδύσασθαι,
1227 3986 1338 4056 (77)
1374 3988 1471 4039 ἵνα
1500 3989 1809 4057 καταποθῇ
1848 3991 1913 4042 τὸ

354 4071 570 4138 θνητόν
598 4074 713 4127 ὑπὸ
750 4074 855 4142 τῆς
889 4074 1071 4143 ζωῆς*
1102 4078 1308 4132 τούτων
1356 4078 1583 4148 ἀμαθῶς
1634 4079 1789 4149 ἔχων,
1826 4082 1914 4134 τὸν

356 4163 453 4233 μὲν
488 4166 660 4229 Λόγον
686 4166 1086 4221 διαϐεϐαιοῦται
1118 4169 1175 4221 ἒν
1205 4173 1297 4222 καὶ
1324 4170 1517 4223 ταύτὸν
1552 4170 1663 4241 (78)
1700 4170 1913 4239 μέλλειν

352 4255 628 4322 γίγνεσθαι
671 4257 746 4326 τῷ
780 4256 916 4328 Θεῷ,
963 4258 1150 4331 ὥσπερ
1189 4262 1280 4313 καὶ
1325 4260 1588 4331 πρότερον
1614 4257 1701 4331 ἦν,
1732 4263 1828 4333 τὴν
1856 4263 1913 4315 δὲ

2030 537 2155 592 culi.
2188 537 2386 595 Scribit
2423 541 2562 595 enim
2594 541 2682 614 [Β.
2708 545 2837 609 ClV,
2881 549 3001 603 coll.
3041 565 3095 618 p.
3131 552 3221 615 51,
3247 551 3312 624 C]
3342 573 3354 608 :
3396 573 3414 606 ι
3437 553 3586 620 Quod

2036 645 2054 678 ι
2098 628 2141 683 si
2181 645 2307 683 vero
2347 632 2549 687 scribat
2583 650 2801 690 carnem
2842 654 2991 693 suam
3023 644 3279 710 prodesse
3314 646 3464 709 nihil,
3496 646 3585 715 qui

2034 737 2053 770 ι
2100 730 2274 787 potest
2302 723 2415 776 ﬁeri
2446 732 2501 777 ut
2522 727 2875 795 scripserit,si
2908 732 2987 783 illa
3021 748 3137 801 quae
3163 735 3227 788 de
3251 746 3389 789 terra
3414 746 3587 800 est,et

2034 828 2053 861 s
2099 812 2225 866 nihil
2260 816 2503 883 prodest,
2536 818 2587 870 in
2638 818 2815 873 futuro
2865 823 3257 890 saeculo,quasi
3304 826 3583 897 profutura

2034 919 2053 952 ι
2100 904 2350 971 multum,
2380 923 2499 960 cum
2524 909 2697 965 Verbo
2726 915 2926 966 versari
2952 915 3183 970 debeat?
3207 937 3226 968 ι

2677 1003 2826 1057 CAP.
2878 1004 2965 1058 IX.

2030 1085 2180 1151 Quod
2227 1105 2385 1142 ausus
2432 1102 2502 1144 est
2546 1093 2749 1167 dicere,
2797 1112 3004 1167 carnem
3058 1095 3383 1167 Servatoris,
3414 1097 3583 1155 Verbo

2342 1162 2719 1215 destituendum
2746 1181 2852 1217 esse
2879 1166 2929 1217 in
2956 1166 3057 1232 [ine
3081 1168 3277 1222 steculi.

2096 1249 2246 1315 Quod
2280 1251 2451 1321 ipsum
2482 1259 2657 1307 denuo
2709 1256 2965 1320 inculcat,
3003 1257 3129 1311 alibi
3162 1259 3406 1329 inquiens
3440 1278 3495 1314 τι
3523 1260 3580 1317 Si

2031 1355 2049 1387 ι
2098 1339 2260 1409 igitur
2295 1341 2347 1394 in
2385 1350 2626 1411 tempore
2665 1343 2753 1397 illo
2791 1348 3195 1401 restaurationis
3230 1351 3489 1416 omnium,
3528 1361 3583 1405 et

2031 1444 2048 1475 ι
2097 1427 2376 1493 ipsammet
2431 1440 2755 1494 creaturam,
2794 1434 2858 1487 de
2898 1436 3155 1489 servitute
3186 1436 3237 1489 in
3279 1437 3580 1492 libertatem

2033 1536 2050 1568 ι
2100 1521 2522 1574 transferendam
2565 1537 2684 1577 esse
2714 1526 2892 1579 docuit
2928 1525 3125 1580 Paulus
3152 1526 3247 1599 (ait
3271 1530 3410 1584 enim
3443 1531 3582 1599 quod

2033 1626 2051 1659 ι
2096 1618 2152 1662 et
2174 1610 2284 1677 ipsa
2312 1623 2551 1666 creatura
2576 1615 2879 1668 liberabitur
2898 1635 2928 1670 a
2946 1620 3185 1672 servitute
3213 1622 3580 1690 corruptionis,

1958 1695 1997 1750 Β
2030 1718 2049 1749 ι
2099 1700 2152 1751 in
2185 1699 2470 1754 libertatem
2501 1714 2698 1757 asserta
2720 1704 2900 1775 gloria:
2926 1706 3157 1774 ﬁliorum
3188 1708 3283 1761 Dei
3300 1710 3366 1778 ⁸⁸)
3396 1726 3410 1774 ;
3444 1726 3578 1778 quo-

2032 1809 2049 1841 ι
2096 1792 2251 1845 modo
2293 1794 2464 1848 adhuc
2490 1795 2733 1860 ulterius,
2779 1797 2862 1851 illa
2909 1800 3048 1853 servi
3073 1800 3263 1863 forma,
3300 1817 3457 1871 quam
3494 1819 3580 1856 asc-

2029 1900 2047 1932 ι
2095 1884 2321 1951 sumpsit
2347 1890 2404 1947 >14
2440 1884 2689 1953 Verbum,
2721 1903 2839 1942 cum
2892 1890 2962 1944 sit
3000 1890 3169 1945 forma
3198 1894 3362 1959 servi,
3404 1909 3498 1963 per
3521 1906 3579 1950 se

2028 1988 2047 2021 ι
2095 1971 2282 2040 ipsam,
2320 1988 2441 2028 cum
2476 1976 2650 2032 Verbo
2679 1980 2975 2036 consistere
3008 1984 3288 2051 poterit?»

2677 2237 2827 2295 CAP.
2868 2239 2934 2295 Χ.

2022 2316 2151 2380 Qua:
2179 2318 2247 2372 de
2268 2336 2423 2409 carne
2452 2320 2741 2409 Ser'vutoris
2767 2326 3054 2409 Scriptura:
3087 2334 3305 2409 doceant
3325 2351 3343 2390 :
3362 2346 3410 2391 et
3440 2341 3578 2409 quod

2332 2391 2618 2448 Marcellus
2638 2409 2823 2450 contra
2858 2391 2977 2454 illas
3016 2407 3260 2457 senserit.

2089 2544 2253 2600 Vides
2286 2546 2338 2600 in
2374 2564 2505 2615 quas
2537 2565 2695 2606 voces
2725 2553 2977 2623 irruperit
3008 2558 3098 2612 ille
3128 2571 3320 2616 contra
3358 2578 3576 2622 carnem

2021 2635 2323 2689 Servatoris
2350 2653 2364 2688 :
2404 2638 2629 2691 nescivit
2658 2649 2857 2704 autem,
2884 2647 3026 2711 quod
3058 2657 3181 2700 ante
3204 2648 3347 2702 illam
3383 2651 3433 2703 in
3465 2665 3578 2704 cm-

2019 2724 2097 2776 los
2132 2728 2577 2796 assumptionem,
2630 2740 2685 2785 et
2735 2742 2863 2785 ante
2899 2737 3200 2802 passionem
3255 2755 3405 2793 suam
3452 2756 3574 2795 cum

2016 2815 2190 2869 adhuc
2251 2817 2302 2869 in
2366 2827 2504 2872 terra
2572 2834 2902 2893 versaretur,
2959 2827 3101 2881 illam
3149 2830 3467 2899 gloriﬁcavit
3522 2834 3575 2889 in

2018 2912 2218 2957 monte.
2252 2904 2349 2959 Ubi
2376 2906 2504 2959 solis
2543 2909 2756 2965 selectis
2789 2913 2959 2968 tribus
2988 2916 3259 2986 discipulis
3289 2920 3575 2989 imaginem

2016 2993 2095 3044 sui
2122 2995 2267 3059 regni
2300 3004 2738 3064 repraesentavit:
2774 3014 2830 3057 ut
2864 3005 3227 3075 resplenderet
3250 3010 3365 3077 ejus
3387 3011 3572 3078 facies,

2020 3092 2073 3136 et
2099 3083 2235 3138 lucis
2265 3085 2469 3155 fulgore
2506 3093 2774 3149 radiaret:
2817 3094 2985 3151 Facta
3024 3110 3096 3153 est
3136 3103 3251 3171 ejus
3283 3102 3469 3170 facies,
3501 3107 3577 3158 ait

2020 3189 2169 3228 sacra
2205 3175 2504 3247 Scriptura,
2537 3184 2671 3238 sicut
2700 3187 2776 3239 sol
2807 3201 2826 3237 :
2872 3201 2919 3242 et
2961 3193 3264 3248 vestimenta
3297 3198 3409 3264 ejus
3455 3197 3578 3252 alba

2018 3267 2153 3319 sicut
2182 3269 2273 3322 uia:
2297 3269 2365 3324 ⁸⁷.
2396 3271 2505 3326 Nec
2550 3276 2808 3331 intellexit
2849 3280 3133 3348 qualeuam
3164 3300 3361 3355 corpus
3394 3288 3578 3357 gloria

2018 3353 2218 3408 Christi
2251 3357 2386 3411 dixit
2416 3360 2738 3427 Apostolus:
2793 3379 2905 3428 aut,
2935 3372 3075 3437 quod
3117 3353 3299 3429 nostra
3348 3353 3577 3446 corpora

2019 3444 2196 3499 l‘utura
2235 3449 2342 3502 sint
2370 3452 2664 3508 conformia
2714 3457 2831 3523 ejus
2863 3463 3096 3529 corpori,
3146 3465 3194 3517 id
3241 3472 3380 3534 quod
3419 3444 3577 3525 docet

2019 3535 2159 3589 idem
2190 3539 2401 3595 divinus
2427 3543 2526 3608 vir,
2561 3546 2807 3616 inquiens
2841 3567 2854 3603 :
2890 3551 2993 3615 Qui
3020 3556 3416 3622 trausformabit
3454 3577 3574 3614 cor-

2017 3642 2113 3694 pus
2148 3628 2244 3681 Itoc
2272 3629 2589 3687 humilitatis
2625 3647 2836 3703 nostrae,
2867 3653 2920 3693 ut
2954 3644 3218 3712 conforme
3242 3646 3336 3714 ﬁat
3368 3652 3575 3719 corpori

2015 3718 2200 3784 glorile
2227 3722 2391 3787 ipsius
2435 3723 2500 3780 ⁸⁸.
2562 3724 2671 3780 Nec
2717 3731 2967 3797 cognovit
3020 3747 3125 3802 quo
3171 3736 3383 3790 tandem
3418 3718 3575 3806 pacto

2017 3811 2393 3867 ascribemlum
2430 3817 2533 3870 erit
2571 3820 2798 3875 mortale
2852 3823 2993 3876 istud
3040 3826 3107 3879 ab
3147 3827 3571 3895 immortalitate,

2017 3913 2073 3954 ut
2109 3904 2184 3956 ait
2219 3906 2378 3971 idem,
2411 3906 2675 3965 Nolumus
2712 3914 2803 3967 illo
2833 3918 3120 3982 exspoliari
3147 3937 3164 3982 ;
3196 3922 3286 3973 sed
3338 3939 3576 3990 superre-

2014 3994 2155 4058 s'tiri,
2181 4007 2233 4046 ut
2260 3998 2598 4053 absorbeatur
2620 4002 2714 4054 hoc
2732 4006 2953 4060 mortale
2985 4024 3016 4060 a
3042 4012 3143 4063 vita
3179 4010 3242 4063 ⁸⁸.
3272 4009 3395 4066 Haec
3424 4012 3575 4083 igno—

2018 4096 2140 4135 rans
2194 4087 2394 4150 omnia,
2452 4087 2684 4143 Verbum
2736 4093 2948 4161 quidem
3003 4112 3310 4152 mansurum
3368 4103 3571 4155 unitum

2017 4171 2147 4235 Deo,
2187 4176 2279 4240 ait,
2316 4186 2375 4231 ut
2397 4179 2522 4233 olim
2558 4192 2675 4234 erat
2715 4202 2728 4237 :
2775 4198 2989 4240 carnem
3039 4203 3172 4242 vero
3210 4205 3237 4241 ιι
3276 4189 3453 4246 Verbo
3478 4193 3571 4247 de-

2017 4264 2282 4330 relictam,
2315 4272 2495 4322 nescio
2524 4274 2671 4339 quid,
2714 4284 2807 4327 aut
2850 4276 2938 4329 ubi
2992 4278 3248 4333 futuram.
3278 4284 3411 4335 Audi
3445 4299 3573 4337 Vero

355 4347 549 4415 σάρκα,
580 4349 1023 4417 καταλειφθεῖσαν
1058 4351 1158 4403 ὑπὸ
1182 4351 1274 4403 τοῦ
1314 4352 1507 4419 Λόγου,
1537 4353 1634 4404 οὐκ
1670 4349 1763 4405 οἶδ’
1810 4354 1837 4407 ὅ
1861 4372 1913 4407 τι

356 4438 795 4457 -ηιη.η
936 4442 1062 4457 ..ηρ
1322 4438 1578 4457 ...τι
1819 4443 1906 4457 -.

2021 4364 2076 4405 ut
2138 4354 2387 4423 loquatur
2434 4358 2522 4430 [Ιί.
2565 4362 2785 4435 CVIII]:
2840 4385 2859 4416 ι
2908 4366 3056 4433 Quod
3094 4371 3136 4421 si
3174 4372 3441 4439 quispiam
3509 4375 3576 4427 de

352 4438 481 4491 ποτὲ
535 4439 875 4510 γενήσεσθαι.
936 4442 1265 4495 Ἐπάκουσον
1316 4442 1361 4494 δ’
1406 4438 1497 4497 οὖν
1553 4444 1700 4506 ὅπως
1744 4443 1916 4497 ταῦτά

351 4546 547 4597 φησιν’
587 4550 603 4580 ι
647 4532 707 4582 Εἰ
736 4530 789 4583 δέ
822 4549 903 4594 τις
944 4533 1070 4603 περὶ
1111 4533 1205 4603 τῆς
1241 4534 1442 4603 σαρκὸς
1479 4534 1680 4605 ταύτης
1722 4535 1821 4605 τῆς
1858 4537 1915 4587 ὲν

355 4639 371 4670 ι
413 4621 490 4691 τῷ
522 4623 677 4692 Λόγῳ
705 4623 967 4677 ἀθανάτου
998 4625 1281 4692 γεγονυίας
1328 4626 1663 4689 πυνθάνοιτο,
1719 4628 1770 4680 τί
1811 4645 1905 4695 φα·

354 4731 371 4762 ι
412 4729 508 4782 μεν
553 4713 664 4783 (79)
705 4716 840 4784 πρὸς
897 4717 1056 4769 αὐτόν
1086 4734 1098 4781 ;
1124 4719 1206 4769 ὅτι
1252 4717 1599 4788 δογματίζειν
1630 4720 1727 4789 μὲν
1756 4722 1916 4790 ἡμεῖς

354 4821 372 4852 ι
415 4804 540 4874 περ).
571 4805 678 4857 τῶν
713 4806 784 4877 μὴ
810 4807 1052 4878 ἀκριϐῶς
1106 4810 1232 4881 περὶ
1264 4808 1370 4861 τῶν
1398 4809 1557 4862 θεῖων
1596 4810 1916 4881 μεμαθήκα-

2026 4462 2043 4494 ι
2093 4460 2252 4497 carne
2304 4449 2402 4503 hac
2439 4453 2751 4524 interroget,
2786 4473 2904 4525 qum
2954 4461 3004 4512 in
3043 4459 3215 4515 Verbo
3248 4473 3329 4516 est
3354 4465 3576 4518 immor-

2028 4552 2047 4584 ι
2098 4537 2238 4599 talis,
2270 4541 2398 4606 quid
2447 4544 2765 4611 sentiamus,
2799 4549 3059 4616 dicemus,
3100 4554 3241 4620 quod
3280 4565 3428 4608 certo
3460 4565 3574 4609 sta-

2028 4645 2045 4677 ι
2095 4638 2241 4682 tuere
2271 4630 2322 4684 iu
2360 4642 2529 4687 tutum
2558 4637 2886 4694 arbitramur
2920 4643 2984 4696 de
3034 4643 3209 4709 rebus,
3251 4658 3385 4712 quas
3420 4659 3450 4700 e
3489 4664 3574 4699 διι-

2031 4738 2049 4770 ‹
2096 4723 2207 4776 cris
2239 4723 2432 4779 litteris
2465 4743 2568 4781 non
2618 4745 2804 4787 sumus
2848 4733 3012 4786 docti.
3049 4734 3324 4799 Quomodo
3354 4736 3455 4790 hac
3486 4753 3571 4793 vna

2026 4829 2044 4860 ι
2096 4812 2345 4867 insistent
2380 4815 2474 4880 illi,
2506 4818 2597 4887 qui
2641 4820 2865 4874 aliorum
2916 4824 3162 4890 dogmata
3215 4828 3575 4883 subvertunt?

423 4989 480 5046 ἧς
515 4985 613 5038 Ed.
655 4985 847 5046 Paris"
880 5003 998 5055 pag.
1082 4989 1200 5042 177.
1234 4992 1279 5022 ⁸⁵
1313 4978 1466 5045 Rom.
1503 5004 1620 5051 vm,
1661 4990 1752 5044 “2|.
1825 4992 1869 5022 ⁸⁷
1898 4993 1919 5045 Β

2021 4994 2086 5048 th.
2118 5011 2249 5062 xvn,
2289 4998 2344 5052 2.
2420 4999 2465 5030 "
2490 5000 2682 5072 Philip.
2715 5020 2794 5071 ιιι,
2823 5005 2913 5059 2|.
2986 5006 3030 5037 ⁸³
3058 5005 3095 5059 II
3126 5005 3251 5063 Cor.
3271 5025 3320 5073 v,
3344 5008 3399 5064 4.

568 5163 733 5231 Vulgo
768 5164 946 5239 [Θεοῦ]
980 5170 1154 5245 δόξης.
1216 5173 1575 5245 Μρ.Χριστοῦ
1615 5178 1662 5230 δ.
1694 5191 1746 5234 et
1792 5181 1911 5236 dein

354 5230 643 5307 [stagnante
678 5230 1135 5307 μετεσχημάτισὲξ

423 5302 534 5384 (Ἱβ)
566 5302 1293 5384 ,Μετεσχημάτισεηιοοιιε
1339 5322 1419 5366 est
1459 5312 1647 5384 Philip.
1691 5333 1769 5380 ut.
1816 5319 1909 5382 2i,

351 5373 439 5423 ubi
473 5373 670 5446 legitur
699 5373 1227 5446 μετασχηματίσει,
1271 5398 1377 5445 quo
1403 5387 1557 5437 modo
1582 5373 1800 5439 omnino
1830 5373 1905 5442 le-I

350 5442 602 5515 gendum,
656 5442 710 5497 et
778 5442 1060 5515 ltic'apud
1135 5442 1418 5505 Eusebium
1479 5456 1779 5509 addendum
1840 5475 1903 5511 ex

350 5513 623 5591 Apostolo,
677 5518 818 5591 quod
874 5513 967 5571 hic
1011 5521 1178 5583 deest,
1224 5524 1310 5587 εις
1328 5521 1393 5575 τὸ
1447 5524 1722 5591 γενέσθαι
1761 5529 1905 5581 αὐτὸ

349 5581 725 5651 σύμμορφον.
762 5585 813 5638 lu
851 5590 1094 5655 sequenti
1152 5581 1573 5659 Ioco-Aposioli,
1615 5598 1650 5647 II
1687 5597 1810 5651 Cor.
1850 5615 1905 5653 ν.

349 5651 403 5711 4,
467 5664 548 5704 est
613 5655 909 5710 deiectus:
969 5658 1252 5727 legendum
1314 5661 1721 5727 ἐκδύσασθαι,
1771 5668 1906 5721 ἀλλ’

392 5692 403 5711 ,
470 5685 548 5704 θυι
613 5685 853 5710 uctccul:
897 5685 909 5709 ὅ
969 5685 1252 5727 ΙτδυΙΙυυΙΙΙ
1314 5685 1721 5731 εκουσασυαι,
1771 5685 1861 5721 αλ.

2020 5183 2461 5238 ἐπενδύσασθαι
2489 5187 2606 5240 ἵνα.
2638 5185 2707 5241 Μ.

2091 5254 2199 5327 (36)
2234 5253 2411 5327 fulgo
2431 5256 2651 5327 ἔγραψει

2086 5323 2195 5394 (77)
2232 5323 2478 5394 Μρίάλλ¹
2500 5323 2917 5389 ἐπενδύσασθαι,

2086 5395 2196 5465 (78)
2230 5395 2394 5465 Vulgo
2431 5396 2629 5465 μένειν.

2087 5464 2195 5533 (79)
2219 5464 2941 5554 Πρόςταὺτόν..Ηίο,[1εε.ει
2977 5470 3227 5554 ἐροῦμεν,
3272 5470 3456 5554 statim
3498 5473 3577 5529 ιρτ

2012 5530 2192 5611 gerem
2218 5535 2345 5604 περὶ
2377 5530 2486 5611 ὧν,
2514 5538 2586 5608 μὴ
2618 5538 2859 5611 ἀκριϐῶς
2880 5541 2943 5593 ὲκ
2962 5530 3070 5596 τῶν
3098 5530 3278 5607 θείων,
3310 5553 3362 5596 et
3396 5554 3570 5595 tamen

2014 5602 2194 5687 paulo.
2221 5602 2341 5687 post
2390 5602 2585 5665 eodem
2636 5602 2793 5666 modo
2841 5602 3039 5684 legitur
3096 5616 3220 5687 περὶ
3265 5602 3375 5683 ⁷τῆς
3422 5611 3572 5681 θείας

2016 5670 2255 5743 Γραφῆς.
2282 5670 2353 5727 Μ.
