4050 6206
497 270 639 330 1019

1170 274 1432 330 EUSEBH
1469 274 1940 331 CESARIENSIS
1978 275 2042 330 01

2170 271 2347 327 PARS
2384 272 2469 327 IV.
2508 304 2578 315 -—
2617 272 3025 331 DOGMA'LCA.

3578 274 3719 328 1010

504 403 525 437 ι
570 386 649 439 Ad
682 386 802 438 illos
828 400 953 439 vero
979 383 1066 453 qui
1092 396 1335 438 exactam
1361 386 1426 440 de
1455 388 1613 439 rebus
1645 388 1760 440 istis
1793 387 2042 439 rationem

2160 402 2179 434 ι
2227 400 2325 453 μιν
2360 381 2607 451 Γραφῶν,
2659 383 2757 433 οὐκ
2791 382 3026 451 ἀσφαλὲς
3066 376 3201 432 εἶναι
3229 380 3538 451 νομίζομεν.
3589 384 3721 448 Πῶς

503 496 525 529 ι
573 495 601 531 a
633 478 785 530 nobis
809 478 1054 553 exigunt,
1087 476 1376 543 inquimus,
1409 478 1549 546 quod
1575 488 1761 531 sancto
1796 476 2051 542 Apostolo

503 584 526 621 ι
572 568 1050 635 obtemperandnm
1090 568 1292 621 scimus
1333 583 1472 633 esse,
1506 569 1597 635 qui
1643 568 1894 636 mysteria
1930 569 2050 620 abs-

503 676 523 711 (
570 659 805 718 condita,
850 658 915 709 ad
969 657 1113 709 illum
1166 660 1401 722 modum,
1447 674 1604 727 quem
1675 660 1785 725 ipse
1839 660 2047 721 statuit,

504 770 522 803 ι
571 752 857 803 scrutanda
910 750 1092 801 docuit
1133 768 1147 804 :
1202 747 1445 802 Videmus
1488 751 1621 803 enim
1662 768 1818 811 nunc,
1858 752 2048 817 inquit,

506 859 523 891 ι
570 851 816 905 tanquam
864 854 955 903 per
987 839 1249 904 speculum
1298 839 1350 890 in
1394 839 1711 904 a’nigmute:
1764 852 1883 889 tunc
1936 854 2049 890 vero

503 949 523 984 ι
569 930 703 996 facie
740 930 809 979 ad
838 929 1027 996 [aciem
1062 929 1129 990 ὀ,
1171 940 1223 981 et
1252 934 1308 990 »Β
1349 945 1466 997 quae
1511 942 1821 995 sequuntur.
1856 926 1929 980 Ne
1969 944 2051 980 me

501 1036 523 1073 α
568 1021 865 1087 interroges
894 1036 1040 1086 ergo,
1072 1022 1134 1071 de
1166 1022 1324 1072 rebus
1350 1035 1469 1087 qua:
1493 1036 1595 1072 non
1624 1028 1839 1071 eXstant
1868 1029 2051 1085 aperte

502 1127 523 1162 ι
572 1110 779 1163 traditae
810 1110 858 1161 in
894 1109 1189 1177 Scripturis
1243 1111 1411 1163 sacris
1447 1129 1459 1161 :
1501 1111 1641 1163 unde
1685 1119 1887 1162 certum
1921 1108 2049 1176 quid

502 1218 522 1253 ι
568 1211 801 1253 statuere
852 1215 952 1251 non
1002 1216 1217 1267 possunt
1264 1200 1328 1251 de
1378 1215 1557 1262 carne,
1606 1199 1757 1265 cujus
1787 1201 2049 1267 particeps

503 1307 523 1341 ι
569 1299 689 1343 erat
727 1289 983 1341 Verbum.
1031 1289 1129 1352 Qui
1173 1299 1350 1341 autem
1402 1288 1602 1341 fatetur
1646 1303 1704 1341 se
1752 1304 1854 1339 non
1897 1302 2049 1355 posse

503 1398 523 1430 ι
572 1381 635 1432 de
688 1380 986 1446 Scripturis
1036 1382 1377 1447 respondere,
1432 1380 1589 1433 simul
1638 1380 1952 1442 conﬁtetur,
1992 1394 2049 1433 se

500 1488 523 1522 ι
572 1471 702 1523 nihil
732 1471 863 1524 certi
896 1473 959 1523 de
997 1469 1287 1539 Srriptnris
1322 1472 1594 1525 didicisse.
1624 1490 1642 1523 ο
1674 1470 2047 1536 llujuscemodi

498 1561 589 1615 ille
623 1562 687 1615 de
714 1562 816 1615 bac
844 1579 1004 1615 carne
1038 1564 1191 1616 scivit
1225 1581 1238 1616 :
1272 1579 1372 1616 non
1399 1576 1615 1631 accepta
1642 1565 1707 1616 de
1733 1563 2045 1628 Scriptor-is,

497 1666 603 1705 non
658 1651 723 1705 ab
769 1653 890 1705 aliis
938 1664 1218 1719 oceupata,
1261 1669 1363 1707 non
1393 1668 1423 1707 e
1458 1655 1745 1707 traditione
1798 1653 2049 1707 Ερεῑεδὶεο

2159 492 2179 525 ι
2219 473 2327 545 γὰρ
2344 474 2501 525 τοῦτο
2526 474 2781 544 πράττειν
2796 473 3016 525 δυνατὸν
3046 475 3155 534 τοῖς
3179 472 3357 524 καὶτὰ
3382 473 3581 543 ἑτέρων
3603 477 3717 543 (80)

2158 582 2177 616 ι
2214 564 2577 635 ἀνατρέπουσι
2599 564 2866 633 δόγματας
2908 562 3042 613 Ἀλλ’
3069 562 3297 632 ἐροῦμεν
3328 565 3457 634 πρὸς
3477 566 3603 628 τοὺς
3626 567 3720 618 τὸν

2158 676 2176 708 ι
2212 656 2410 727 ἀκριὸῆ
2449 657 2571 726 περὶ
2602 654 2789 707 τούτου
2815 655 3001 724 μαθεῖν
3024 654 3147 724 παρ’
3177 653 3331 723 ἡμῶν
3364 654 3723 725 βουλομένους

2156 766 2175 799 ι
2213 748 2501 815 λόγον,ὂτι,
2526 746 2920 817 πειθόμενοιτῷ
2942 744 3068 815 ἱερῷ
3096 746 3421 815 ’Λποστόλῳ,
3440 747 3616 816 ἴσμεν,
3634 748 3720 800 ὅτε

2159 857 2177 889 ‹
2221 838 2391 900 οὕτως
2440 840 2587 907 ἡμᾶς
2640 840 2769 909 ὀρᾷν
2820 836 2886 889 τὰ
2938 837 3397 906 ἀποκεκρυμμένα
3444 840 3723 909 μυστήρια

2158 948 2175 979 ι
2218 930 2501 999 προσήκει,
2550 928 2624 989 ὡς
2672 929 2831 989 αὐτὸς
2879 927 3013 996 ἔφη·
3068 926 3378 995 Βλέπομεν
3421 928 3529 996 γὰρ
3562 930 3720 997 ἄρτι,

2157 1038 2175 1070 ι
2213 1020 2361 1087 φησι,
2389 1017 2461 1069 δι’
2489 1018 2806 1085 εισόπτρου
2823 1018 2890 1069 ἐν
2910 1017 3204 1085 αἰνίγματι
3225 1032 3239 1046 ο
3272 1018 3397 1069 τότε
3427 1017 3493 1069 δὲ
3522 1020 3723 1085 πρόσ-

2157 1126 2176 1157 ι
2215 1121 2374 1160 ωπον
2425 1109 2572 1174 πρὸς
2622 1110 2963 1175 πρόσωπον,
3024 1110 3116 1160 καὶ
3150 1108 3217 1160 τὰ
3249 1108 3404 1176 ἑξῆς·
3449 1109 3589 1162 ὥστε
3635 1111 3720 1181 μή

2155 1215 2174 1247 ι
2221 1214 2319 1266 μου
2350 1198 2617 1250 πυνθάνου
2648 1200 2773 1267 περὶ
2803 1190 2874 1248 ὧν
2904 1196 3088 1263 σαφῶς
3113 1196 3262 1268 παρὰ
3291 1198 3389 1266 τῆς
3407 1197 3546 1261 θείας
3574 1199 3723 1268 Γρα-

2158 1305 2175 1337 ι
2214 1288 2318 1356 φῆς
2342 1290 2414 1358 μὴ
2448 1289 2739 1357 μεμάθηκα
2763 1305 2776 1317 ·
2807 1288 2892 1340 διὰ
2923 1288 3081 1340 τοῦτο
3111 1288 3287 1340 τοίνυν
3321 1289 3435 1341 οὐδὲ
3466 1290 3722 1361 περὶτῆς

2156 1397 2174 1429 ι
2214 1379 2357 1442 θείας
2391 1380 2498 1449 (81)
2535 1380 2749 1449 Γραφῆς
2779 1378 2989 1447 ἐκείνης
3021 1380 3117 1446 τῆς
3158 1380 3235 1448 τῷ
3271 1380 3427 1449 Λόγῳ
3456 1398 3722 1451 κοινωνη-

2155 1488 2173 1520 ι
2217 1472 2384 1539 σάσης
2415 1470 2612 1541 σαρκὸς
2638 1469 2819 1537 σαφῶς
2866 1472 3036 1522 εἰπεῖν
3066 1469 3383 1539 δυνήσομαι.
3418 1468 3527 1523 Εἶθ’
3553 1474 3581 1524 ὁ
3610 1490 3724 1543 μη-

2157 1578 2175 1611 (
2214 1561 2301 1613 δὲν
2329 1562 2505 1627 λέγειν
2546 1561 2800 1613 δύνασθαι
2846 1560 3140 1629 ὁμολογῶν,
3179 1561 3312 1630 μηδὲ
3342 1562 3719 1631 μεμαθηκέναι

2158 1670 2176 1704 ι
2216 1670 2266 1706 τι
2295 1653 2401 1705 ἀπὸ
2439 1653 2540 1723 τῆς
2581 1653 2821 1722 Γραφῆς.
2862 1672 2880 1703 ι
2916 1651 3153 1705 Τοιαῦτα
3197 1653 3325 1722 περὶ
3372 1654 3473 1722 τῆς
3514 1655 3717 1725 σαρκὸς

497 1743 703 1805 doctus,
733 1744 830 1796 sibi
862 1760 985 1796 vero
1016 1746 1245 1797 conﬁcta
1274 1764 1287 1798 :
1318 1756 1371 1798 et
1404 1746 1470 1797 de
1502 1762 1599 1799 suo
1624 1746 1852 1799 cerebro
1881 1762 2042 1799 exco—

2150 1727 2480 1814 ἀπεερήνατο,
2497 1715 2742 1795 ⁷οὔτείάτῶ
2759 1715 2861 1812 ἧς
2890 1744 3108 1813 Γραφῆς
3138 1715 3315 1797 λαὸῷν
3342 1715 3450 1796 οὔτ’
3474 1746 3566 1813 ἀφ’
3587 1715 3715 1798 ’έτέζ

492 1844 663 1900 gitata
690 1850 702 1885 :
740 1837 1103 1902 peregrinum,
1130 1846 1183 1888 et
1214 1838 1443 1889 alienum
1466 1853 1492 1889 a
1517 1838 1736 1891 veritate
1761 1840 2044 1908 genimeu:

500 1939 595 1975 nec
625 1937 741 1977 erat
772 1926 843 1977 illi
874 1926 923 1977 in
960 1927 1140 1977 animo
1172 1926 1447 1994 Scriptura
1491 1929 1761 1997 inquiens,
1793 1928 1874 1981 Ne
1898 1930 2047 1998 adje-

494 2017 623 2067 ceris
651 2016 717 2067 ad
755 2033 1016 2068 sermones
1056 2019 1187 2085 ejus,
1214 2034 1276 2069 ne
1302 2029 1347 2069 te
1378 2028 1648 2085 coarguat.
1680 2030 1726 2071 et
1756 2021 1808 2071 in
1838 2026 2049 2072 menda-

494 2111 574 2158 cio
613 2110 1014 2174 deprehendaris
1051 2110 1115 2160 ἰ.
1178 2109 1259 2169 Et,
1308 2108 1395 2162 Vw
1438 2110 1503 2161 iis
1539 2111 1628 2178 qui
1663 2112 1725 2163 de
1762 2127 1856 2163 suo
1893 2113 2047 2163 corde

493 2198 797 2262 prop/telam
824 2199 888 2249 ⁸⁸.
924 2197 1131 2251 Intuere
1161 2207 1339 2251 autem
1376 2210 1573 2268 quanta
1602 2216 1659 2254 se
1685 2202 2045 2254 circumduxit

496 2286 791 2353 impietate.
824 2286 921 2351 Qui
956 2290 1099 2341 enim
1156 2290 1461 2342 universam
1508 2290 1649 2343 illam
1692 2292 2043 2361 theologicam

496 2376 753 2428 rationem
782 2378 845 2429 de
878 2377 1012 2430 Filio
1052 2380 1328 2447 unigenito
1358 2383 1767 2448 prwexsistente
1813 2384 1877 2435 ad
1924 2399 2046 2437 car-

493 2479 613 2517 nem
644 2464 854 2530 dejecit,
895 2479 948 2518 et
997 2476 1201 2519 tantum
1252 2484 1355 2520 non
1404 2468 1645 2522 lauream
1690 2471 1764 2522 illi
1808 2471 2044 2524 victorian

494 2556 769 2624 prmmium
810 2557 987 2609 verbis
1032 2557 1405 2612 disertissimis
1465 2560 1856 2627 superinduxit.
1914 2560 2043 2612 Nam

493 2649 539 2703 is
578 2650 665 2717 qui
709 2650 864 2712 dixit,
901 2649 991 2702 Dei
1024 2650 1253 2703 Verbum
1297 2668 1392 2718 per
1439 2654 1889 2705 resurrectionem
1918 2668 2044 2720 pro-

492 2757 714 2796 curasse
746 2744 1196 2797 immortalitatem
1236 2746 1481 2797 lmmunze
1510 2746 1680 2808 carni,
1705 2755 1758 2797 et
1790 2754 2042 2812 tanquam

493 2849 691 2888 corona
753 2835 1061 2887 redimitum
1119 2834 1184 2886 ad
1248 2834 1339 2887 Dei
1407 2834 1651 2887 dextram
1708 2837 2044 2888 ascendendo

491 2925 834 2979 consedisse:
871 2927 1010 2978 idem
1046 2926 1159 2993 ipse
1188 2925 1261 2977 ait
1288 2925 1427 2977 illam
1474 2928 1683 2979 inanem
1730 2935 1784 2979 ct
1823 2940 2039 2979 vacuant

490 3014 724 3067 futuram
772 3015 821 3067 in
866 3015 971 3069 [itte
1014 3014 1193 3066 umndi
1227 3030 1240 3067 :
1270 3016 1392 3066 dum
1425 3013 1659 3067 Verlmm
1689 3015 1873 3067 adunit
1913 3017 2040 3078 Deo,

2154 1851 2257 1904 ρων
2282 1836 2390 1903 (8‘2)
2410 1834 2756 1905 παραλαὸὡν’
2783 1835 2841 1887 οῦ
2852 1838 2890 1887 τ’
2910 1834 3018 1887 ἀπὸ
3036 1835 3135 1903 τῆς
3164 1835 3484 1905 Ἐκκλησίας
3507 1837 3711 1906 μαθὼν.

2149 1924 2321 1994 ἑαυτῷ
2349 1926 2403 1977 δὲ
2428 1926 2741 1988 ἀναπλάσας
2768 1927 2860 1978 καὶ
2886 1927 2984 1995 τῆς
3006 1928 3208 1989 οἰκείας
3226 1927 3573 1999 ἐνθυμήσεως
3597 1930 3714 1981 ἐπι-

2148 2018 2342 2083 νοήσας
2395 2015 2539 2078 ξένον
2590 2018 2682 2069 καὶ
2728 2017 2826 2086 τῆς
2859 2017 3114 2087 ἀληθείας
3143 2018 3415 2088 ἀλλότριον
3446 2020 3711 2089 γέννημα,

2151 2106 2313 2176 μηδὲν
2360 2108 2416 2158 ὲν
2464 2106 2537 2176 νῷ
2610 2107 2787 2161 λαϐὼν
2835 2110 2933 2179 τὴν
2983 2108 3243 2177 λέγουσαν
3294 2111 3332 2161 Γ
3339 2113 3514 2180 ραφήν
3550 2128 3563 2140 ·
3612 2113 3712 2178 Μὴ

2149 2195 2415 2262 προσθῇς
2434 2196 2554 2263 τοῖς
2578 2199 2780 2267 λόγοις
2810 2200 3014 2261 αὑτοῦ,
3024 2200 3253 2269 μήποτε
3267 2201 3442 2269 ἑλέγξ
3452 2219 3482 2267 ῃ
3497 2216 3587 2254 σε’
3613 2203 3713 2255 καὶ

2146 2285 2379 2353 ψευδὴς
2407 2286 2549 2355 γένῃ
2570 2305 2583 2317 '
2616 2290 2728 2351 καὶ,
2755 2291 2897 2343 Οὐαὶ
2926 2291 3047 2355 τοῖς
3067 2294 3547 2360 προφητεύουσιν
3591 2294 3711 2346 ἀπὸ

2147 2376 2393 2443 καρδίας
2424 2379 2641 2432 αὐτῶν.
2681 2382 2820 2450 Ὅρα
2875 2381 2919 2434 δ’
2949 2378 3040 2435 οὖν
3083 2383 3182 2454 ὅσῃ
3230 2382 3507 2453 ὀυσσεόείᾳ
3552 2399 3712 2451 περι-

2147 2467 2454 2522 πέπτωκεν.
2497 2470 2554 2522 Ὀ
2585 2471 2691 2540 γὰρ
2726 2470 2823 2541 τὴν
2848 2474 3023 2525 πᾶσαν
3058 2474 3184 2542 περὶ
3212 2472 3304 2524 τοῦ
3330 2474 3706 2542 προῦπάρχον-

2145 2572 2235 2620 τος
2276 2558 2592 2627 μονογενοῦς
2619 2559 2746 2612 Υἱοῦ
2775 2561 3065 2629 θεολογίαν,
3091 2563 3181 2614 ἐπὶ
3208 2563 3303 2633 τεὴν
3330 2564 3496 2632 σάρκα
3526 2580 3703 2615 κατα-

2147 2647 2341 2711 ϐαλὼν,
2372 2651 2551 2713 αὐτοῖς
2572 2668 2628 2703 τε
2667 2653 2871 2722 ῥήμασι
2894 2655 3047 2724 νίκης
3080 2654 3337 2722 στέφανον
3375 2654 3534 2724 αὐτὴν
3573 2656 3709 2706 ἀνα-

2144 2740 2430 2810 γορεύσας,
2458 2740 2627 2805 οὕτως
2673 2744 2803 2813 ἔφη·
2834 2745 2922 2797 τὸν
2950 2745 3041 2797 τοῦ
3074 2745 3208 2798 Θεοῦ
3255 2748 3422 2813 Λόγον
3464 2748 3562 2817 τὴν
3616 2747 3711 2799 ἄν·

2146 2829 2421 2902 θρωπίνην
2464 2833 2642 2905 σάρκα
2686 2836 2772 2887 διὰ
2806 2837 2903 2905 τῆς
2936 2836 3281 2899 ἀναστάσεως
3312 2838 3572 2891 ἀθάνατον
3609 2855 3705 2904 γε-

2144 2921 2325 2975 νέσθαι
2376 2927 2859 2994 παρεσκευακέναι,
2898 2929 2988 2981 καὶ
3020 2929 3206 3001 ὥσπερ
3229 2929 3349 2982 τινὰ
3399 2930 3510 2999 (85)
3549 2931 3708 2998 νίκην

2145 3014 2404 3082 στέφανον
2450 3015 2849 3087 ἀναδησάμενον
2876 3021 2932 3071 ὲν
2962 3019 3109 3091 δεξιᾷ
3142 3020 3236 3072 τοῦ
3290 3022 3504 3091 Πατρὺς
3536 3021 3700 3073 καθέ-

490 3118 709 3157 carnem
754 3118 881 3155 vero
930 3113 1139 3170 separat
1179 3105 1244 3158 ab
1276 3105 1527 3172 Operibus
1556 3103 1710 3157 Verbi
1740 3122 1753 3157 :
1799 3114 1852 3158 et
1885 3105 2042 3158 relin-

2148 3105 2353 3169 ζεσθαι,
2388 3100 2539 3170 οὗτος
2567 3109 2727 3171 αὐτός
2753 3128 2913 3181 φησιν
2939 3112 3103 3181 αὐτὴν
3140 3112 3340 3183 ἔρημον
3368 3114 3589 3165 ἔσεσθαι
3616 3114 3709 3166 καὶ

489 3197 605 3264 quit
654 3195 834 3246 nescio
881 3194 967 3247 ubi
1004 3196 1313 3247 destitutam
1355 3212 1367 3246 :
1402 3194 1755 3247 immortalem
1803 3205 1948 3250 certe
1990 3206 2045 3250 et

489 3284 945 3349 incorruptibilem
973 3301 987 3337 :
1023 3284 1310 3337 inanimem
1337 3300 1481 3348 vero,
1508 3294 1561 3338 et
1587 3285 1838 3340 destituta
1870 3287 2043 3340 Verbo

492 3377 561 3429 ab
589 3376 733 3429 omni
766 3390 925 3444 opere
951 3376 1251 3429 leriantem.
1283 3376 1409 3441 Quae
1448 3377 1558 3444 ipsa
1590 3377 1657 3430 de
1694 3393 1798 3431 non
1835 3378 2043 3432 intelle—

489 3469 591 3521 ctis
619 3466 1020 3533 Scripturarum
1055 3466 1376 3519 lectionibus
1419 3467 1661 3520 stabilire
1690 3468 1870 3521 voluit.
1908 3468 2041 3522 Nam

485 3573 609 3612 cum
640 3560 895 3610 Servator
928 3558 991 3610 ad
1019 3572 1130 3621 eos,
1160 3558 1249 3626 qui
1286 3574 1388 3610 non
1417 3558 1703 3625 capiebant
1732 3574 2039 3613 serm0nem

485 3664 664 3713 suum,
704 3650 768 3701 de
791 3663 951 3701 carne
978 3664 1068 3700 sua
1096 3659 1149 3700 et
1174 3650 1433 3716 sanguine
1474 3650 1828 3702 disserentem
1890 3650 2037 3703 dice-

488 3753 588 3807 ret,
612 3743 836 3795 Hoccine
851 3758 934 3793 vos
958 3741 1323 3793 scandalizat?
1343 3740 1402 3793 Si
1430 3756 1549 3807 ergo
1575 3740 1808 3792 videritis
1840 3738 2037 3792 Filium

484 3835 707 3888 hominis
742 3834 1100 3885 ascendentem
1129 3832 1215 3884 ubi
1242 3839 1354 3882 erat
1386 3831 1547 3896 prius.
1578 3832 1802 3895 Spiritus
1828 3842 1922 3891 est,
1948 3834 2037 3901 qui

485 3925 749 3991 vivi/ient:
794 3940 916 3975 caro
970 3940 1071 3975 non
1122 3922 1326 3988 prodest
1364 3921 1667 3989 quidquam.
1713 3920 1880 3975 Verba
1921 3939 2037 3989 qua:

483 4033 576 4085 ego
600 4018 800 4068 locutus
831 4032 943 4068 sum
967 4014 1107 4068 vobis
1138 4014 1349 4080 spiritus
1379 4024 1423 4064 et
1455 4014 1554 4065 vita
1584 4025 1701 4065 sunt
1726 4015 1815 4067 °".

482 4202 638 4263 .lnna
660 4195 816 4263 ὑμῖν,
848 4196 1079 4262 πνευμά
1100 4195 1229 4246 ἐστι
1255 4194 1348 4245 καὶ
1377 4191 1484 4261 ζωή
1516 4194 1664 4245 ἐστι.

1123 4281 1271 4336 CAP.
1315 4280 1398 4335 XI.

485 4376 635 4439 Quod
663 4390 834 4445 rorem
862 4373 1209 4445 evangelicum
1228 4389 1342 4445 non
1370 4372 1685 4445 intelligens,
1718 4375 1851 4428 dixit
1878 4392 2030 4428 scan-

554 4444 839 4507 -dultzurc,
871 4456 916 4497 et
948 4444 1078 4495 nihil
1104 4444 1346 4510 prodesse
1370 4458 1582 4495 carnem
1619 4444 1933 4498 Serentoris.

551 4602 781 4655 Sensum
820 4601 1101 4653 verborum
1145 4615 1246 4650 non
1282 4599 1707 4665 apprehendens,
1752 4600 2033 4652 existima-

480 4696 557 4748 vit
582 4693 727 4747 illum
759 4693 845 4744 ltic
877 4692 1095 4756 rejicere
1142 4695 1198 4750 >14
1253 4704 1467 4743 carnem
1500 4705 1656 4756 quam
1678 4698 2038 4758 assumpserat

478 4788 547 4840 de
598 4794 784 4838 sancta
841 4781 1077 4848 Virgine.
1131 4786 1304 4849 Atque
1355 4782 1549 4834 exinde
1607 4782 1871 4835 conticere
1920 4784 2033 4835 vult

480 4877 633 4941 illud,
672 4883 791 4943 post
837 4873 1018 4926 umndi
1071 4871 1588 4925 constmnnationem
1636 4870 2029 4935 Dei,Verbum,

478 4969 634 5039 plane
668 4966 919 5019 nudatam
953 4966 1097 5016 omni
1128 4963 1434 5029 operatione
1480 4976 1695 5016 carnem
1744 4979 1893 5016 suam
1939 4968 2051 5017 de-.

555 5065 611 5121 >14
642 5059 735 5111 Ed.
766 5056 957 5120 Paris.,
993 5070 1111 5125 pag.
1136 5054 1256 5108 178.
1288 5055 1407 5109 179.
1483 5056 1528 5087 ⁹⁰
1556 5054 1573 5107 l
1608 5056 1731 5110 Cor.
1764 5071 1884 5116 xm,
1922 5056 2004 5113 12.

475 5128 643 5183 διοϋι

548 5292 658 5362 (80)
704 5291 1120 5362 Ἀνατρέπουρνι
1156 5288 1433 5362 δόγματα.
1456 5288 1653 5362 Asterii
1686 5288 1950 5362 nimirum
1976 5298 2029 5344 et

477 5358 823 5421 Arianorum,
855 5358 987 5428 unus
1020 5358 1304 5411 Marcellus
1347 5360 1703 5426 oppugnabat.
1758 5358 1878 5410 ideo
1910 5361 2029 5411 sine

408 5457 427 5461 -
477 5431 695 5483 disertis
728 5429 1018 5498 Scriptum
1056 5431 1253 5493 verbis,
1306 5430 1373 5481 ad
1416 5428 1624 5481 illorutn
1679 5429 2027 5495 quaestionem

478 5515 582 5552 non
626 5515 1004 5559 responsurum
1037 5512 1095 5552 se
1125 5500 1217 5553 ait.
1257 5499 1333 5551 Ad
1372 5498 1504 5552 alios
1540 5513 1665 5551 vero
1700 5499 1789 5566 qui
1826 5499 2031 5565 simpli-

476 5571 632 5632 citer,
672 5584 767 5619 nec
796 5569 1081 5636 ἐριστικῶς
1126 5572 1477 5635 interrogent,
1507 5583 1563 5620 se
1598 5569 1887 5622 dicturum.
1921 5566 2028 5620 Ita-

475 5655 579 5706 que
613 5637 862 5709 ρνοίπρὸς
885 5638 1026 5699 τούς,
1061 5642 1287 5709 lugerem
1314 5638 1467 5709 πρὸς
1513 5637 1724 5705 ἄλλους,
1768 5638 1849 5692 vel
1890 5638 2031 5691 ἐκεί-

473 5726 613 5773 νους,
648 5708 773 5769 τοὺς
804 5706 891 5760 τὸν
921 5706 1139 5779 ἀκριϐῆ,
1172 5720 1275 5763 etc.
1310 5707 1379 5762 Μ.

2146 3204 2385 3275 ὀρφανὴν
2413 3206 2468 3257 ὲν
2495 3204 2570 3276 τῷ
2602 3206 2694 3259 τοῦ
2716 3210 2910 3272 παντὸς
2929 3209 3068 3262 τέλει
3094 3227 3106 3240 ·
3144 3211 3277 3263 ένῶν
3313 3212 3410 3281 μὲν
3433 3212 3521 3264 τὸν
3540 3213 3707 3279 Λόγον

2147 3293 2224 3364 τῷ
2249 3294 2385 3365 Θεῷ,
2412 3296 2507 3367 τὴν
2540 3297 2595 3350 δὲ
2631 3298 2806 3369 σάρκα
2835 3301 3080 3372 χωρίζων
3113 3302 3209 3370 τῆς
3230 3301 3322 3353 τοῦ
3346 3302 3515 3370 Λόγου
3559 3303 3709 3372 ἐνερ-

2149 3390 2320 3457 γείας,
2352 3391 2444 3444 καὶ
2483 3392 2795 3448 καταλιπὼν
2834 3395 3020 3465 αὐτὴν,
3050 3397 3149 3448 οὐκ
3184 3393 3277 3449 οἶδ’
3310 3398 3474 3459 ὅπως,
3507 3398 3702 3450 ἀθάνα-

2144 3493 2234 3528 τον
2282 3478 2380 3546 μὲν
2424 3480 2515 3530 καὶ
2560 3480 2857 3551 ἄφθαρτον,
2893 3483 3094 3553 ἄψυχον
3123 3484 3177 3536 δὲ
3220 3486 3309 3537 καὶ
3352 3488 3697 3558 άνενέργητον

2145 3565 2250 3617 ὑπὸ
2279 3565 2370 3617 τοῦ
2405 3567 2594 3634 Λόγου.
2646 3571 2754 3622 Καὶ
2790 3571 2961 3623 ταῦτα
3004 3572 3058 3623 δὲ
3110 3574 3268 3626 πάλιν
3304 3577 3365 3627 ἐκ
3406 3576 3513 3628 τῶν
3554 3575 3699 3628 θείων

2142 3657 2599 3727 ἀναγνωσμάτων,
2634 3661 2668 3713 ἃ
2720 3662 2793 3733 μὴ
2829 3664 3071 3734 νενόηκε,
3129 3669 3379 3737 συνιστᾷν
3431 3670 3702 3737 πειρᾶται.

2142 3746 2247 3798 Τοῦ
2287 3747 2391 3817 γὰρ
2430 3750 2681 3822 Σωτῆρος
2740 3754 2894 3824 ἡμῶν
2948 3758 3081 3828 πρὸς
3136 3758 3259 3820 τοὺς
3301 3758 3373 3828 μὴ
3428 3760 3707 3821 συνιέντας

2141 3836 2239 3900 τὰς
2270 3838 2395 3908 περὶ
2427 3840 2525 3908 τῆς
2550 3844 2750 3913 σαρκὸς
2776 3846 2867 3897 καὶ
2896 3845 2989 3898 τοῦ
3021 3848 3248 3917 αἵματος
3274 3849 3434 3901 αὐτοῦ
3455 3850 3705 3902 διδασκαο

2144 3928 2262 3991 λίας
2283 3931 2560 4000 εἰρηκότος
2576 3949 2588 3962 °
2633 3935 2809 3988 Τοῦτο
2834 3934 2987 4005 ὑμᾶς
3013 3938 3424 4004 σκανδαλίζειδ
3460 3940 3568 3993 ἐὰν
3592 3934 3708 3994 οὖν

2143 4018 2394 4085 θεωρῆτε
2438 4020 2543 4073 τόν
2598 4023 2734 4076 Υίὸν
2766 4025 2870 4078 τοῦ
2904 4028 3212 4094 ἀνθρώπου
3270 4032 3700 4091 ἀναϐαίνοντα,

384 4110 395 4125 ¹
484 4104 634 4159 ὅπου
669 4104 743 4171 ἦν
765 4104 827 4156 τὸ
847 4101 1225 4170 πρότερον.τὸ
1246 4099 1480 4168 Πνεῦμα
1496 4101 1623 4153 ἐστι
1648 4100 1709 4152 τὸ
1730 4101 2066 4167 ζωοποιοῦν,
2108 4105 2143 4172 ἡ
2166 4106 2319 4173 σὰρξ
2375 4109 2483 4161 οὐκ
2505 4109 2722 4179 ὠφελεῖ
2762 4114 2956 4167 οὐδέν·
2980 4118 3299 4186 τάριὶματα
3320 4121 3355 4171 ἀ
3386 4118 3495 4188 ἐγὼ
3519 4118 3695 4171 iam-

2769 4292 2923 4345 ΚΕΦ.
2974 4295 3071 4345 ΙΑθ.

2143 4376 2334 4451 Ὄςιως
2350 4377 2434 4451 μὴ
2461 4378 2689 4451 νοήσας
2713 4380 2825 4446 τὴν
2844 4382 3247 4451 νεὺαγγελικὴι·
3286 4381 3483 4451 φωνὴν
3506 4399 3697 4435 σκαν-

2208 4447 2464 4507 διινιίζειν
2484 4449 2598 4515 ἔφη
2635 4449 2748 4516 τὴν
2772 4447 3097 4517 σάρκαέοῡ
3126 4447 3413 4521 Σὼτῆρες,
3435 4447 3440 4449 ⁷
3462 4453 3555 4506 καὶ
3580 4472 3699 4521 μη-

2208 4517 2313 4568 δέν
2332 4518 2600 4570 ὠφελεῖν.

2211 4605 2321 4674 (84)
2353 4607 2463 4657 Οὐκ
2494 4608 2791 4676 ἐπιστήσας
2811 4612 2874 4678 τῇ
2897 4609 3101 4680 διανοίᾳ
3127 4610 3218 4662 τοῦ
3236 4610 3411 4677 λόγου,
3432 4609 3697 4662 ὑπέλαϐεν

2142 4696 2302 4748 αὐτὸν
2329 4696 2536 4748 ἀθετεῖν
2568 4697 2664 4768 τὴν
2690 4698 2885 4769 σάρκα,
2918 4700 2982 4770 ἣν
3008 4701 3289 4770 ἀνείληςςεν
3327 4704 3389 4753 ἐκ
3419 4704 3515 4771 τῆς
3540 4702 3699 4768 ἁγίας

2137 4787 2431 4859 Παρθένου.
2479 4784 2589 4840 Εἶτ’
2622 4791 2685 4842 ὲκ
2721 4791 2907 4843 τούτου
2958 4794 3202 4861 πειρᾶται
3245 4795 3694 4855 κατασκευάζειν,

2134 4874 2208 4936 ὼς
2235 4876 2371 4942 μετὰ
2402 4875 2499 4945 τὴν
2534 4876 2832 4930 συντέλειαν
2856 4880 2946 4930 τοῦ
2972 4880 3188 4943 παντὸς.
3219 4880 3422 4951 ἔρημον
3446 4882 3543 4950 τῆς
3568 4883 3698 4933 ἐαυ-

2134 4964 2226 5017 τοῦ
2261 4968 2535 5037 ἐνεργείας
2559 4970 2614 5019 έν
2632 4968 2705 5037 τῷ
2731 4969 2846 5039 Θεῷ
2861 4970 3027 5038 Λόγος
3049 4970 3359 5040 καταλείψει
3383 4974 3479 5043 τὴν
3498 4974 3695 5042 σάρκα.

2080 5056 2123 5086 ’ί
2154 5058 2320 5112 Εεειὶ.
2363 5075 2457 5124 νιι,
2496 5060 2583 5126 14,
2626 5060 2709 5114 15.

2784 5063 2828 5093 ’⁸
2876 5061 2975 5117 lsa.
3013 5080 3090 5129 ix,
3124 5064 3209 5122 15.
3295 5066 3361 5097 ’³⁸
3397 5063 3554 5119 Joan.
3596 5081 3693 5132 γι..

2206 5290 2314 5364 (8!)
2346 5289 2511 5364 Υιιικο
2534 5294 2749 5364 γραφῆς
2768 5292 2999 5364 ἐκείνης·

2206 5361 2315 5434 (82.)
2352 5360 2516 5434 Vulgo
2543 5360 2841 5434 προλαϐών,
2875 5360 3075 5415 ειίιιοκ
3097 5362 3169 5433 μὴ
3203 5362 3479 5434 προσθείς.

2206 5432 2313 5499 (83)
2343 5431 2533 5497 Νίκην
2553 5431 2873 5502 στέφανον.
2905 5434 3056 5502 Esset
3090 5431 3264 5502 νίκης.
3302 5434 3371 5487 Μ.

2204 5501 2313 5570 (84)
2377 5503 2497 5554 Οὐκ
2542 5500 2873 5568 ἐπιστήσας
2929 5500 3021 5568 τῇ.
3082 5500 3272 5556 Annon
3323 5504 3523 5558 rectius
3593 5505 3696 5571 τὴν

2133 5570 2389 5642 διάνοιαν,
2412 5580 2513 5642 aut
2563 5574 2626 5640 τῇ
2667 5572 2872 5642 διανοίᾳ
2907 5572 2996 5624 τὸν
3038 5572 3215 5639 λόγον,
3266 5574 3336 5625 ita
3378 5578 3520 5626 enim
3566 5570 3694 5625 alibi

2135 5640 2533 5765 Loquitpnfost
2557 5642 2714 5711 ἁγίας
2735 5640 2910 5698 addidi
2929 5642 3228 5713 Παρθένου,
3250 5643 3388 5712 quod
3406 5643 3693 5698 manifeste

2169 5728 2289 5765 ecra
2323 5753 2335 5765 .
2380 5750 2393 5763 .
2437 5751 2449 5765 .

2169 5721 2335 5767 ecrat.
2380 5721 2449 5765 Μ.
