4050 6206
363 289 501 348 £011

1277 287 1364 343 DE
1401 286 1937 345 ECCLESIASTICA
1978 289 2370 345 TllEOLOGlA
2414 291 2539 347 LIB.
2576 291 2664 347 Ill.

3441 301 3581 358 ιοειι

363 409 679 482 Δὲγιιγοῦν
694 411 873 472 αὐτοῖς
902 410 1127 481 ῥήμασι·
1156 429 1175 461 ι
1199 409 1333 481 Περὶ
1354 410 1461 481 γὰρ
1492 413 1589 482 τῆς
1619 411 1835 483 σαρκὸς,
1859 412 1925 482 ἥν

2031 411 2360 466 relicturum.
2393 411 2564 466 Verba
2596 412 2712 481 ejus
2771 420 2895 466 sunt
2944 410 3035 484 [Β.
3068 410 3199 476 CIV,
3238 411 3360 467 coll.
3398 429 3453 484 ρ.
3491 417 3581 481 51,

371 521 394 557 t
428 504 570 576 ἔχων
591 504 782 574 ὡμίλει
803 505 912 563 τοῖς
938 501 1224 572 μαθηταῖς,
1243 501 1384 556 οὕτω
1403 504 1569 571 λέγει·
1591 504 1766 558 Τοῦτο
1780 502 1932 573 ὑμᾶς

371 613 396 650 s
427 596 804 655 σκανδαλίζει
823 612 841 659 ;
865 594 973 647 ἐὰν
989 590 1107 649 οὖν
1134 592 1298 661 ἴδητε
1320 597 1427 648 τὸν
1444 595 1578 650 Υἱὸν
1596 596 1700 651 τοῦ
1714 597 1932 665 ἀνθρώ-

373 706 398 742 ‹
433 703 553 742 που
584 688 850 748 ἀπιόντα,
881 686 1034 739 ὅπου
1062 682 1140 755 ἦν
1160 685 1224 739 τὸ
1252 688 1571 757 :tpdtepor;
1598 687 1663 740 τὸ
1689 689 1933 756 Πνεῦμα

373 795 397 831 s
435 776 711 839 ζωοποιεῖ,
734 775 772 841 ἠ
811 775 966 843 σὰρξ
991 774 1100 842 (85)
1128 775 1306 828 οὐδὲν
1322 775 1554 844 ὠφελεῖ.
1579 777 1640 829 El
1662 773 1754 830 οὖν
1801 778 1931 847 ὁμο-

377 890 397 922 s
434 869 583 937 λογεϊ
627 866 722 938 τὴν
778 866 955 937 σάρκα
992 866 1159 936 μηδὲν
1188 863 1295 933 (86)
1325 866 1553 935 ὠφελεῖν
1574 868 1769 930 αὑτὸν,
1815 869 1931 933 πῶς

382 978 400 1011 ι
440 959 666 1029 ἐγχωρεῖ
685 956 781 1028 τὴν
808 959 871 1009 ὲκ
900 959 1005 1026 γῆς
1033 972 1094 1007 τε
1128 950 1288 1008 οὖσαν
1321 957 1413 1009 καὶ
1442 956 1605 1026 μηδὲν
1624 956 1931 1026 ὠφελοῦσαν

379 1068 398 1101 t
441 1050 534 1102 καὶ
562 1050 619 1101 ὲν
642 1050 755 1110 τοῖς
787 1046 1068 1117 μέλλουσιν
1097 1046 1208 1115 (87)
1241 1046 1431 1100 αἰῶσιν
1461 1046 1609 1117 αὐτῷ
1630 1046 1931 1101 λυσιτελοῦο

378 1134 398 1195 ι
436 1158 550 1205 σαν,
575 1143 810 1194 συνεῖναι
837 1138 913 1210 τῷ
952 1140 1143 1209 Δόγῳς
1179 1158 1199 1189 ιι
1241 1139 1403 1209 Ὁρᾷς
1427 1141 1524 1210 ὅσῃ
1554 1140 1811 1211 κέχρηται
1836 1139 1930 1193 τοῦ

372 1233 725 1301 εὐαγγελικοῦ
754 1232 910 1300 λόγου
936 1231 1253 1302 διαστροφῇ,
1281 1230 1369 1284 διὰ
1391 1232 1451 1284 τὸ
1468 1233 1540 1304 μὴ
1574 1234 1805 1286 συνιέναι
1837 1232 1930 1286 τοῦ

372 1325 542 1393 Λόγου
568 1325 668 1396 τὴν
707 1325 970 1396 σωτήριον
998 1323 1202 1394 φωνὴν,
1230 1324 1376 1387 ὅπως
1425 1324 1671 1395 εἴρηται,
1711 1325 1803 1379 καὶ
1844 1325 1930 1380 διὰ

370 1415 530 1469 ποίαν
560 1413 762 1468 αἰτίαν.

1015 1599 1171 1651 ΚΕΦ.
1224 1597 1322 1651 ΙΒ¹.

592 1686 896 1755 Ἐρμηνεια
918 1687 1028 1754 τῆς
1063 1688 1452 1757 εῠαηελικῆς
1478 1690 1718 1757 λέξεως.

456 1776 614 1830 Ἀλλὰ
664 1777 727 1830 σύ
770 1795 832 1847 γε
867 1779 1146 1834 ἀναλαϐὼν
1171 1782 1271 1852 τὴν
1302 1781 1659 1853 εὐαγγελικὴν
1682 1782 1920 1854 Γραφὴν,

375 1865 475 1920 θέα
508 1866 602 1937 τὴν
616 1871 793 1921 πᾶσαν
822 1869 914 1922 τοῦ
946 1871 1191 1942 Σωτῆρος
1211 1871 1364 1943 ἡμῶν
1397 1874 1758 1938 διδασκαλίαν,
1780 1878 1925 1941 ὅπως

375 1961 437 2014 οὐ
472 1962 594 2031 περὶ
620 1957 681 2032 ἦς
710 1962 960 2031 ἀνεῖληφε
990 1966 1187 2036 σαρκὸς
1227 1965 1520 2035 διελέγετο,
1568 1970 1695 2039 περὶ
1735 1968 1790 2021 δὲ
1830 1968 1922 2022 τοῦ

379 2050 637 2121 μυστικοῦ
671 2050 916 2122 σώματός
938 2069 996 2106 τε
1027 2054 1120 2107 καὶ
1152 2054 1397 2124 αἵματος.
1444 2057 1656 2128 Ἐπειδὴ
1679 2058 1786 2129 γὰρ
1812 2060 1924 2120 τοῖς

374 2140 532 2194 πέντε
559 2142 741 2213 ἄρτοις
761 2142 951 2215 ἔθρεψε
986 2144 1055 2197 τὰ
1081 2144 1280 2215 πλήθη,
1317 2146 1456 2216 μέγα
1483 2146 1539 2198 δὲ
1565 2146 1744 2216 θαῦμα
1770 2146 1925 2200 τοῦτο

374 2232 610 2304 παρέσχε
648 2236 759 2297 τοῖς
789 2236 1107 2306 ἑωρακόσιν,
1172 2237 1432 2290 Ἰουδαίων
1486 2238 1541 2290 δὲ
1579 2240 1627 2291 oi
1680 2238 1921 2293 πλεῖστοι

373 2320 792 2387 έξευτελίζοντες
806 2324 868 2376 τὸ
887 2326 1124 2393 γεγονὸς,
1142 2324 1323 2394 ἔλεγον
1339 2327 1503 2398 αὐτῷ·
1532 2329 1591 2381 Τί
1610 2324 1721 2383 οὖν
1737 2328 1927 2395 ποιεῖς

369 2412 452 2467 σὺ
480 2414 751 2483 σημεῖον,
808 2417 908 2471 ἵνα
952 2417 1166 2487 ἴδωμεν
1199 2418 1297 2472 καὶ
1328 2420 1771 2488 πιστεύσωμεν;
1807 2416 1927 2474 εἶτα

369 2506 704 2576 παρέϐαλλον
724 2509 785 2561 τὸ
813 2509 985 2580 μάννα
1010 2509 1070 2563 τὸ
1095 2511 1152 2564 ὲν
1179 2513 1244 2582 τῇ
1279 2512 1491 2582 ἐρήμῳ,
1539 2512 1780 2580 λέγοντες
1797 2530 1811 2544 ·
1860 2513 1924 2566 οι

369 2597 618 2665 πατέρες
658 2597 828 2667 ἡμῶν
874 2600 941 2653 τὸ
972 2600 1171 2671 μάννα
1216 2603 1439 2671 ἔφαγον
1478 2602 1548 2655 ἐν
1588 2601 1662 2670 τῇ
1692 2602 1886 2671 ἐρήμῳ
1907 2642 1923 2667 ,

370 2686 561 2751 καθώς
606 2689 733 2742 ἐστι
775 2692 1191 2761 γεγραμμένον,
1230 2695 1443 2763 Ἀρτον
1471 2694 1539 2747 ἐκ
1594 2694 1699 2747 τοῦ
1748 2696 1923 2764 obpa-

370 2778 482 2832 νοῦ
522 2777 632 2850 (88)
677 2780 931 2837 δέδωκεν
955 2784 1158 2849 αὐτοῖς
1180 2785 1423 2854 φαγεῖν·
1486 2787 1620 2857 πρὸς
1680 2785 1847 2838 ταῦτα
1894 2786 1924 2838 b

373 2867 565 2938 Σωτὴρ
600 2871 924 2942 ἁπεκρίνατο
946 2890 960 2904 ·
1015 2874 1210 2944 Ἀμὴν,
1263 2874 1421 2943 ἀμὴν
1452 2874 1604 2944 λέγω
1639 2873 1798 2943 ὑμῖν,
1851 2876 1923 2929 οὐ

373 2959 634 3027 Μωῡσῆς
653 2962 879 3017 ἔδωκεν-
897 2964 1038 3032 ὑμῖν
1076 2965 1182 3018 τὸν
1219 2964 1400 3035 ἄρτον
1419 2966 1485 3019 ἐκ
1506 2965 1612 3020 τοῦ
1634 2967 1891 3035 οὐρανοῦ
1905 3005 1922 3032 ,

376 3049 515 3105 ἀλλ’
553 3055 585 3105 ό
626 3054 821 3123 Πατήρ
856 3074 972 3125 μου
1008 3055 1253 3111 δίδωσιν
1280 3056 1419 3126 ὑμῖν
1458 3056 1566 3110 τὸν
1597 3059 1775 3126 ἄρτον
1818 3057 1926 3112 τὸν

378 3142 669 3209 ἀληθινὸν
688 3146 754 3199 ἐκ
774 3145 880 3201 τοῦ
907 3148 1182 3215 οὐρανοῦ.
1205 3144 1315 3201 Εἶτ’
1337 3149 1581 3220 ἐπιφέρει
1602 3165 1614 3181 ·
1653 3147 1790 3217 Ἐγώ
1811 3151 1927 3218 ειμι

378 3236 413 3289 ὁ
428 3233 606 3303 ἄρτος
625 3235 733 3305 τῆς
769 3235 936 3303 ζωῆς.
973 3239 1082 3292 Καὶ
1107 3238 1294 3293 πάλινο
1329 3236 1467 3306 Ἐγώ
1496 3241 1611 3305 ειμι
1634 3242 1666 3291 ό
1691 3238 1865 3307 ὀρτος
1893 3242 1927 3293 d

377 3325 632 3392 καταϐὰς
653 3327 721 3380 ἐκ
740 3328 845 3382 τοῦ
870 3330 1146 3397 οὐρανοῦ.
1184 3329 1291 3382 Καὶ
1322 3326 1475 3393 αὖθις
1498 3347 1512 3361 ’
1545 3332 1609 3383 '0
1642 3329 1709 3382 δὲ
1749 3330 1927 3397 ἄρτος

375 3412 448 3467 ὃν
463 3414 575 3484 ἐγὼ
596 3415 786 3482 δώσω,
803 3420 867 3472 τὸ
889 3419 1058 3490 σῶμά
1083 3438 1202 3487 μου
1227 3421 1360 3475 ἐστί
1364 3460 1378 3474 .
1396 3421 1501 3474 Καὶ
1519 3421 1679 3473 πάλιν
1712 3420 1930 3492 προστί-

375 3506 543 3578 θησιν·
586 3510 787 3579 Ἀμὴν,
812 3512 973 3581 ἀμὴν
990 3512 1141 3583 λέγω
1158 3512 1315 3582 ὑμῖν,
1335 3514 1442 3567 ἐὰν
1460 3513 1545 3583 μὴ
1575 3512 1802 3582 φάγητε
1816 3510 1930 3580 τὴν

374 3599 566 3665 σάρκα
588 3601 689 3655 τοῦ
718 3602 855 3656 Υιοῦ
866 3603 967 3656 τοῦ
999 3602 1328 3671 ἀνθρώπου,
1344 3603 1441 3657 καὶ
1471 3606 1643 3672 πίητε
1660 3604 1844 3658 αὐτοῦ
1862 3602 1928 3657 τὸ

376 3684 533 3758 alga,
546 3694 657 3746 οὐκ
667 3691 833 3760 ἔχετε
850 3693 1001 3756 ζωὴν
1016 3696 1084 3747 ἐν
1099 3694 1349 3761 ἑαυτοῖς.
1369 3696 1429 3747 '0
1443 3694 1672 3765 τρώγων
1680 3714 1798 3765 μου
1816 3694 1930 3763 τὴν

375 3781 588 3850 σάρκα,
616 3787 713 3838 καὶ
752 3785 941 3838 πίνων
957 3803 1076 3853 μου
1092 3785 1155 3839 τὸ
1174 3782 1335 3855 αἷμα,
1356 3788 1479 3856 ἔχει
1500 3786 1652 3856 ζωὴν
1670 3788 1926 3852 αἰώνιον,

374 3874 472 3926 καὶ
495 3875 607 3944 ἐγὼ
626 3875 949 3943 ἀναστήσω
975 3877 1163 3930 αὐτὸν
1188 3879 1257 3931 ἐν
1284 3877 1357 3946 τῇ
1390 3878 1621 3948 ἐσχάτῃ
1640 3880 1829 3949 ἡμέρᾳ
1849 3897 1863 3910 ·
1890 3881 1927 3947 ἡ

376 3965 486 4035 γὰρ
512 3966 669 4034 σάρξ
693 3985 812 4036 μου
853 3969 1085 4036 ἀληθής
1115 3970 1244 4023 ἐστι
1282 3967 1532 4038 βρῶσις,
1568 3971 1664 4023 καὶ
1692 3969 1757 4023 τὸ
1788 3966 1930 4039 αἷμά

370 4073 489 4125 μου
510 4057 742 4125 ἀληθής
760 4059 889 4111 ἐστι
912 4061 1089 4125 πόσις
1104 4076 1117 4090 ο
1145 4065 1176 4114 ό
1206 4059 1438 4130 τρώγων
1451 4078 1570 4130 μου
1601 4060 1714 4127 τὴν
1734 4060 1932 4127 σάρκα

379 4151 475 4204 καὶ
509 4152 699 4204 πίνων
723 4168 842 4219 μου
884 4150 950 4204 τὸ
994 4148 1155 4220 αἷμα,
1189 4153 1258 4205 ἐν
1294 4152 1421 4221 ἐμοὶ
1443 4150 1629 4221 μένει,
1672 4150 1829 4219 κάγὼ
1863 4152 1932 4204 ἐν

375 4241 552 4307 αὐτῷ.
598 4240 782 4296 Ταῦτα
826 4243 920 4296 καὶ
967 4242 1034 4296 τα
1074 4243 1293 4296 τοιαῦτα
1344 4242 1741 4315 μυστικώτερον
1769 4241 1930 4296 αὑτοῦ

375 4332 676 4400 διεξιόντος,
693 4335 833 4399 τινὲς
861 4334 969 4389 τῶν
996 4335 1158 4388 αὐτοῦ
1184 4335 1437 4406 μαθητῶν
1465 4331 1635 4393 εἷπον,
1662 4334 1933 4403 Σκληρός

2031 504 2072 559 C
2102 502 2119 575 ]
2154 517 2169 555 :
2199 522 2217 554 ι
2246 504 2318 557 De
2341 517 2504 557 carne
2523 519 2684 572 quam
2712 503 2964 569 habebat,
2983 519 3104 558 cum
3125 515 3433 558 versaretur
3461 520 3581 560 cum

2036 612 2055 646 ι
2102 595 2375 662 discipulis
2398 594 2528 657 suis,
2557 595 2629 647 ita
2662 594 2932 663 loquitur:
2963 594 3076 647 Hoc
3102 611 3188 648 vos
3215 596 3542 649 scandalizat
3561 598 3588 649 ν

2036 705 2056 738 ι
2099 688 2145 741 si
2175 704 2295 755 ergo
2326 688 2561 740 videritis
2596 686 2641 738 F
2645 687 2797 739 ilium
2838 686 3068 739 hominis
3092 689 3458 740 ascendente»:
3493 687 3584 741 ubi

2037 800 2056 833 ι
2100 792 2209 834 erat
2255 783 2438 847 prius!
2465 779 2695 845 Spiritus
2738 789 2811 831 est
2860 780 2950 848 qui
3000 778 3225 845 viei/icat
3251 793 3271 831 :
3322 793 3445 830 caro
3481 793 3586 831 non

2036 893 2055 927 ι
2100 877 2306 945 prodest
2329 876 2630 942 quidquam.
2666 872 2721 926 Si
2752 888 2880 940 ergo
2912 887 3060 926 suam
3090 887 3308 925 carnem
3334 886 3437 924 non
3462 886 3590 939 pro-

2036 986 2055 1019 ι
2099 969 2252 1020 desse
2287 968 2575 1034 quidquam
2613 964 2862 1027 fateatur,
2909 963 3177 1031 quomodo
3227 961 3339 1016 ﬁeri
3386 970 3581 1029 potest,

2035 1076 2055 1110 ι
2100 1068 2157 1110 ut
2188 1072 2303 1125 qua!
2332 1067 2537 1122 sumpta
2568 1056 2635 1108 sit
2669 1056 2732 1108 de
2771 1066 2909 1107 terra
2946 1064 2998 1106 et
3032 1052 3160 1106 nihil
3206 1055 3375 1121 prosit
3408 1067 3424 1117 ;
3458 1061 3584 1104 tan-

2036 1167 2056 1201 t
2102 1165 2260 1216 quam
2294 1163 2411 1216 qua:
2442 1147 2694 1214 prodesse
2726 1153 2960 1211 poterat,
3014 1142 3245 1196 aﬂ‘utura
3300 1139 3476 1194 Verbo
3509 1139 3585 1195 sit

2036 1259 2055 1292 ι
2101 1240 2154 1291 in
2197 1238 2374 1292 futuro
2403 1239 2617 1292 sa'culo.
2653 1256 2672 1290 ι
2719 1236 2856 1289 Ecce
2907 1248 3066 1302 quam
3114 1247 3361 1300 perverse
3389 1238 3585 1283 tractet

2030 1344 2332 1384 sermnncm
2358 1330 2757 1397 evangelicum:
2811 1341 2875 1378 eo
2908 1325 3051 1394 quod
3097 1326 3386 1377 salutarem
3421 1320 3583 1376 Verbi

2027 1436 2213 1475 vocem
2262 1435 2370 1489 non
2416 1420 2680 1489 percipiat
2728 1428 2911 1471 recte:
2961 1430 3058 1469 nec
3095 1416 3148 1469 in
3192 1431 3350 1482 quem
3399 1413 3583 1483 linem,

2029 1524 2121 1568 aut
2146 1513 2215 1568 ob
2249 1526 2408 1581 quam
2439 1525 2654 1565 causam
2691 1517 3001 1576 usurpatur,
3031 1507 3312 1578 intelligat.

2646 1600 2794 1655 CAP.
2857 1598 2971 1653 XII.

2343 1694 2664 1762 Evangelica:
2710 1694 2847 1745 vocis
2888 1691 3267 1759 interpretatio.

2099 1788 2179 1841 'l‘u
2226 1795 2425 1848 autem,
2466 1791 2679 1852 recepto
2714 1781 2983 1850 Evangelii
3028 1781 3353 1841 testimonio,
3393 1778 3590 1834 Servs-

2030 1879 2159 1933 toris
2181 1876 2472 1929 doctrinam
2517 1883 2660 1926 recte
2687 1872 2965 1940 percipies.
3003 1870 3115 1924 Non
3146 1871 3289 1923 enim
3330 1869 3587 1936 loqueba—

2030 1982 2115 2027 tur
2145 1973 2212 2026 de
2240 1983 2400 2024 carne
2429 1983 2491 2021 ea
2524 1981 2680 2036 quam
2712 1970 3094 2028 assumpserat,
3135 1966 3225 2015 sed
3265 1960 3329 2015 de
3361 1972 3586 2028 corpore

2025 2073 2081 2118 et
2125 2061 2380 2130 sanguine
2428 2074 2526 2113 suo
2572 2057 2817 2128 mystico.
2884 2054 3017 2109 Nam
3066 2069 3187 2107 cum
3237 2053 3304 2107 de
3348 2053 3587 2121 quinque

2027 2154 2254 2225 panibus
2286 2151 2672 2205 multitudinem
2718 2148 2859 2202 illam
2884 2160 3142 2216 'magnam
3182 2151 3499 2207 saturasset,
3532 2150 3589 2197 et

2026 2248 2266 2301 videntes
2296 2245 2395 2299 hoc
2428 2240 2684 2296 miraculo
2715 2238 3031 2293 reddidisset
3054 2234 3351 2289 attonitos:
3382 2246 3445 2286 ac
3477 2231 3590 2301 ple-

2029 2341 2179 2407 rique
2206 2335 2370 2390 Judaei
2400 2334 2595 2388 factum
2631 2330 2759 2384 illud
2791 2328 3128 2383 vilil'acerent
3150 2366 3166 2390 ,
3212 2327 3587 2392 dicerentque,

2029 2431 2106 2485 Tu
2133 2446 2252 2498 ergo
2280 2427 2538 2495 quodnam
2562 2424 2765 2490 signum
2811 2419 2966 2487 facis,
2996 2427 3050 2471 ut
3087 2418 3354 2471 videamus
3392 2424 3446 2468 et
3476 2428 3589 2466 cre-

2026 2525 2210 2574 damus
2232 2518 2324 2571 "‘i
2385 2527 2576 2569 manna
2628 2513 2876 2579 deinceps
2934 2509 3269 2576 allegarent,
3330 2506 3470 2574 quod
3534 2506 3587 2561 in

2027 2615 2237 2668 deserto
2289 2610 2384 2663 fuit
2420 2626 2433 2661 :
2473 2605 2657 2659 Patres
2718 2603 2917 2669 nostri,
2964 2600 3227 2663 dicentes,
3282 2613 3478 2651 manna
3527 2596 3588 2651 its
3670 2606 3679 2615 '

2028 2706 2227 2756 deserto
2257 2698 2605 2751 comederunt.
2624 2691 3057 2763 quemadmodum
3081 2690 3330 2756 scriptum
3368 2695 3445 2740 est
3488 2685 3583 2751 η’,

2029 2792 2226 2847 Panem
2256 2793 2317 2842 de
2350 2789 2474 2841 coelo
2508 2786 2649 2839 dedit
2674 2786 2739 2839 iis
2761 2783 3128 2836 comedendum
3152 2778 3339 2845 ";hic
3371 2789 3591 2844 respos-

2029 2885 2117 2937 det
2174 2883 2430 2935 Servatur
2463 2891 2478 2930 :
2511 2878 2694 2945 Amen,
2733 2890 2882 2927 amen
2911 2873 3026 2926 dico
3058 2871 3199 2925 vobis
3222 2910 3237 2932 ,
3261 2886 3364 2923 non
3414 2870 3588 2925 Mn.”

2029 2976 2167 3030 dedit
2213 2973 2354 3027 vobis
2388 2986 2569 3036 panem
2616 2969 2680 3021 de
2719 2965 2862 3026 celo,
2917 2966 3006 3018 sed
3055 2960 3215 3016 Pater
3255 2977 3396 3014 meus
3444 2959 3588 3013 deait

2030 3063 2171 3120 vobis
2193 3076 2375 3131 panem
2406 3074 2580 3113 verum
2627 3057 2691 3110 de
2736 3055 2861 3109 ctelo
2884 3054 2951 3106 ".
2980 3052 3047 3106 Et
3080 3052 3247 3116 addit,
3306 3050 3418 3119 Ego
3467 3065 3582 3104 sum

2026 3156 2178 3225 panis
2212 3155 2330 3207 vita
2355 3151 2437 3217 ";
2468 3157 2541 3212 et,
2575 3145 2686 3217 Ego
2720 3163 2835 3201 sum
2870 3145 3018 3214 panis
3062 3142 3153 3213 qui
3198 3143 3265 3196 de
3326 3141 3451 3195 calo
3494 3141 3587 3193 de-

2026 3245 2203 3301 scendi
2248 3244 2291 3277 "
2328 3258 2343 3306 ;
2376 3250 2449 3307 et,
2500 3239 2661 3292 Panis
2691 3255 2840 3308 quem
2880 3253 2969 3305 ego
3017 3236 3151 3289 dabo
3196 3235 3359 3297 vobis,
3402 3250 3589 3302 corpus

2025 3352 2192 3392 meum
2238 3345 2313 3388 est
2362 3333 2429 3388 ⁹⁸.
2480 3332 2545 3386 Ει
2587 3333 2733 3383 addit
2776 3330 2966 3383 iterum
3003 3345 3017 3380 :
3055 3328 3239 3389 Amen,
3270 3342 3422 3379 amen
3469 3326 3588 3378 dico

2026 3428 2189 3487 vobis,
2217 3426 2313 3478 nisi
2340 3421 2670 3475 comederitis
2696 3435 2905 3472 carnem
2937 3416 3068 3470 Filii
3104 3416 3362 3480 hominis,
3393 3426 3442 3469 et
3462 3432 3590 3469 san-

2024 3520 2227 3589 guinem
2251 3513 2361 3583 ejus
2380 3513 2633 3575 biberitis,
2666 3527 2767 3563 non
2788 3508 3040 3561 habebitis
3063 3508 3218 3559 vitam
3248 3507 3301 3558 in
3318 3506 3592 3559 vobismet-

2025 3610 2172 3677 ipsis.
2232 3604 2334 3671 Qui
2376 3603 2479 3656 edit
2535 3616 2742 3654 carnem
2785 3613 2982 3660 meam,
3017 3606 3064 3648 et
3110 3595 3233 3647 bibit
3284 3595 3591 3663 sanguinem

2028 3715 2220 3759 meum,
2254 3696 2405 3749 habet
2429 3694 2583 3747 vitam
2614 3702 2881 3753 wternam,
2905 3697 2952 3741 et
2978 3703 3067 3754 ego
3093 3684 3408 3739 resuscitabo
3438 3684 3589 3737 illum

2026 3794 2080 3844 in
2120 3789 2396 3843 novissimo
2435 3786 2541 3838 die.
2581 3782 2718 3837 Caro
2758 3781 2894 3834 enim
2946 3794 3057 3831 mea
3090 3795 3238 3831 verus
3283 3784 3359 3831 est
3413 3777 3585 3841 cibus,

2031 3887 2089 3946 >14
2118 3894 2161 3934 et
2183 3882 2393 3948 sanguis
2420 3893 2561 3930 meus
2589 3889 2738 3928 verus
2770 3881 2842 3924 est
2875 3879 3026 3937 potus
3055 3882 3073 3920 :
3098 3870 3187 3938 qui
3215 3868 3438 3922 comedit
3467 3882 3588 3919 car-

2028 3990 2139 4026 nem
2162 3987 2348 4036 nteant,
2374 3980 2419 4023 et
2444 3969 2564 4021 bibit
2606 3964 2911 4033 sanguinem
2946 3978 3138 4023 meum,
3184 3961 3240 4012 in
3279 3975 3357 4012 me
3392 3968 3587 4023 manet,

2027 4071 2073 4115 et
2103 4078 2196 4129 ego
2217 4061 2268 4113 in
2300 4061 2389 4111 illo
2429 4058 2496 4112 θ’.
2541 4057 2662 4110 llaec
2709 4065 2761 4108 et
2795 4057 2877 4108 bis
2916 4054 3112 4107 similia
3148 4053 3409 4121 quaedam,
3465 4062 3590 4102 cum

2029 4151 2252 4221 mystice
2301 4158 2735 4219 persequeretur,
2779 4145 2995 4213 quidam
3047 4144 3112 4197 de
3151 4140 3423 4208 discipulis
3470 4138 3590 4206 ejus

2030 4244 2278 4297 dixerunt
2312 4259 2325 4294 :
2365 4241 2538 4294 Durus
2584 4248 2657 4293 est
2706 4238 2791 4290 hic
2848 4252 3054 4300 sermo;
3108 4235 3223 4306 quis
3256 4240 3432 4301 potest
3472 4245 3593 4284 eum

2029 4336 2217 4387 audire
2250 4335 2310 4387 ‘i
2350 4332 2555 4397 Quibus
2585 4331 2662 4384 sic
2694 4332 2966 4396 respondit
2993 4328 3266 4386 Servatur,
3305 4325 3589 4389 inquiens.

375 4422 544 4476 ἐστιν
574 4426 608 4477 ὁ
639 4425 837 4493 λόγος,
883 4425 972 4490 τίς
999 4424 1242 4478 δύναται
1269 4423 1453 4477 αὑτοῦ
1478 4424 1751 4486 ἁκούειν;
1798 4422 1929 4495 πξρὸς

2038 4424 2147 4478 Hoc
2171 4442 2254 4478 vos
2283 4424 2603 4477 scandalizat
2626 4424 2650 4476 .9
2676 4423 2722 4475 si
2760 4422 2993 4475 videritis
3030 4436 3149 4486 ergo
3187 4416 3383 4469 Filium
3426 4415 3594 4469 homi-

376 4512 470 4577 οὓς
504 4516 833 4585 ἀπεκρίνατο
859 4518 887 4569 ὁ
914 4516 1100 4588 Σωτὴρ
1131 4516 1303 4584 λέγων
1325 4529 1343 4546 ο
1368 4516 1544 4569 Τοῦτο
1572 4513 1727 4584 ὑμᾶς
1748 4531 1933 4569 Guar-

376 4605 627 4667 δαλίζεις
655 4607 761 4659 ἐὰν
780 4606 890 4661 οὖν
910 4606 1161 4674 θεωρῆτε
1185 4607 1292 4659 τὸν
1324 4607 1459 4660 Υιὸν
1486 4607 1591 4660 τοῦ
1626 4604 1934 4674 ἀνθρώπου

377 4698 793 4762 ἀναϐαίνοντα,
826 4697 975 4751 ὅπου
1002 4694 1078 4765 ἦν
1111 4697 1177 4750 τὸ
1218 4699 1547 4765 πρότερον;
1587 4697 1655 4750 Τὸ
1705 4694 1937 4765 πνεῦμά

376 4787 503 4839 ἐστι
538 4786 601 4839 τὸ
635 4785 970 4847 ζωοποιοῦν,
1010 4789 1048 4855 ἠ
1067 4786 1220 4854 σὰρξ
1249 4789 1359 4840 οὐκ
1384 4786 1825 4855 ὡφελεῒούδέν
1866 4786 1939 4839 τὰ

369 4878 607 4946 ῥήματα
649 4877 686 4930 ἆ
729 4878 1037 4944 λελάληκα
1067 4876 1228 4946 ὑμῖν,
1262 4877 1496 4947 πνεῦμά
1530 4878 1660 4930 ἐστι
1700 4876 1795 4929 καὶ
1826 4874 1935 4944 ζωή

375 4970 524 5023 ἐστι.
552 4971 627 5023 Δι’
653 4964 726 5023 ὧν
766 4972 1043 5024 ἐπαίδευεν
1069 4973 1259 5035 αὐτοὺς
1291 4970 1672 5041 πνευματικῶς
1720 4969 1937 5022 ἀκούειν

375 5061 484 5114 τῶν
512 5063 639 5133 περὶ
669 5062 767 5133 τῆς
794 5063 991 5134 σαρκὸς
1018 5063 1111 5115 καὶ
1141 5063 1232 5115 τοῦ
1256 5063 1481 5133 αἵματος
1503 5061 1665 5115 αὐτοῦ
1691 5060 1937 5132 λελεγμέ-

378 5169 503 5206 νων-
544 5152 616 5224 μὴ
644 5152 752 5225 γὰρ
777 5153 872 5224 τὴν
908 5153 1102 5225 σάρκα,
1133 5153 1199 5224 ἢν
1228 5153 1560 5225 περίκειμαι,
1586 5154 1838 5226 νομίσητε
1867 5171 1932 5226 με

2039 4518 2119 4572 nis
2154 4520 2515 4569 ascendentem
2539 4515 2625 4566 ubi
2652 4517 2796 4582 prius
2831 4515 2972 4583 fuit?
3002 4509 3225 4578 Spiritus
3251 4519 3323 4563 est
3348 4509 3438 4579 qui
3461 4508 3592 4562 vivi-

2034 4611 2178 4678 βοαί,
2206 4624 2326 4660 caro
2358 4623 2459 4659 non
2478 4606 2681 4678 prodest
2704 4608 3012 4673 quidquam.
3061 4600 3365 4666 Verbaque
3386 4601 3593 4654 locutus

2034 4716 2148 4753 sum
2190 4698 2331 4752 vobis
2358 4698 2574 4763 spiritus
2615 4706 2735 4749 sunt
2762 4708 2807 4749 et
2840 4697 3007 4749 vita‘.
3046 4693 3251 4760 Quibus
3275 4706 3369 4745 eos
3400 4693 3594 4745 docere

2034 4790 2222 4854 voluit,
2250 4789 2598 4857 spiritualiter
2624 4787 2963 4854 intelligenda
3006 4799 3125 4838 esse
3158 4798 3276 4853 qua:
3319 4784 3384 4836 dc
3424 4796 3593 4836 carne

2039 4888 2090 4931 et
2116 4881 2376 4949 sanguine
2418 4882 2751 4933 audiverant.
2801 4878 2976 4931 Nolite
3006 4887 3196 4945 putare
3245 4889 3462 4929 carnem
3506 4887 3594 4927 me

2035 4972 2217 5026 dicere
2252 4989 2410 5040 quant
2438 4972 2759 5027 circumfero
2792 4988 2805 5023 :
2837 4971 2988 5039 quasi
3019 4969 3162 5021 illam
3185 4982 3279 5022 vos
3309 4966 3594 5022 comedere

2035 5073 2285 5132 oporteat
2323 5080 2338 5117 :
2392 5078 2488 5117 nec
2533 5063 2839 5116 existimate
2875 5077 2959 5114 me
3008 5060 3156 5115 vultis
3200 5059 3492 5128 praecipere
3535 5064 3594 5111 ut

2034 5155 2341 5210 sersibilem
2382 5165 2436 5210 et
2482 5153 2814 5225 corporalem
2867 5151 3062 5207 bibatis
3098 5150 3411 5221 sanguinem
3451 5162 3590 5203 ινσ-

451 5364 507 5421 sla
545 5359 639 5413 Ed.
675 5360 869 5422 Paris.,
903 5376 1018 5431 pag.
1052 5359 1173 5414 {80.
1248 5360 1294 5392 "
1320 5358 1474 5431 Joan.
1504 5376 1590 5431 vt,
1622 5361 1713 5415 30.
1780 5361 1848 5393 "'
1881 5361 2045 5417 Exod.
2079 5378 2190 5420 ενι.
2235 5362 2321 5417 ib.
2388 5364 2435 5394 ”
2464 5360 2620 5416 Joau.
2648 5374 2720 5427 vt,
2749 5358 2838 5415 '51.
2878 5359 2924 5391 ⁹⁸
2947 5356 3077 5413 ibid.
3100 5354 3190 5410 52.
3256 5352 3304 5387 ⁸⁸
3332 5350 3463 5409 ibid.
3496 5348 3591 5405 35.

376 5426 424 5461 ⁸⁷
457 5431 588 5485 ibid.
614 5432 705 5486 48.

600 5592 765 5667 Vulgo
796 5595 978 5667 μηδέν.

454 5662 545 5725 (86
599 5662 868 5731 Ὠφελεῖν
882 5668 1083 5719 αὐτόν.
1111 5665 1249 5731 Lege
1278 5664 1479 5729 αὐτοῖς,
1518 5664 1802 5728 vela-516;.
1841 5663 1906 5718 Μ.

455 5666 569 5804 (8ἷέ
610 5732 828 5789 Αὶῶσιν
855 5735 1031 5801 αὐτῷ.
1075 5736 1129 5791 Ιιι
1191 5752 1434 5804 margine
1481 5735 1757 5803 ὡσαύτως,
1815 5750 1904 5790 ver

455 5734 569 5804 (87)
610 5734 828 5789 Αὶῶσιν
855 5735 1031 5801 αὐτῷ.
1075 5736 1129 5791 Ιιι
1191 5752 1434 5806 margine
1481 5735 1757 5803 ὡσαύτως,
1815 5750 1936 5790 vera

804 5430 1099 5486 "ibid.52.
1174 5431 1218 5463 νο
1246 5430 1375 5486 ibid.
1401 5430 1470 5484 5t
1497 5430 1586 5485 57.
1663 5432 1961 5488 ‘ibid.til.

2037 5434 2057 5464 ³
2090 5434 2220 5489 ibid.
2270 5432 2457 5488 lii-64.

2045 5594 2204 5649 lectio
2228 5603 2327 5656 est,
2353 5592 2429 5653 ὡς
2451 5587 2598 5659 αὐτῷ
2628 5586 2728 5660 [sic
2759 5587 2923 5660 p.lﬁ76
2945 5584 3010 5659 C]
3037 5580 3439 5648 λυσιτελοῦσαν,
3471 5587 3593 5633 tsn-
3644 5564 3651 5571 ’

2043 5679 2341 5733 quamqua:
2367 5658 2651 5733 prodesstei
2678 5660 2798 5728 ipsi.
2832 5658 2900 5712 Μ.

2114 5734 2225 5804 (88)
2262 5731 2293 5787 ν
2304 5733 2423 5801 ulgu
2455 5730 2671 5785 ἔδωκεν.
