4050 6206
502 280 640 345 10⁸ξὸ

1166 277 1435 333 EUSEBII
1473 272 1946 331 ϐίΕὸΑΒΙΕΝὸΙδ
1983 270 2133 327 OPP.
2170 270 2351 326 PARS
2387 270 2475 328 IV.
2514 300 2583 313 -—
2626 266 3040 324 DOGMATICA.

3582 268 3733 327 ιοει

496 410 613 449 rum
662 394 827 463 probe
874 392 1041 447 nostis
1069 393 1212 461 quod
1248 394 1407 446 verba
1460 406 1578 461 quae
1631 391 1785 443 vobis
1844 389 2049 444 locutus

2159 384 2361 453 λέγειν,
2388 385 2463 448 ὡς
2488 384 2607 437 δέον
2637 382 2804 453 αὐτὴν
2829 381 3047 443 ἐσθίειν,
3087 380 3220 451 μηδὲ
3266 379 3322 434 τὸ
3347 379 3600 451 αἰσθητὸν
3628 386 3737 437 καὶ

492 501 631 548 sum,
670 483 893 551 spiritus
918 492 1043 537 sunt
1072 492 1125 536 et
1155 483 1260 536 vita
1293 502 1306 538 :
1352 485 1421 537 ita
1470 493 1526 537 ut
1561 484 1721 536 verba
1758 482 1928 552 ipsius
1953 521 1969 546 ,
2000 491 2054 535 et

490 589 769 629 sermones
793 573 903 627 sint
935 588 1064 625 caro
1092 585 1147 627 ct
1174 576 1393 644 sanguis
1418 615 1433 639 ,
1467 584 1522 629 et
1550 575 1593 629 si
1631 576 1752 641 quis
1782 589 1844 627 ea
1877 588 2053 628 come-

490 669 600 728 dat,
632 676 881 732 tanquam
911 665 1031 718 cibo
1066 666 1268 719 caelesti
1320 677 1535 733 pastus,
1583 666 1745 719 vitam
1798 675 2051 719 aeternam

489 757 846 826 participabit.
909 754 987 809 Ne
1033 771 1183 826 ergo,
1246 756 1440 826 inquit,
1493 772 1590 811 vos
1643 757 1744 811 hoc
1797 756 2049 822 offendat,

487 849 627 916 quod
694 848 758 900 de
808 848 1135 899 comedenda
1195 860 1363 899 carne
1417 857 1469 900 et
1519 847 1750 900 bibendo
1797 848 2054 912 sanguine

487 939 593 993 dixi
630 953 767 992 :nec
796 938 1070 993 auditione
1102 940 1238 992 nuda
1274 940 1664 993 coaturbemini
1690 979 1706 1003 ,
1757 939 1799 993 si
1848 940 2053 993 locutus

485 1042 602 1080 sum
661 1026 726 1080 de
750 1026 873 1080 cibo
908 1037 959 1080 et
989 1037 1136 1094 potu.
1172 1026 1295 1081 Haec
1326 1028 1466 1081 enim
1508 1028 1838 1082 sensibiliter
1870 1028 2052 1083 audita

485 1117 617 1171 nihil
658 1118 991 1185 proderunt:
1025 1116 1264 1186 Spiritus’
1309 1128 1486 1172 autem
1543 1128 1626 1173 est
1672 1118 1759 1185 qui
1810 1118 2049 1173 vivilirat

488 1208 841 1278 Spiritualiter
903 1210 1200 1263 audientes.
1264 1207 1445 1264 Novus
1502 1220 1679 1263 autem
1736 1209 2054 1278 evangelica:

486 1300 743 1354 doctrina:
777 1301 1044 1369 interpres
1076 1302 1198 1358 iste.
1234 1316 1355 1354 cum
1400 1300 1532 1354 nihil
1564 1301 1758 1353 horum
1810 1309 2048 1368 caperet,

486 1392 688 1463 audisis
708 1395 973 1462 quomodo
1001 1394 1206 1446 scribat
1244 1393 1463 1446 totidem
1499 1392 1718 1461 syllabis
1754 1391 1844 1463 [ιι.
1893 1390 2005 1463 CV]
2036 1410 2049 1445 :

491 1460 671 1536 iCum
701 1460 940 1551 tangeret
971 1498 1165 1551 corpus
1209 1495 1361 1534 suum
1397 1490 1451 1535 et
1486 1460 1839 1549 praesentibus
1874 1460 2057 1559 ostein

492 1593 509 1621 ε
564 1576 733 1643 deret,
778 1575 990 1643 inquit:
1027 1574 1257 1627 Haecine
1291 1589 1375 1626 vos
1417 1572 1794 1626 scandalizat?
1831 1570 1887 1625 Si
1934 1587 2053 1640 ergo

493 1684 511 1714 ι
561 1666 795 1718 videritis
850 1665 1055 1719 Filium
1111 1666 1338 1718 hominis
1386 1665 1746 1717 ascendentem
1782 1664 1865 1715 ubi
1909 1665 2051 1731 prius

2158 474 2467 545 σωματικὸν
2512 469 2649 544 αἷμα
2697 473 2868 526 πίνειν
2907 471 3313 542 ὐπολαμϐάνετέ
3357 489 3423 542 με
3452 475 3733 542 προστάτο

2153 582 2289 631 τειν,
2324 565 2436 619 ἀλλ’
2462 561 2519 619 εὖ
2552 565 2688 628 ἴστε,
2739 564 2819 616 ὅτι
2870 562 2935 616 τὰ
2965 563 3185 634 ῥήματά
3232 580 3332 633 μου
3372 562 3408 616 ἃ
3453 562 3737 634 λελάληκα

2154 658 2283 726 ὑμῖν
2306 656 2522 727 πνεῦμά
2549 659 2661 709 ὲστι
2695 655 2788 707 καὶ
2812 652 2922 725 ζωή
2951 656 3095 709 ἐστιν
3114 671 3128 684 ι
3156 654 3295 706 ὥστε
3336 655 3472 707 αὐτὰ
3494 651 3632 708 εἶναι
3661 656 3736 709 τὰ

2158 752 2374 823 ῥήματα
2396 748 2489 802 καὶ
2511 748 2633 809 τοὺς
2656 746 2845 813 λόγους
2871 744 3031 798 αὑτοῦ
3053 744 3150 815 τὴν
3169 745 3344 815 σάρκα
3365 746 3457 798 καὶ
3483 746 3541 798 τὸ
3562 740 3733 815 αἷμα,

2154 834 2229 894 ὧν
2254 842 2282 892 ὁ
2315 839 2555 910 μετέχων
2579 838 2685 901 ἀεὶ,
2734 835 2931 888 ὡσανεὶ
2951 836 3098 906 ἄρτῳ
3112 835 3346 905 οὐρανίῳ
3370 838 3731 907 τρεφόμενος,
3754 860 3755 865 η

2152 932 2252 1001 τῆς
2274 930 2525 1001 οὐρανίου
2563 926 2775 999 μεθέξει
2805 926 2968 997 ζωῆς.
3010 928 3099 997 Μὴ
3129 927 3191 999 δὴ
3226 922 3339 987 οὖν.
3370 929 3518 997 φησὶ,
3558 946 3734 981 σκαν-

2154 1021 2416 1085 δαλιζέτω
2455 1023 2597 1091 ὑμᾶς
2627 1020 2802 1084 τοῦτο,
2827 1019 2855 1072 ὃ
2885 1019 3011 1090 περὶ
3044 1018 3295 1088 βρώσεως
3316 1020 3408 1088 τῆς
3430 1020 3571 1089 ἐμῆς
3598 1037 3733 1091 σαρ-

2154 1110 2249 1175 κὸς
2278 1113 2371 1164 καὶ
2407 1112 2534 1183 περὶ
2559 1110 2799 1180 πόματος
2818 1111 2911 1162 τοῦ
2934 1110 3065 1180 ἐμοῦ
3090 1111 3315 1179 αἵματος
3334 1111 3548 1181 εἴρηκαο
3579 1113 3731 1181 μηδὲ

2153 1204 2466 1275 ταραττέτω
2497 1204 2638 1273 ὑμᾶς
2667 1204 2698 1271 ἡ
2726 1202 3008 1273 πρόχειρος
3026 1202 3162 1272 ἀκοὴ
3185 1201 3292 1254 τῶν
3320 1204 3442 1273 περὶ
3465 1203 3560 1273 τῆς
3584 1220 3732 1275 σαρ-

2158 1294 2253 1358 κὸς
2302 1296 2394 1348 καὶ
2445 1296 2676 1364 αἵματος
2707 1294 3008 1363 εἰρημένων
3041 1310 3162 1363 μοι’
3201 1293 3373 1346 ταῦτα
3418 1295 3517 1365 γὰρ
3561 1295 3731 1348 οὐδὲν

2154 1386 2353 1455 ὠφελεῖ
2384 1378 2652 1456 αἰσθητῶς
2682 1384 2986 1454 ἀκουόμενα
3009 1401 3022 1414 ο
3050 1384 3110 1436 τὸ
3148 1384 3204 1435 δὲ
3250 1384 3474 1457 Πνεῦμά
3511 1386 3622 1438 ἐστι
3653 1388 3729 1438 τὸ

2155 1474 2452 1541 ζωοποιοῦν
2500 1479 2622 1540 τοὺς
2673 1474 3055 1545 πνευματικῶς
3103 1473 3321 1527 ἀκούειν
3368 1474 3724 1546 δυναμένους.

2168 1569 2303 1621 Ἀλλ’
2333 1570 2361 1620 ό
2394 1568 2576 1629 καινὸς
2621 1567 2891 1637 ἐξηγητὴς
2931 1565 3036 1618 τῶν
3066 1566 3433 1634 εὖαγγελικῶν
3465 1568 3727 1637 μαθημά-

2154 1678 2261 1713 των
2296 1660 2461 1730 μηδὲν
2506 1658 2707 1711 τούτων
2756 1658 2975 1720 συνιεὶς,
3025 1657 3322 1710 ἐπάκουσον
3347 1658 3495 1720 ὅπως
3520 1659 3725 1729 γράφει

491 1777 510 1815 t
558 1759 729 1827 fuerat
755 1760 779 1812 ?
804 1759 1016 1826 spiritus
1044 1758 1263 1825 viviﬁcat
1286 1796 1299 1819 ,
1335 1772 1457 1809 caro
1496 1772 1597 1809 non
1640 1756 1845 1822 prodest
1894 1756 2043 1824 quid-

2154 1720 2323 1819 λέγων
2348 1720 2537 1813 αὑταῖς
2571 1749 2855 1811 συλλαϐαῖς
2881 1766 2893 1777 ο
2925 1766 2943 1797 ι
2996 1748 3102 1800 Τοῦ
3136 1747 3469 1819 ἀνθρωπίνου
3508 1720 3725 1821 adicitis-

490 1867 510 1902 ι
554 1866 732 1919 quam.
766 1868 783 1902 ι
813 1850 890 1902 Ad
919 1864 1077 1918 quem
1120 1850 1403 1903 dicendum
1437 1857 1516 1901 est
1547 1866 1559 1901 :
1599 1847 1666 1900 Et
1700 1844 1842 1898 unde
1871 1846 1986 1909 tibi,
2014 1861 2047 1897 ο

489 1942 647 2007 Itone,
672 1951 728 1994 ut
748 1941 968 2008 adjicias
1002 1940 1067 1993 ad
1097 1940 1431 2013 Scripturam
1459 1937 1822 2008 evangelicum
1848 1936 1870 1987 ?
1894 1934 2049 1987 Nam-

487 2047 611 2099 que,
645 2033 984 2086 Servatorem
1012 2046 1209 2099 corpus
1240 2032 1534 2085 humanum
1568 2029 1805 2096 tetigisse
1841 2028 2049 2093 Etprze-

486 2126 725 2177 sentibus
754 2123 1075 2182 ostendisse,
1126 2122 1460 2189 dixisseque,
1512 2119 1739 2172 hoccine
1772 2132 1866 2170 vos
1893 2130 2049 2170 scan-

486 2214 726 2268 dalizat?
762 2230 864 2268 non
902 2215 1125 2268 habetttr
1168 2212 1304 2278 apud
1339 2210 1723 2279 evangelistam
1749 2248 1765 2274 ,
1817 2216 1871 2261 tu
1914 2222 1943 2261 a
1999 2217 2048 2261 te

490 2302 663 2372 lingis,
698 2314 752 2356 et
784 2317 814 2355 e
843 2312 932 2356 tuo
964 2303 1191 2355 cerebro
1226 2301 1327 2354 hoc
1362 2299 1782 2352 additamentum
1822 2295 2047 2351 commi-

489 2394 621 2448 nisci
649 2409 810 2448 ausus
848 2409 927 2449 es.
958 2394 1109 2460 Quod
1152 2391 1329 2445 audax
1368 2388 1575 2443 facinus
1610 2404 1637 2441 a
1683 2403 1739 2442 se
1773 2398 2046 2457 acceptum

490 2487 759 2541 transtulit
787 2502 871 2550 eo,
904 2496 961 2540 ut
987 2488 1189 2541 diceret
1214 2497 1431 2538 carnem
1472 2480 1772 2535 Servatoris
1805 2494 1835 2533 a
1878 2480 2049 2534 Verbo

414 2606 419 2611 ι
487 2591 587 2632 suo
614 2579 738 2632 olim
772 2579 1180 2647 relinquendam
1212 2575 1358 2629 omni
1390 2575 1705 2643 Operatione
1739 2573 1993 2625 nudatam
2030 2591 2042 2626 :

487 2670 532 2723 si
580 2669 778 2724 fatetur
822 2684 948 2738 ergo
1004 2682 1220 2723 carnem
1266 2666 1521 2735 prodesse
1575 2665 1748 2717 nihil:
1785 2664 2049 2732 quomodo

490 2767 601 2811 tum
636 2757 749 2822 liet,
785 2768 839 2810 ut
862 2772 981 2827 qua:
1010 2759 1073 2811 de
1106 2767 1247 2811 terra
1274 2764 1356 2808 est
1404 2763 1459 2806 et
1491 2753 1621 2805 nihil
1665 2754 1902 2821 prodest.
1933 2762 2049 2805 tan-

486 2861 646 2913 quam
708 2848 985 2917 profutura
1038 2846 1090 2899 in
1142 2845 1320 2899 futuro
1367 2842 1561 2897 saeculo
1621 2844 1758 2896 adsit
1827 2843 2047 2897 Verbo?

492 2942 550 3000 μζ(
573 2938 649 2990 Ad
668 2937 807 2991 hunc
832 2940 1045 2992 modum
1067 2939 1331 2992 inerudite
1344 2949 1396 2991 et
1417 2938 1702 2990 inscienter
1722 2935 1964 3004 prorupit
1983 2934 2046 2987 ad

2155 1860 2173 1892 ι
2216 1858 2304 1903 νος
2337 1840 2587 1911 σώματος
2638 1841 2731 1893 καὶ
2761 1838 2939 1903 δείξας
2965 1839 3095 1891 αὐτὸ
3150 1842 3262 1903 τοίς
3315 1839 3501 1909 ὁρῶσι,
3541 1841 3723 1894 Τοῦτο

2154 1950 2171 1984 ι
2212 1931 2366 2001 ὑμᾶς
2382 1931 2761 1991 σκανδαλίζει
2780 1948 2795 1993 ;
2817 1930 2938 2001 ἔφη·
2974 1930 3110 1983 Ἐὰν
3128 1926 3241 1984 οὖν
3264 1932 3427 1998 ἴδητε
3448 1932 3555 1985 τὸν
3585 1932 3724 1985 Υίὸν

2154 2042 2171 2074 ι
2208 2023 2314 2076 τοῦ
2355 2025 2665 2091 ἀνθρώπου
2710 2024 2975 2085 ἀνιόντα,
3027 2022 3178 2075 ὅπου
3205 2019 3283 2092 ἦν
3313 2023 3379 2075 τὸ
3409 2026 3722 2091 πρότερον;

2153 2135 2171 2167 ι
2211 2117 2277 2170 τὸ
2292 2116 2523 2185 πνεῦμα
2546 2115 2823 2181 ζωοποιεῖ,
2853 2117 2890 2185 ὴ
2917 2116 3069 2183 σὰρξ
3095 2115 3274 2170 οὐδὲν
3295 2116 3558 2183 ὡφελεῖη
3578 2117 3725 2185 Πρὶς

2146 2206 2202 2258 ὃν
2216 2200 2282 2275 ἦν
2303 2207 2492 2259 εἰπεῖν·
2513 2207 2620 2259 Καὶ
2639 2205 2799 2258 πόθεν
2816 2223 2917 2270 σοι,
2944 2201 2987 2258 ὦ
3004 2208 3282 2277 γενναῖε,ἡ
3306 2208 3585 2278 προσθήκη
3612 2208 3735 2260 τῶν

2152 2297 2224 2368 μὴ
2237 2297 2551 2368 φερομένων
2568 2300 2623 2349 ὲν
2642 2300 2705 2367 τῇ
2729 2296 3053 2367 εὐαγγελικῇ
3073 2299 3262 2368 Γραφῇ
3280 2315 3293 2361 ;
3314 2298 3373 2349 τὸ
3395 2297 3501 2367 γάρ
3517 2298 3608 2350 τοῦ
3626 2299 3724 2351 άν-

2149 2388 2420 2459 θρωπίνου
2441 2388 2687 2457 σώματος
2712 2388 2983 2457 ἁψάμενον
3010 2387 3097 2439 τὸν
3115 2388 3338 2458 Σωτῆρα
3364 2390 3451 2440 καὶ
3476 2389 3723 2451 δείξαντα

2155 2480 2286 2532 αὐτὸ
2313 2481 2424 2541 τοῖς
2459 2477 2656 2549 ὁρῶσιν
2686 2479 2979 2549 εἰρηκέναι,
3008 2477 3164 2530 τοῦτο
3192 2480 3333 2548 ὑμᾶς
3349 2479 3715 2542 σκανδαλίζεω

2148 2569 2301 2640 παρά
2335 2569 2530 2622 σαὺτοῦ
2569 2569 2825 2632 πλάττεις
2852 2570 2943 2623 καὶ
2976 2568 3072 2640 τὴν
3116 2569 3424 2641 προσθήκην
3449 2570 3552 2622 ἀπὸ
3580 2570 3720 2623 σαῦ-

2146 2662 2239 2714 τοῦ
2267 2660 2531 2714 ποιεῖσθαι
2557 2660 2758 2731 τολμᾷς
2787 2663 2798 2714 !
2850 2662 2908 2713 '0
2942 2661 3005 2731 δὴ
3059 2661 3312 2731 τόλμημα
3364 2661 3485 2730 παρ’
3519 2661 3716 2714 ἑαυτοῦ

2148 2751 2325 2805 λαϐὼν
2367 2751 2614 2804 ἐντεῦθεν
2661 2751 2831 2805 οἴεται
2877 2753 3336 2823 παρασκευάζειν,
3384 2752 3582 2824 ἔρημον
3616 2751 3721 2822 τῆς

2149 2844 2421 2915 ἐνεργείας
2473 2843 2565 2895 τοῦ
2610 2842 2781 2911 Λόγου
2813 2843 2909 2914 τὴν
2942 2844 3116 2914 σάρκα
3146 2844 3236 2897 τοῦ
3270 2846 3517 2916 Σωτῆρος
3551 2863 3723 2898 κατα-

2148 2934 2521 3005 ληφθήσεσθαι
2563 2934 2756 3001 λέγων.
2792 2936 2855 2988 Εἰ
2882 2931 2973 2988 οὖν
3010 2936 3264 3006 όμολογεῖ
3286 2938 3382 3008 τὴν
3411 2936 3587 3008 σάρκα
3617 2954 3721 3005 μη-

488 3031 725 3083 divinam
763 3030 1098 3099 Scripturam
1155 3031 1637 3099 interpretandam.
1674 3028 1779 3081 Sed
1821 3037 1874 3081 et
1918 3042 2045 3096 apo-

2154 3027 2237 3080 δὲν
2278 3027 2386 3096 (89)
2426 3025 2652 3094 ὠφελεῖν
2678 3026 2860 3090 αὐτὸν,
2899 3027 3013 3091 πῶς
3040 3030 3272 3099 ἐγχωρεῖ
3298 3030 3396 3098 τὴν
3424 3029 3489 3080 ἐκ
3519 3029 3623 3097 γῆς
3659 3045 3718 3081 τε

486 3123 704 3175 stolicos
769 3123 835 3174 ad
896 3123 1143 3175 eumdem
1200 3123 1414 3175 modum
1468 3134 1744 3174 sermones
1799 3133 2048 3189 perverse

487 3208 830 3276 interpretari
868 3226 1148 3280 aggressus
1171 3221 1276 3265 est.

2152 3114 2313 3171 οὖσαν
2356 3118 2448 3169 καὶ
2478 3116 2643 3187 μηδὲν
2673 3117 2986 3187 ὠφελοῦσαν
3038 3123 3132 3172 καὶ
3174 3123 3234 3173 ὲν
3274 3124 3387 3184 τοῖς
3438 3122 3719 3192 μέλλουσιν

2154 3209 2342 3262 αἰῶσιν
2392 3208 2466 3271 ὡς
2513 3208 2659 3279 αὐτῷ
2710 3208 3109 3277 λυσιτελοῦσαν,
3157 3216 3392 3266 συνεῖναι
3425 3214 3502 3284 τῷ
3526 3214 3713 3283 Λόγῳς

488 3299 643 3353 Οὕτω
675 3302 771 3370 μὲν
817 3297 908 3355 οὖν
954 3302 1177 3372 ἀμαθῶς
1211 3304 1305 3357 καὶ
1349 3300 1807 3372 ἀνεπιστημόνως
1862 3300 1961 3371 τὴν
2025 3299 2378 3370 εὐαγγελικὴν
2423 3301 2870 3370 παρερμηνεῦσαι
2909 3304 3088 3374 φωνὴν
3148 3306 3401 3376 ὡρμήθη,
3463 3307 3554 3358 καὶ
3604 3305 3715 3360 τῶν

487 3395 856 3451 ἀποστολικῶν
879 3397 934 3450 δὲ
958 3398 1153 3467 ὁμοίως
1187 3398 1441 3469 ῥημάτων
1471 3396 1825 3467 διαστρόφους
1852 3397 2134 3467 ἐξηγήσεις
2167 3397 2418 3448 ἐποιεῖτο.

1096 3490 1246 3543 CAP.
1291 3489 1426 3543 XIII.

491 3580 762 3646 Quomodo
816 3596 1025 3647 regnum
1075 3582 1263 3633 Christi
1308 3584 1405 3642 ait,
1462 3581 1669 3632 initium
1721 3588 1840 3629 ante
1884 3593 2046 3647 annos

558 3652 963 3717 quadringentos
998 3653 1286 3715 accepisse,
1343 3652 1637 3702 habiturum
1681 3658 1852 3699 autem
1892 3646 2045 3717 ﬁnem

560 3720 615 3771 in
640 3716 1083 3771 consummatione
1113 3721 1311 3781 amuli,
1358 3722 1550 3770 certsuit
1594 3733 1856 3783 perversos
1902 3716 2044 3769 Scriv

561 3802 835 3857 pturarum
868 3791 1316 3855 interpretationes
1343 3790 1625 3855 offerendo.

560 3947 695 4003 Cum
726 3947 779 4001 in
803 3946 1163 4014 apostolorum
1199 3944 1424 3999 Actibus
1457 3944 1597 3998 dicat
1623 3942 1836 4007 Petrus.
1883 3944 2046 4011 Quem

493 4048 690 4108 oportet
721 4037 874 4091 caelos
904 4052 1087 4104 capere
1126 4053 1287 4105 usque
1314 4036 1385 4087 ad
1418 4045 1615 4101 tempus
1653 4035 2047 4089 restaurationis

493 4132 726 4185 omnium
776 4129 831 4193 ⁸;
880 4130 1201 4182 sententiam
1250 4127 1365 4194 ejus
1424 4127 1523 4181 loci
1569 4143 1673 4180 non
1729 4127 2046 4196 intelligens,

493 4224 622 4279 hinc
685 4221 993 4291 profectus,
1055 4221 1248 4279 Christi
1324 4234 1539 4287 regnum
1607 4219 2050 4273 circumscribere

2784 3492 2939 3544 ΚΕΦ.
2976 3491 3074 3545 ll".

2155 3585 2350 3652 Ὅπως
2371 3588 2483 3656 τὴν
2508 3584 2615 3640 τοῦ
2650 3584 2904 3653 Χριστοῦ
2927 3582 3255 3646 ,ϐασιλείαν
3282 3581 3483 3659 ἀρχὴν
3489 3580 3619 3703 ἐμέν
3635 3580 3709 3634 ei-

2220 3658 2478 3703 .lmcéwu
2505 3655 2619 3703 τὴν
2654 3652 2771 3703 ἀπὸ
2808 3654 3205 3703 τετρακοσίων
3232 3652 3383 3703 ἐτων
3406 3691 3421 3703 .
3456 3668 3487 3702 τ
3520 3656 3630 3703 λοί-
3653 3649 3709 3703 δὲ

2220 3649 2478 3725 inperat,
2505 3655 2619 3721 τὴν
2654 3649 2771 3707 diu)
2808 3654 3205 3725 τετρακοσίων
3232 3649 3383 3725 ἐτῶν
3406 3691 3421 3715 ,
3455 3649 3630 3725 τέλος
3653 3649 3716 3725 δὲ
3760 3676 3763 3679 λ

2220 3720 2380 3789 ἕξὲιν
2410 3729 2480 3780 ἐν
2522 3725 2596 3792 τῇ
2632 3720 2970 3788 συντελείᾳ,
3010 3720 3716 3792 διεϐεϐαιοῦτο,διαστρόο

2222 3814 2375 3863 ρους
2422 3791 2774 3865 ποιούμενος
2831 3793 2937 3858 τὰς
2988 3791 3104 3845 τῶν
3149 3794 3321 3848 θείων
3352 3792 3608 3858 Γραρῶν
3632 3793 3721 3859 ἐρ-

2215 3868 2487 3933 μηνείας.

2220 3958 2423 4012 Αὐτίκα
2452 3959 2601 4029 γοῦν,
2630 3960 2689 4011 ὲν
2717 3959 2836 4020 ταῖς
2877 3954 3111 4026 Πράξεσι
3128 3955 3233 4008 τῶν
3259 3956 3589 4015 ἀποστόλων,
3622 3953 3717 4006 τοῦ

2154 4046 2357 4117 Πέτρου
2387 4052 2513 4119 περὶ
2545 4049 2635 4102 τοῦ
2666 4048 2912 4117 Σωτῆρος
2950 4046 3104 4117 ἡμῶν
3149 4048 3428 4118 εἰρηκότος
3448 4086 3462 4109 ,
3500 4050 3606 4099 “Or
3627 4045 3724 4098 δεῖ

2153 4137 2412 4203 οὐρανὸν
2427 4140 2542 4206 μὲν
2574 4138 2857 4203 δέξασθαι
2888 4137 3019 4204 ἄχρι
3050 4138 3283 4205 χρόνων
3308 4135 3717 4191 ἀποκαταστά-

2155 4242 2326 4293 σεως,
2360 4230 2433 4300 μὴ
2464 4232 2658 4301 νοήσας
2702 4230 2799 4299 τὴν
2841 4230 2930 4282 τοῦ
2966 4229 3125 4297 λόγου
3168 4230 3427 4291 διάνοιαν,
3462 4226 3711 4279 ἐντεῦθεν

494 4326 740 4379 conatur,
771 4316 1057 4369 terminum
1088 4312 1227 4365 illius
1253 4313 1422 4374 aiens,
1461 4321 1511 4363 et
1555 4311 2047 4364 delertuinationetu

2154 4316 2253 4386 τὴν
2304 4319 2579 4386 βασιλείαν
2624 4318 2716 4370 τοῦ
2766 4318 2997 4389 Χριστοῦ
3058 4320 3409 4389 περιγράφειν
3454 4317 3713 4386 πειρᾶται

493 4410 810 4480 significari,
838 4424 904 4462 eo
932 4407 1072 4477 quod
1092 4407 1307 4469 dicitur,
1333 4404 1504 4474 Usque
1535 4407 1603 4456 ad
1630 4413 1822 4473 tempus
1849 4413 2050 4457 restau-

493 4503 730 4556 rationis.
766 4503 876 4555 Hoc
905 4503 1040 4554 idem
1083 4510 1138 4553 et
1180 4515 1277 4566 per
1319 4498 1592 4551 Psalinum
1628 4497 1850 4551 indicari
1900 4498 2054 4548 docet

492 4595 777 4654 dicentem,
816 4591 947 4647 Sede
980 4609 1009 4644 a
1048 4592 1245 4645 dextris
1283 4591 1441 4653 meis,
1474 4591 1635 4641 donec
1659 4604 1845 4653 ponam
1878 4586 2056 4638 inimi-

492 4700 579 4740 cos
610 4694 723 4738 tuos
760 4684 1041 4737 scabellunt
1070 4683 1252 4751 pedum
1278 4693 1481 4734 tuorum
1504 4680 1544 4732 ‘.
1588 4678 1650 4732 Et
1672 4677 1889 4730 Paulum
1927 4692 2054 4742 apo-

492 4778 688 4833 stoium
754 4777 955 4830 dixisse
1018 4778 1085 4829 ob
1162 4777 1298 4829 hanc
1349 4789 1603 4833 causam.
1668 4771 1881 4837 Oportet
1936 4786 2050 4822 eunt

492 4884 729 4938 regnare,
782 4884 941 4936 usque
977 4868 1098 4919 dum
1153 4866 1378 4935 posuerit
1421 4865 1657 4917 inimicos
1700 4860 1793 4913 sub
1837 4860 2049 4929 pedibus

493 4962 603 5015 suis
627 4961 668 5013 ⁸.
708 4960 837 5014 Illud
868 4960 1009 5013 enim
1058 4961 1243 5025 donec,
1303 4970 1356 5011 et
1409 4974 1568 5027 usque
1602 4956 1726 5009 dum
1772 4953 2047 5008 deﬁnitum

497 5055 703 5113 tempus
729 5047 1035 5116 significare
1085 5048 1417 5109 arbitratur;
1471 5046 1686 5101 attende
1740 5059 1867 5113 ergo
1912 5056 2049 5110 quo-

495 5142 653 5196 modo
680 5142 745 5195 ad
794 5141 1013 5195 verbum
1048 5139 1291 5203 scribat,
1327 5140 1574 5206 inquiens
1620 5136 1726 5207 [Β.
1759 5136 1891 5198 CIV,
1924 5132 2046 5187 coll.

494 5246 546 5302 p.
567 5232 626 5287 51
651 5231 692 5287 C
709 5231 762 5305 ]:
789 5251 809 5284 ‹
842 5231 991 5286 Hanc
1009 5231 1076 5287 ob
1095 5246 1312 5285 causam
1339 5231 1548 5284 videtur
1570 5228 1696 5281 mihi
1719 5228 1857 5281 Deus
1878 5224 2052 5279 omni-

568 5404 625 5461 >I<
656 5398 754 5454 Ed.
782 5399 959 5466 Paris,
991 5418 1111 5473 pag.
1149 5403 1272 5457 181.
1346 5404 1366 5435 ⁸
1398 5403 1517 5458 Act.
1558 5418 1637 5460 ιιι,
1683 5400 1775 5453 Ἡ.
1846 5398 1865 5429 ³
1890 5396 2034 5451 Psal.
2067 5411 2175 5463 cur,
2220 5397 2272 5453 I.

2151 4402 2273 4471 ὅρον
2299 4405 2416 4457 τινὰ
2452 4406 2671 4474 φάσκων
2706 4407 2798 4459 καὶ
2827 4407 3158 4477 προθεσμίαν
3190 4408 3285 4477 τῆς
3319 4392 3584 4476 βασιλείας
3614 4406 3718 4459 αὑ-

2152 4494 2245 4545 τοῦ
2274 4496 2577 4566 δηλοῦσθαι,
2618 4498 2702 4551 διὰ
2732 4499 2791 4551 τὸ
2826 4498 3107 4566 λέγεσθαι,
3139 4498 3271 4567 ἄχρι
3313 4499 3542 4567 χρόνων
3572 4498 3720 4552 ἀπο-

2153 4587 2591 4652 καταστάσεως.
2625 4590 2697 4642 Τὸ
2727 4590 2857 4643 αὐτὸ
2899 4590 2954 4642 δὲ
2996 4590 3151 4643 τοῦτο
3203 4590 3551 4643 συνίστασθαί
3585 4607 3717 4657 φησι

2154 4677 2248 4729 καὶ
2276 4676 2361 4729 διὰ
2406 4677 2498 4729 τοῦ
2532 4679 2830 4746 φάσκοντος
2873 4680 3100 4751 Ψαλμοῦ
3122 4722 3136 4744 ,
3170 4680 3362 4734 Κάθου
3400 4682 3468 4733 ἐκ
3508 4679 3720 4744 δεξιῶν

2150 4785 2291 4836 μου,
2323 4767 2432 4833 ἕως
2456 4766 2532 4820 ἂν
2549 4769 2628 4822 θῶ
2652 4771 2792 4836 τοὺς
2816 4772 3063 4840 ἐχθρούς
3090 4788 3204 4824 σου
3241 4770 3571 4824 ὑποπόδιον
3601 4767 3719 4822 τῶν

2153 4858 2354 4911 ποδῶν
2380 4877 2495 4915 σου
2515 4901 2529 4925 ,
2562 4863 2655 4914 καὶ
2687 4861 2895 4915 Παῦλον
2926 4863 2981 4915 δὲ
3009 4863 3099 4915 τὸν
3130 4862 3422 4915 ἀπόστολον
3450 4861 3537 4914 διὰ
3563 4860 3718 4913 τοῦτο

2152 4950 2431 5019 εἰρηκέναι
2458 4950 2537 5014 τὸ,
2574 4951 2673 5003 Δεῖ
2691 4952 2800 5021 γὰρ
2830 4953 3015 5007 αὑτὸν
3035 4953 3407 5016 βασιλεύειν,
3428 4951 3537 5015 ἓως
3548 4948 3623 5003 ἂν
3643 4948 3719 5018 θῇ

2152 5039 2294 5106 τοὺς
2324 5042 2573 5110 ἐχθροὺς
2599 5044 2717 5097 ὑπὸ
2745 5044 2884 5110 τοὺς
2914 5046 3101 5110 πόδας
3127 5044 3311 5098 αὑτοῦ
3331 5061 3345 5073 ο
3385 5044 3445 5095 τὸ
3476 5042 3583 5112 γάρ
3609 5041 3717 5107 ἕως

2152 5132 2243 5187 καὶ
2272 5132 2332 5182 τὸ
2364 5133 2501 5201 ἄχρι
2535 5137 2966 5207 περιωρισμένου
2997 5137 3184 5208 χρόνου
3226 5134 3555 5206 σημαντικὸν
3582 5130 3721 5186 εἶναι

2150 5222 2441 5277 ὑπέλαϐεν.
2497 5226 2827 5280 Ἐπάκουσον
2862 5228 2971 5299 (90)
3021 5228 3149 5297 γοῦν
3192 5228 3336 5291 ὅπως
3391 5224 3535 5281 κατά
3575 5224 3719 5290 λέξιν

2346 5398 2368 5430 ³
2398 5396 2417 5450 I
2449 5396 2573 5453 Cor.
2617 5413 2706 5462 xv,
2737 5397 2825 5453 25.

565 5573 683 5659 (89).
721 5575 988 5658 Ὠςξεξεῖν
1028 5580 1241 5659 αὐτόν..
1290 5580 1484 5634 lterum
1530 5581 1618 5659 hic
1683 5579 2048 5659 reponendum

2154 5579 2270 5659 Βτῷ,
2314 5581 2400 5636 hic
2447 5595 2606 5649 porro
2639 5589 2786 5659 recte
2831 5578 3110 5648 scriptum,
3169 5586 3219 5629 ut
3279 5588 3447 5643 uuprr
3473 5572 3720 5629 corrui-

499 5649 925 5721 ttitt§,_tb§_apt@,
976 5665 1071 5715 pro
1100 5649 1376 5714 ὡσαύτως.
1412 5653 1552 5719 quod
1601 5652 1653 5707 in
1709 5649 1947 5720 margine
1975 5660 2049 5705 tan

2175 5649 2438 5721 adjectum
2468 5662 2603 5705 erat.
2638 5650 2709 5706 Mr.

566 5712 675 5784 (90)
710 5712 883 5784 Vulgo
906 5712 1070 5771 ὑπακ.
