4050 6206
360 255 504 314 ιοεε

1310 245 1397 299 DE
1429 245 1957 302 ECCLESIASTICA
1990 245 2385 301 THEOLOGIA
2421 246 2548 300 LIB.
2591 247 2680 302 lll.

3451 239 3599 307 1026'

354 367 560 440 γράφει
606 363 812 433 λέγων·
857 379 877 414 ι
923 357 1022 412 Διά
1066 357 1224 411 τοῦτο
1275 358 1384 430 γάρ
1435 375 1523 429 μοι
1571 358 1720 412 δοκεῖ
1762 361 1856 414 καὶ
1905 363 1917 412 ε

2041 378 2058 410 ι
2096 370 2296 429 potens
2325 369 2380 413 et
2408 361 2662 414 Dominus
2691 362 2756 414 ad
2782 360 2924 414 illum
2955 360 3172 427 dixisse,
3209 362 3345 417 Sede
3382 380 3412 416 a
3456 364 3585 418 dea;-

363 439 816 528 errtavtoxpﬁtwp
848 451 1000 513 Θεὸς,
1028 453 1056 504 6
1101 448 1211 519 (9i)
1253 449 1521 520 δεσπότης
1544 492 1558 514 ,
1592 451 1728 522 πρὸς
1768 439 1917 504 αὖτὸι

2039 470 2056 502 ι
2106 452 2204 504 tris
2261 451 2411 516 meis,
2461 453 2620 505 donec
2645 469 2836 518 ponam
2882 453 3122 518 inimicos
3152 465 3268 507 tuos
3311 454 3587 525 scabellum

365 568 386 600 ι
418 548 616 616 λέγειν.
643 543 838 599 Κάθου
851 542 918 594 ἐκ
934 538 1150 603 δεξιῶν
1173 556 1312 609 μου,
1332 539 1441 605 ἕως
1459 539 1566 609 (92)
1584 538 1659 592 ἂν
1678 535 1758 593 θῶ
1788 540 1928 606 τοὺς

365 658 386 692 ‹
424 639 673 708 ἐχθρούς
699 652 813 690 σου
851 631 1185 686 ὑποποδίον
1219 629 1336 683 τῶν
1361 629 1562 684 ποδῶν
1593 647 1708 686 σου
1727 649 1743 662 ο
1773 634 1926 704 ἐνερ-

365 749 382 782 ι
421 731 546 800 γείᾳ
569 729 697 799 μόνῃ
729 726 814 779 διὰ
840 725 940 795 τὴν
969 722 1316 793 ἀνθρωπίνην
1349 721 1527 792 σάρκα
1552 722 1802 794 χωρίζειν
1827 725 1926 776 αὐ-

365 843 383 872 ι
424 822 514 874 τὸν
541 818 703 872 δοκῶν
727 834 742 846 ·
787 817 885 869 καὶ
918 813 1108 883 ὥσπερ
1136 813 1246 883 ι95)
1294 812 1540 884 εἴρηται,
1575 813 1697 866 τινά
1738 815 1925 884 χρόνον

365 934 382 962 ι
421 913 612 985 ὁρίζων
655 908 801 979 αὐτῷ
850 909 949 979 τῆς
994 909 1049 960 ὲν
1093 907 1243 977 δεξιᾷ
1279 907 1578 978 καθέδρας,
1622 906 1763 959 οὕτω
1794 907 1925 976 φησὶ

363 1019 381 1049 ι
418 999 545 1069 πρὸς
574 996 734 1049 αὐτόν
758 1012 772 1024 ·
811 997 966 1061 Ἕως
991 993 1067 1048 ἂν
1093 994 1172 1048 θῶ
1203 996 1344 1061 τοὺς
1359 996 1608 1064 ἐχθρούς
1641 1013 1755 1050 σου
1779 999 1924 1049 ὐπο-

362 1109 378 1139 ι
412 1087 617 1141 πτῖδιον
650 1085 772 1139 τῶν
805 1083 1007 1138 ποδῶν
1049 1101 1188 1138 σου.
1220 1084 1388 1136 Τοῦτο
1414 1085 1470 1138 δὲ
1499 1085 1558 1137 τὸ
1590 1085 1921 1156 προφητικὸν

361 1198 378 1228 ι
411 1178 501 1230 τοῦ
531 1176 695 1229 Δαόὶδ
726 1176 887 1246 ῥητὸν
917 1176 1246 1247 σαφέστερον
1275 1179 1406 1247 ἡμῖν
1440 1177 1754 1248 ἑρμηνεύων
1785 1179 1812 1230 ὀ
1849 1179 1923 1229 ἱε-

359 1291 376 1322 ι
413 1271 503 1342 ρὸς
547 1269 896 1333 Ἀπόστολος,
941 1269 1081 1321 οὕτω
1120 1287 1234 1333 πως
1289 1270 1390 1339 ἔφη
1414 1288 1428 1302 ·
1459 1271 1558 1323 Δεῖ
1585 1272 1693 1340 γὰρ
1735 1271 1923 1325 αὑτὸν

358 1378 375 1409 ι
408 1359 797 1424 βασιλεύειν,
843 1358 952 1423 ἕως
986 1357 1062 1411 ἂν
1106 1358 1182 1426 θῇ
1244 1359 1386 1424 τοὺς
1441 1361 1695 1428 ἐχθροὺς
1736 1361 1920 1414 αὑτοῦ

359 1470 375 1500 ι
406 1448 740 1504 ὑποπόδιον
790 1448 907 1503 τῶν
952 1449 1151 1502 ποδῶν
1189 1452 1393 1508 αὐτοῦ.
1421 1452 1627 1504 Οὐκοῦν
1657 1453 1777 1523 ὅρον
1801 1452 1920 1505 τινὰ

356 1563 375 1594 ι
416 1545 560 1612 ἔχειν
593 1546 736 1598 δοκεῖ
778 1547 810 1615 ἡ
858 1547 974 1597 κατ’
1023 1543 1306 1614 ἄνθρωπον
1353 1544 1518 1597 αὑτοῦ
1554 1545 1832 1614 οἰκονομία
1860 1563 1918 1597 τε

359 1657 376 1688 ι
406 1639 508 1690 ’καὶ
552 1637 810 1707 βασιλεία.
861 1639 967 1690 Καὶ
1013 1637 1128 1707 μεθ’
1176 1637 1340 1707 ἕτερα
1384 1637 1657 1704 ἐπιλέγει·
1703 1639 1795 1690 καί
1833 1637 1918 1691 διὰ

2039 562 2058 594 ι
2103 545 2286 610 pedum
2313 548 2539 595 tuorum.
2573 543 2797 612 Propter
2826 560 3038 600 carnem
3070 546 3356 600 humanam
3385 557 3588 602 tantum

2039 653 2056 686 ι
2103 635 2417 701 nperatiune
2445 637 2589 690 ἰΙΙιιιιι
2622 637 2830 690 videtur
2858 654 3130 706 separare,
3171 649 3258 704 et,
3288 650 3345 693 ιιι
3390 642 3589 696 dictuut

2037 744 2055 776 ι
2102 737 2204 794 est,
2249 737 2482 793 tempore
2519 727 2666 780 illum
2696 729 3163 796 circumscribere,
3201 733 3437 800 quandiu
3470 750 3590 788 ses-

2038 835 2055 867 ι
2101 832 2259 870 surus
2327 819 2428 871 eia
2471 821 2678 872 dextris
2735 819 2908 873 fuerat
2944 839 2955 874 :
2995 822 3110 875 ideo
3170 824 3362 892 inquit,
3416 825 3592 881 Donec

2037 926 2054 957 ι
2100 924 2285 974 ponam
2338 910 2572 962 inimicos
2627 921 2740 964 tuos
2797 913 3074 965 scabellum
3124 919 3310 983 pedum
3356 926 3587 973 tuorum.

2035 1015 2053 1046 ι
2101 997 2249 1063 Quod
2293 1001 2656 1068 propheticum
2705 1002 2920 1056 Davidis
2957 1007 3357 1073 testimonium,
3403 1009 3592 1062 diluci-

2033 1107 2052 1140 ι
2101 1091 2218 1142 dius
2247 1091 2534 1159 explicavit
2565 1097 2752 1146 beatus
2790 1095 3074 1162 Apostolus
3105 1098 3354 1164 inquiens
3380 1115 3392 1150 :
3419 1097 3589 1164 Opor-

2035 1197 2053 1231 ι
2108 1189 2176 1233 tet
2207 1183 2392 1235 etenim
2423 1183 2571 1236 illum
2602 1187 2854 1252 imperare
2882 1187 3044 1239 donec
3082 1189 3309 1254 posuerit
3349 1190 3590 1244 inimicos

2035 1289 2051 1321 ι
2098 1272 2212 1338 eius
2246 1275 2524 1328 scabellum
2576 1277 2763 1342 pedum
2808 1279 2992 1346 ipsius.
3021 1277 3097 1331 Ita
3128 1281 3356 1334 termino
3384 1283 3592 1336 videtur

2033 1382 2050 1414 ι
2097 1367 2491 1430 circumscribi,
2526 1369 2665 1421 illius
2689 1371 2980 1422 secundum
3012 1371 3281 1424 hominem
3308 1372 3588 1442 dispensa-

2032 1473 2048 1504 ι
2098 1455 2192 1520 tio,
2233 1467 2392 1524 atque
2416 1475 2693 1527 regnum.)
2730 1460 2791 1512 Et
2832 1471 2945 1528 post
2977 1461 3076 1513 alia
3123 1463 3431 1516 subnectit:
3472 1483 3489 1514 I
3524 1463 3590 1516 Et

2031 1561 2049 1594 ι
2097 1555 2374 1614 propterea
2434 1551 2794 1616 apostolorum
2860 1555 3044 1614 Actus,
3094 1551 3162 1606 de
3210 1554 3427 1607 homine
3482 1553 3587 1608 isto

2032 1651 2049 1682 ι
2099 1650 2257 1702 ψΙιΊῐΙ
2314 1638 2602 1705 assumpsit
2666 1639 2753 1690 Dei
2822 1637 3095 1703 Verbum,
3149 1650 3203 1694 et
3257 1655 3584 1711 assumptum

360 1748 378 1778 ι
420 1728 575 1781 τοῦτο
600 1731 654 1782 αἱ
681 1728 910 1799 Πράξεις
933 1728 1038 1780 τῶν
1082 1727 1389 1780 ἀποστόλων
1425 1728 1551 1798 περὶ
1580 1727 1674 1780 τοῦ
1719 1728 1917 1801 ἀνθρώ-

2032 1744 2049 1775 ι
2102 1729 2380 1780 constituit
2425 1744 2453 1781 a
2493 1728 2583 1782 Dei
2631 1729 2857 1793 dextris,
2901 1731 2968 1783 ita
3013 1730 3293 1786 referunt:
3328 1738 3386 1795 >14
3417 1732 3582 1796 Quem

363 1839 379 1868 ι
419 1836 520 1872 που
569 1819 788 1882 τούτου,
823 1820 880 1872 ὃν
914 1821 1198 1892 ἀνείληφεν
1243 1822 1270 1872 6
1319 1819 1411 1872 τοῦ
1446 1820 1580 1872 Θεοῦ
1623 1820 1792 1888 Λόγος
1824 1822 1917 1873 καὶ

2027 1835 2046 1868 ι
2092 1830 2290 1882 Oportet
2325 1820 2508 1873 ratium
2539 1837 2721 1890 capere
2770 1839 2929 1890 usque
2972 1824 3040 1874 ad
3078 1834 3280 1890 tempus
3315 1836 3582 1877 restaura-

361 1931 378 1960 ι
417 1911 718 1983 ἀνειληφὼς
752 1913 810 1963 ἐν
855 1910 1002 1982 δεξιᾷ
1045 1911 1137 1964 τοῦ
1174 1910 1387 1982 Πατρδς
1437 1910 1746 1974 καθέζεται,
1781 1911 1917 1965 οὕτω

2025 1929 2042 1962 ι
2092 1913 2246 1965 tionis
2279 1928 2298 1967 :
2333 1913 2402 1965 ita
2462 1921 2669 1982 tempus
2718 1914 2861 1966 velut
2909 1915 3238 1968 decircinant
3266 1915 3314 1968 ei
3353 1915 3582 1968 circum-

361 2023 379 2054 ι
418 2003 740 2068 διδάσκουσι,
791 2005 1060 2081 λέγουσαι,
1095 2007 1202 2058 Ὃν
1249 2003 1343 2058 δεῖ
1382 2005 1641 2073 οὐρανὸν
1668 2004 1784 2073 μὲν
1821 2005 1918 2059 δέ-

361 2116 380 2146 ι
423 2095 634 2159 ξασθαι
671 2094 818 2166 (94),
864 2096 999 2164 ἄχρι
1050 2097 1280 2164 χρόνων
1339 2093 1916 2162 ἀποκαταστάσεως·

359 2205 378 2237 ι
414 2185 508 2239 καὶ
533 2179 691 2238 αὗται
725 2186 909 2258 ὥσπερ
939 2188 1060 2256 ὅρον
1092 2185 1214 2238 τινὰ
1236 2185 1325 2238 καὶ
1354 2183 1687 2257 προθεσμίαν
1713 2186 1922 2256 ὁρίζου-

2027 2019 2043 2052 ι
2093 2005 2375 2071 scriptum.
2407 2023 2425 2054 ι
2463 2002 2670 2069 Quibus
2694 2003 2931 2071 postalia
2962 2005 3218 2058 annectit.
3257 2022 3276 2054 ι
3309 2003 3586 2069 Quomodo

2024 2110 2042 2142 ι
2087 2099 2261 2160 potest
2297 2093 2407 2146 ﬁeri
2434 2104 2487 2146 ut
2524 2094 2692 2146 forma
2739 2093 2880 2145 servi
2923 2108 3084 2160 quam
3131 2093 3424 2162 assumpsit
3453 2090 3586 2145 Ver-

2027 2200 2044 2232 ι
2093 2183 2431 2246 bum,rurma
2486 2186 2626 2236 servi
2668 2199 2788 2236 cum
2832 2185 3058 2237 exsistat
3097 2199 3218 2237 cum
3273 2182 3446 2238 Verbo
3493 2201 3584 2239 co-

355 2300 374 2331 ι
410 2292 517 2334 σαι.
563 2298 582 2331 ι
629 2274 724 2342 Οἷς
775 2279 892 2349 μεθ’
937 2279 1100 2348 έτερα
1142 2277 1413 2345 ἐπιλέγει·
1470 2295 1488 2327 ι
1538 2278 1662 2340 Πῶς
1701 2276 1809 2348 (95)
1841 2277 1917 2329 ἔτι

2025 2293 2043 2325 ι
2103 2275 2362 2328 uitiatur?
2391 2273 2574 2344 Itaque
2599 2291 2694 2343 pro
2723 2275 3038 2329 brevissimo
3069 2277 3295 2343 quodam
3349 2287 3585 2344 tempore

355 2392 372 2422 ι
410 2371 509 2443 τὴν
530 2371 623 2424 τοῦ
656 2370 840 2423 δούλου
871 2369 1080 2440 μορφὴν
1105 2369 1170 2440 ἣν
1192 2369 1474 2439 ἀνείληφεν
1504 2370 1532 2421 6
1560 2370 1749 2445 Λόγος,
1785 2385 1919 2438 μορ-

355 2480 374 2513 ι
414 2463 519 2534 φὴν
552 2457 713 2514 οὖσαν
745 2461 929 2513 δούλου
948 2502 961 2525 ,
1001 2464 1235 2513 συνεῖναι
1268 2459 1344 2531 τῷ
1369 2461 1543 2532 Λόγῳ,
1582 2462 1805 2514 δυνατὸν
1830 2461 1920 2529 γέο

355 2571 373 2603 ι
411 2555 537 2606 νοιτ’
559 2553 656 2617 (iv;
692 2552 884 2621 Σαφῶς
909 2552 1037 2620 γοῦν
1065 2553 1157 2605 κα)⁵
1187 2553 1478 2624 διαρρήδην
1506 2556 1562 2605 ἐν
1596 2552 1785 2624 βραχεῖ
1809 2571 1913 2606 τινι

356 2662 376 2695 ι
413 2645 588 2716 χρόνῳ
620 2643 725 2696 τῶν
757 2661 815 2696 τε
847 2638 1290 2714 παρεληλυθότων
1339 2644 1431 2696 καὶ
1477 2644 1584 2696 τῶν
1615 2643 1913 2714 μελλόντων

357 2755 376 2786 ι
411 2733 618 2788 αἰώνων
643 2735 739 2806 τὴν
772 2735 910 2788 κατὰ
940 2735 1116 2806 σάρκα
1157 2734 1465 2805 οἰκονομίαν
1495 2734 1588 2788 τοῦ
1639 2735 1812 2802 Λόγου
1845 2733 1912 2786 δι’

359 2843 380 2875 ι
411 2826 554 2896 ἡμᾶς
576 2825 893 2895 γεγενῆσθαι
922 2825 1337 2898 συμϐεϐηκέναι,
1362 2826 1454 2878 καὶ
1477 2825 1699 2895 ταύτην,
1727 2823 1911 2893 ὥσπερ

2024 2384 2041 2416 ι
2088 2366 2360 2434 praeterito
2390 2379 2580 2434 nempe
2621 2367 2713 2419 illo
2751 2376 2805 2419 et
2844 2365 3056 2429 futuro,
3106 2367 3435 2434 dispensatio
3471 2367 3586 2420 haec

2023 2478 2041 2511 ι
2087 2461 2377 2513 secundum
2419 2474 2635 2512 carnem
2682 2457 2837 2511 Verbi
2891 2456 3176 2511 manifeste
3224 2467 3278 2510 et
3323 2471 3584 2523 expresse

2025 2569 2043 2601 ι
2098 2549 2382 2616 adimpleta
2424 2549 2650 2617 contigit
2693 2558 2912 2616 propter
2951 2563 3048 2602 nos
3083 2564 3244 2616 quam
3279 2548 3352 2600 uti
3381 2547 3583 2616 princi-

2024 2655 2042 2689 ι
2092 2640 2236 2707 pium
2286 2639 2471 2692 habuit
2501 2638 2574 2691 ita
2612 2638 2771 2690 linem
2799 2638 3103 2690 habituram
3130 2671 3160 2702 ,ο
3187 2638 3342 2690 docet
3369 2637 3582 2691 divinus

2024 2747 2042 2779 ι
2091 2727 2306 2793 Paulus,
2353 2729 2435 2782 his
2491 2729 2710 2781 totidem
2751 2742 2884 2797 pene
2920 2729 3099 2782 verbis
3153 2728 3390 2782 :Deinde
3437 2729 3585 2796 ﬁnis,

2027 2838 2045 2872 ι
2090 2836 2206 2876 num
2233 2819 2505 2874 tradiderit
2533 2835 2745 2888 regnum
2764 2816 2878 2871 Deo
2895 2830 2943 2872 et
2972 2819 3122 2873 Patri
3162 2836 3257 2874 suo
3282 2822 3323 2878 ⁸.
3351 2839 3369 2872 ι

359 2935 378 2968 ι
419 2918 614 2994 ἀρχὴν,
679 2919 818 2971 οὕτω
860 2921 951 2972 καὶ
993 2919 1142 2982 τέλος
1182 2919 1322 2990 ἔχειν
1369 2922 1397 2973 6
1460 2919 1744 2982 θεσπέσιος
1813 2918 1999 2990 εἴρηκε
2068 2914 2314 2978 Παῦλος·
2380 2913 2521 2968 οὕτω
2581 2930 2697 2978 πως
2767 2914 2971 2970 εἰπών·
3029 2912 3173 2969 Εἶτα
3241 2917 3308 2970 τὸ
3385 2917 3585 2996 τέλος,

361 3022 381 3056 ι
419 3003 562 3058 ὅταν
592 3006 887 3075 παραδιδῶ
919 3008 1028 3076 τὴν
1055 3010 1380 3072 βασιλειαν
1408 3008 1482 3074 τῷ
1519 3009 1637 3074 Θεῷ
1671 3008 1767 3061 καὶ
1799 3007 2000 3074 Πατρί.
2036 3024 2056 3057 ι

989 3105 1142 3157 ΚΕΦ,
1172 3103 1269 3155 1Δ’.-

371 3192 714 3262 Ἐεηγήσεις
757 3193 863 3263 τῆς
903 3195 1126 3280 ὑγιοῦς,
1175 3195 1446 3258 διανοίας
1491 3193 1610 3246 τῶν
1649 3194 1913 3263 ἀναγνω-

1007 3281 1129 3333 σμα
1137 3283 1266 3318 των.

420 3353 517 3408 Διά
542 3372 802 3408 τοσουτων
834 3356 1148 3428 Μάρκελλος
1180 3359 1272 3409 καὶ
1299 3357 1358 3409 τὸ
1387 3355 1557 3424 σῶμα
1581 3354 1690 3423 τῆς
1730 3353 1914 3422 δόξης

350 3445 456 3500 τοῦ
492 3447 622 3500 Υίοῦ
653 3447 905 3518 ἠγνόησε,
937 3447 1028 3498 κα)⁸
1055 3447 1150 3518 τὴν
1183 3446 1531 3519 ἀτελεύτητον
1556 3445 1721 3498 αὐτοῦ
1758 3445 1912 3516 βασι-

351 3538 499 3592 λείαν
534 3542 772 3612 ἀρνεῖται
819 3541 918 3593 οῦκ
961 3542 1279 3612 ἐπιστήσας,
1308 3541 1383 3604 ὡς
1421 3539 1564 3594 κατά
1612 3556 1734 3593 τινα
1794 3556 1915 3591 συν-

355 3625 540 3698 ήθειαν
567 3629 666 3699 τῆς
689 3629 910 3699 Γραφῆς
943 3628 1245 3692 ἰδιάζουσαν
1268 3628 1328 3681 τὸ
1355 3627 1464 3694 ἕως
1495 3627 1915 3699 παραλαμϐάνεο

356 3719 472 3771 σθαι
498 3721 679 3773 εἴωθεν
703 3738 716 3751 ·
751 3721 890 3774 οὕτω
914 3721 1042 3788 γοῦν
1074 3724 1100 3775 6
1126 3721 1312 3791 Σωτὴρ
1358 3723 1468 3784 τοῖς
1497 3720 1766 3790 μαθηταῖς
1799 3719 1914 3771 ἐλε-

351 3825 482 3876 γεν·
527 3811 679 3866 Ἰδοὺ
737 3812 850 3881 ἐγὼ
888 3814 1012 3881 μεθ’
1049 3811 1212 3881 ὑμῶν
1251 3814 1366 3880 ειμι
1420 3810 1620 3876 πάσας
1669 3811 1909 3878 ἡμέρας,

351 3900 460 3965 ἕως
482 3899 590 3968 τῆς
620 3902 970 3967 συντελείας
989 3901 1095 3954 τοῦ
1132 3900 1242 3970 (96)
1265 3898 1476 3966 αἰῶνος
1496 3916 1510 3931 ·
1539 3900 1638 3953 οῦκ
1673 3899 1912 3971 ἀναιρῶν

353 3991 415 4044 τὺ
460 3991 768 4045 συνέσεσθαι
818 3994 996 4057 αὐτοῖς
1045 3993 1136 4046 καὶ
1187 3992 1323 4063 μετά
1357 3993 1455 4063 τὴν
1485 3990 1812 4054 συντέλειαν,
1838 3989 1914 4042 δι-

353 4081 564 4135 δάσκων
604 4083 646 4135 δ’
683 4085 764 4136 ὅτι
803 4084 897 4136 καὶ
929 4084 1020 4137 νῦν
1047 4083 1144 4153 μὲν
1167 4083 1315 4136 ἐσται
1352 4083 1448 4135 σὺν
1482 4082 1662 4142 αὐτοῖς
1691 4080 1794 4142 ἓως
1816 4080 1914 4149 τῆς

357 4173 689 4238 συντελείας,
736 4174 1044 4228 ἐπισκοπῶν
1084 4175 1176 4227 καὶ
1217 4173 1495 4242 φυλάττων
1542 4171 1747 4232 πάντας
1789 4171 1913 4232 τοὺς

353 4264 498 4335 ωτιτῷ
531 4265 1029 4338 μαθητευομένους·
1059 4268 1152 4319 καὶ
1187 4267 1321 4336 μετὰ
1363 4265 1462 4333 τὴν
1505 4263 1812 4316 συντέλειαν
1836 4261 1910 4324 δὲ,

354 4357 671 4428 κρειττόνως
703 4359 884 4421 αὐτοῖς
918 4359 1188 4425 συνέσται,
1219 4359 1506 4420 κοινωνοὺς
1542 4356 1738 4418 αὐτοὺς
1781 4356 1914 4407 am.

2625 3099 2776 3156 CAP.
2831 3101 2970 3156 XIV.

2185 3189 2454 3261 Expositio
2474 3194 2588 3245 sani
2615 3208 2794 3247 certans
2823 3193 3058 3247 locorum
3087 3193 3400 3264 Scriptum.

2085 3349 2187 3404 Per
2222 3363 2334 3403 nare
2366 3351 2544 3403 omnia
2592 3359 2669 3403 tot
2706 3360 2760 3404 et
2807 3351 2930 3403 talia
2979 3350 3260 3407 Marcellus
3308 3354 3577 3424 ignoravit

2010 3455 2196 3508 corpus
2231 3440 2414 3510 gloria:
2437 3438 2590 3504 Filii,
2623 3452 2676 3495 et
2703 3442 3173 3498 indeterminabile
3214 3447 3327 3512 ejus
3355 3465 3586 3517 regnum

2012 3543 2271 3603 pernegat
2338 3536 2574 3587 futurum
2624 3553 2636 3588 :
2684 3536 2902 3590 minime
2957 3537 3193 3591 animum
3255 3542 3588 3610 advertens,

2011 3625 2152 3692 quod
2197 3626 2488 3679 secundum
2521 3628 2790 3698 propriam
2818 3631 3105 3698 quamdam
3138 3631 3426 3700 Scriptura:
3452 3651 3588 3689 con-

2011 3718 2364 3779 suetudinem,
2397 3717 2522 3772 illud
2552 3719 2714 3773 donec
2753 3721 2922 3774 soleat
2964 3723 3154 3789 accipi.
3215 3721 3288 3777 lta
3323 3723 3592 3780 Servator

2011 3807 2303 3877 discipulos
2341 3809 2654 3877 alloquitur,
2720 3809 2995 3866 Vobiscum
3049 3831 3164 3867 sum
3217 3831 3391 3870 omnes
3446 3818 3584 3881 dies,

2011 3915 2171 3968 usque
2211 3901 2279 3953 ad
2319 3905 2814 3958 consummationem
2871 3906 3054 3958 τίει-ιιίὶ
3080 3907 3100 3937 ⁴¹
3133 3921 3347 3977 :tteque
3401 3916 3585 3964 tamen

2012 4001 2170 4059 negat
2210 4006 2267 4046 se
2319 3993 2382 4047 iis
2433 3993 2724 4048 aﬂuturum
2769 4007 2888 4065 post
2940 3998 3098 4052 ﬁnem
3153 4001 3382 4056 mundi;
3425 4003 3581 4056 docet

2012 4093 2192 4137 autem
2223 4087 2364 4153 quod
2407 4085 2458 4139 in
2499 4088 2750 4155 praesenti
2776 4089 2976 4142 sacculo
3004 4106 3109 4145 non
3149 4091 3360 4147 deseret
3390 4107 3490 4148 eos
3511 4093 3589 4146 adi

2013 4189 2182 4244 usque
2219 4179 2742 4233 consummationem
2779 4198 2798 4234 ι
2823 4182 2914 4235 sed
2962 4184 3113 4252 quod
3151 4199 3339 4238 omnes
3374 4184 3472 4254 ipsi
3524 4185 3591 4238 inr-

2013 4265 2345 4335 disciplinam
2372 4271 2596 4323 traditos
2641 4282 2929 4326 curaturus
2951 4275 3024 4326 sit-
3058 4283 3112 4328 et
3140 4274 3538 4342 gubernaturus
3561 4292 3586 4327 ι.

2013 4367 2068 4410 ει
2117 4368 2238 4428 post
2270 4363 2792 4418 consmnmationem
2836 4367 2993 4419 modo
3033 4366 3260 4429 quodam
3306 4364 3577 4419 excellen-

353 4451 555 4518 φαίνων
597 4451 696 4518 τῆς
747 4450 910 4504 αὑτοῦ
959 4449 1251 4520 βασιλείας.
1307 4449 1490 4513 Οὕτως
1547 4445 1640 4502 οὖν
1696 4448 1790 4500 καὶ
1830 4445 1912 4510 τὸ,

2024 4449 2139 4502 tiori
2170 4450 2238 4502 sit
2273 4449 2374 4503 illis
2417 4448 2716 4506 aﬂ‘uturus:
2773 4463 2826 4507 et
2864 4455 3151 4522 participes
3193 4468 3285 4507 eos
3340 4453 3592 4509 facturus

353 4539 545 4597 Κάθου
564 4543 631 4596 ἐκ
649 4541 858 4606 δεξιῶν
875 4559 1014 4612 μου,
1036 4542 1143 4608 ἕως
1164 4542 1273 4614 (97)
1297 4541 1373 4594 ἂν
1396 4541 1476 4594 θῶ
1501 4540 1639 4604 τοὺς
1662 4538 1911 4608 ἐχθρούς

2024 4539 2164 4606 regni
2196 4539 2304 4592 sui.
2340 4539 2415 4593 Ita
2439 4549 2494 4593 et
2519 4541 2645 4595 illud
2677 4546 2909 4614 capitur,
2941 4547 3075 4599 Sede
3109 4562 3140 4598 a
3172 4545 3367 4598 dextris
3407 4546 3530 4598 meis
3561 4560 3586 4598 ι
3648 4601 3657 4612 ,

351 4651 468 4688 σου
501 4635 826 4690 ὑποπόδιον
864 4635 981 4689 τῶν
1014 4635 1214 4690 ποδῶν
1249 4652 1394 4690 σου·
1427 4637 1522 4688 καὶ
1553 4635 1644 4699 τὸ,
1685 4636 1794 4686 Ὃν
1820 4631 1915 4684 δεῖ

2024 4632 2174 4685 donec
2205 4649 2394 4701 ponam
2440 4635 2676 4689 inimicos
2732 4647 2846 4690 tuos
2893 4637 3172 4690 scabellum
3213 4636 3403 4705 pedum
3459 4647 3589 4689 tuo-r

351 4725 608 4794 οὐρανὸν
621 4726 737 4795 μὲν
759 4727 1043 4792 δέξασθαι
1070 4729 1205 4797 ἄχρι
1234 4731 1466 4797 χρόνων
1495 4721 1908 4780 ἀποκαταστά-

2024 4738 2130 4775 rum
2168 4723 2210 4776 ⁸.
2246 4722 2312 4776 Et
2347 4725 2508 4790 illud,
2553 4726 2716 4792 Quem
2751 4737 2952 4796 Oportet
2995 4727 3147 4780 corios
3196 4743 3379 4795 capere
3418 4744 3592 4797 usque

342 4831 521 4906 ιοέως,
550 4818 647 4888 οὐχ
665 4818 739 4882 ὡς
765 4820 958 4890 μηκέτι
983 4821 1239 4891 ἐσομένου
1274 4820 1409 4890 μετά
1433 4820 1605 4873 ταῦτα
1642 4819 1908 4879 λέλεκται,

2024 4817 2084 4867 ad
2117 4817 2551 4870 restaurationem
2573 4820 2803 4871 omnium
2832 4820 2876 4885 ’,
2907 4819 3049 4888 quod
3075 4835 3180 4872 non
3201 4819 3397 4872 dicitur
3426 4821 3590 4888 quasi

353 4907 462 4961 ἀλλ’
496 4909 572 4972 ὡς
606 4910 884 4980 μέλλοντος
928 4912 1070 4965 κατὰ
1108 4912 1200 4965 τὸν
1243 4913 1341 4983 τῆς
1379 4911 1682 4972 συντελείας
1725 4909 1912 4978 καιρὸν

2024 4917 2198 4975 postea
2255 4924 2358 4962 non
2412 4924 2534 4964 eum
2583 4921 2856 4980 caperent.
2913 4910 3018 4964 Sed
3063 4910 3203 4979 quod
3255 4912 3308 4964 in
3363 4912 3471 4966 line
3516 4915 3593 4964 ιΙε·

351 4999 715 5058 διανίστασθαι
742 5005 848 5058 ὼπό
879 5006 972 5058 τοῦ
1003 5005 1189 5077 θρόνου
1217 5006 1310 5059 τοῦ
1342 5003 1636 5075 πατρικοῦ,
1673 5003 1766 5056 καὶ
1793 5002 1914 5055 δευ-

2024 5013 2240 5072 paterno
2287 5001 2423 5056 solio
2475 5013 2594 5059 erat
2633 5013 3006 5069 surrecturus,
3045 5014 3100 5059 et
3163 5004 3458 5058 secundum
3514 5004 3594 5056 dir

421 5186 480 5246 iis
510 5181 606 5238 Ed.
629 5183 827 5252 Paris.,
855 5202 973 5258 pag.
1001 5187 1122 5242 £82.
1199 5187 1221 5219 ⁸
1243 5190 1261 5241 l
1288 5188 1412 5244 Cor.
1433 5202 1520 5251 xv,
1547 5183 1636 5238 24.
1711 5184 1738 5217 τ
1763 5183 1917 5240 Matii;

2030 5203 2185 5254 xvm,
2227 5187 2326 5243 20.
2394 5192 2417 5222 ⁸
2443 5191 2584 5247 Psal.
2631 5207 2742 5257 clx,
2771 5193 2823 5246 ι..
2875 5184 2914 5224 ’⁹
2946 5193 3068 5246 Aet.
3097 5206 3178 5256 ιιι,
3207 5191 3294 5246 21.

423 5341 536 5421 (9!)
583 5345 906 5414 Δεσπότης.
966 5344 1081 5421 Non
1149 5345 1486 5421 simpliciter,
1547 5348 1641 5421 sed
1702 5347 1906 5421 Christi
2019 5360 2128 5403 tum
2154 5360 2361 5421 tempus
2389 5359 2548 5404 vocat
2596 5349 2780 5403 statim
2825 5350 3046 5421 δρον.-
3074 5350 3215 5406 Dedi
3233 5350 3374 5420 quod
3409 5362 3490 5407 est
3525 5353 3588 5407 int

352 5411 637 5483 Dominum
680 5411 976 5472 secundum
1032 5411 1346 5482 hominem;
1407 5432 1534 5483 ergo
1590 5418 1743 5473 deest
1803 5411 1901 5473 αὐ·
2017 5422 2174 5474 codd.
2210 5411 2281 5474 Μῖ
2861 5411 2872 5421 ’
2937 5429 2939 5434 ’

348 5478 475 5562 πῆς.
657 5555 670 5562 -
919 5555 942 5562 _
1325 5478 1335 5482 ν
1468 5478 1478 5483 ⁷

2087 5489 2200 5562 (94)
2230 5491 2396 5562 Vulgo
2427 5490 2531 5552 ἕως
2549 5507 2637 5562 χρ.

563 5554 741 5630 Enim
773 5571 881 5630 om.
911 5555 996 5610 ἄν.
1114 5626 1124 5630 Δ
1267 5626 1295 5630 _
1441 5625 1452 5630 Δ
1571 5626 1604 5630 __

2086 5553 2199 5630 (νὴ)
2232 5553 2498 5630 apicati.

419 5625 534 5703 (93)
562 5625 784 5703 ’ςῼσπερ
806 5627 1027 5703 etprima
1067 5626 1218 5703 τινα.
1257 5626 1412 5703 Certe
1441 5625 1514 5703 ita
1553 5626 1754 5703 dictum
1797 5636 1906 5703 est,

2085 5625 2196 5703 (uti)
2230 5625 2400 5703 yulgo
2429 5631 2634 5703 κόσμου
2651 5647 2668 5703 ;
2693 5629 2802 5703 jam
2828 5631 3101 5703 Mp._corr.

351 5697 447 5750 sed
477 5696 684 5762 Inalim,
720 5699 862 5766 quod
901 5699 952 5751 in
989 5699 1229 5766 margine
1264 5696 1457 5763 fuerat,
1491 5699 1680 5769 ῥητόν·
1722 5698 1910 5752 delini-

2085 5696 2195 5770 (97)
2230 5696 2395 5771 Vulgo
2422 5701 2486 5756 ἂν
2521 5696 2660 5776 [καὶ]
2686 5699 2786 5759 θῶ.
2883 5696 2895 5703 ’
2942 5699 2946 5704 ’
