4050 6206
449 215 585 272 1027

1117 209 1377 266 EUSEBII
1415 207 1884 265 CESARlENSIS
1920 207 1996 264 OF

2111 207 2289 264 mus
2325 209 2415 264 IV.
2455 241 2524 250 —
2562 185 2976 264 pecunias.

3518 207 3668 261 109.8

444 334 582 388 cmlo
632 330 941 386 descensum
1016 343 1168 381 suum
1224 327 1505 381 facturus:
1542 325 1607 380 de
1651 326 1770 394 {quo
1824 324 1996 394 inquit

2099 323 2254 394 τέραν
2295 323 2557 376 ποιεῖσθαι
2595 323 2816 376 κάθοδον
2865 325 2929 376 ἐκ
2970 321 3062 374 τοῦ
3090 320 3318 392 οὐρανοῦ
3345 360 3360 383 ,
3389 319 3516 390 περὶ
3540 315 3612 391 ἦς
3635 323 3670 374 ὁ

442 422 768 491 Apostolus:
804 421 868 474 Et
914 421 1022 487 ipse
1038 419 1296 491 _l)ominus
1331 421 1385 471 in
1427 416 1749 480 celeusmate,
1795 417 1849 469 in
1882 433 1998 470 voce

443 484 762 581 archangeli,
794 513 847 564 in
881 484 1002 563 tuba
1035 484 1127 563 bei
1149 511 1417 562 descendet
1448 511 1509 561 de
1535 509 1692 572 caelo,
1733 519 1781 560 et
1807 509 1997 560 mortui

443 608 496 658 in
538 603 747 658 Christo
791 609 1061 670 resurgant
1095 601 1421 668 primi:tum
1463 615 1553 652 nos
1581 601 1666 667 qui
1709 600 1900 651 erimus
1944 599 1997 650 in

441 699 564 749 siris
593 693 842 754 derelicti,
867 709 969 744 una
999 707 1114 744 cum
1147 690 1252 742 illis
1296 691 1557 758 rapientur
1583 691 1639 742 in
1681 691 1898 742 nubibus
1929 690 1998 741 ad

441 787 641 838 obviam
664 785 889 837 eundum
923 783 1143 836 Domino
1167 785 1219 834 in
1255 799 1392 847 aere,
1423 792 1468 835 et
1499 782 1573 834 ita
1607 782 1745 833 omni
1775 791 1998 848 tempore

439 892 554 928 cum
595 875 819 927 Domino
849 875 1042 927 erimus
1078 875 1142 928 ¹⁰.
1171 881 1227 936 »Β
1254 873 1624 942 Oportetergo
1652 874 1994 927 Servatoreui

441 968 490 1018 iu
526 967 678 1020 caelis
711 983 927 1020 manere
951 1006 968 1033 ,
1003 978 1056 1020 et
1085 967 1368 1019 considere
1402 981 1429 1016 a
1462 966 1666 1019 dextris
1697 965 1787 1020 Dei
1822 965 1997 1018 Patris

442 1059 693 1126 usquead
723 1061 881 1112 linem
910 1076 924 1112 :
959 1060 1008 1110 iu
1039 1059 1154 1126 ipso
1177 1070 1355 1112 autem
1381 1059 1483 1111 line
1504 1059 1740 1111 omnium
1764 1060 1996 1112 secundo

443 1148 676 1216 gloriose
704 1149 1034 1203 adventuros
1069 1159 1282 1202 sanctos
1307 1165 1434 1202 suos
1457 1148 1522 1200 ad
1553 1164 1609 1202 se
1640 1160 1896 1213 assumet,
1939 1158 1996 1200 ut

441 1240 587 1293 omni
619 1251 857 1309 tempore
886 1243 994 1295 sint
1037 1257 1156 1294 ctuu
1202 1242 1318 1310 ipso
1352 1260 1366 1295 :
1406 1258 1506 1294 non
1541 1243 1605 1296 ad
1635 1251 1842 1308 tempus
1867 1241 1997 1294 deli-

443 1331 639 1395 nituin,
697 1335 788 1387 sed
839 1333 1088 1387 saculum
1142 1333 1632 1398 indetermiuabile;
1691 1335 1766 1387 ait
1817 1332 1992 1394 enim,

444 1421 664 1491 Semper
701 1440 814 1477 cum
865 1423 1088 1476 Domino
1132 1425 1298 1491 futuri
1345 1440 1545 1476 sumus.
1604 1423 1861 1487 Quocirca
1921 1421 1990 1474 illi

441 1517 611 1569 sancti
641 1532 759 1569 cum
792 1517 905 1584 ipso
936 1515 1121 1581 futuri,
1151 1532 1315 1586 regno
1347 1517 1514 1584 ipsius
1545 1516 1596 1570 in
1635 1531 1799 1584 regno
1831 1516 1995 1572 coelo-

441 1619 560 1656 rum
585 1603 947 1673 perfruentur.
978 1605 1046 1658 At
1076 1607 1322 1675 egregius
1355 1607 1453 1660 iste
1499 1606 1581 1658 vir
1611 1605 1676 1659 de
1711 1607 1994 1660 Servatore

443 1696 641 1750 ilicttnn
699 1706 974 1757 autumat,
1012 1709 1260 1764 oportere
1311 1715 1431 1751 eum
1479 1699 1772 1765 imperare,
1830 1715 1995 1768 usque

443 1787 566 1838 dum
622 1788 859 1852 posuerit
909 1787 1156 1843 inimicos
1213 1787 1504 1841 scabellnm
1557 1788 1778 1855 pedibus
1836 1788 1990 1842 suis:

442 1887 744 1946 postremus
786 1889 962 1934 autem
1013 1881 1262 1933 inimicus
1306 1879 1669 1948 subjiciendus
1710 1895 1852 1934 mors
1891 1891 1992 1934 est.

443 1966 531 2032 Et,
583 1966 714 2020 Cum
766 1985 879 2022 vero
927 1970 1026 2036 ipsi
1071 1970 1414 2038 subiiciantur
1441 1970 1634 2031 omnia,
1666 1979 1774 2023 tum
1816 1979 1862 2023 et
1888 1972 1995 2038 ipse

442 2057 744 2126 subjicietur
761 2062 826 2123 ei,
851 2062 940 2128 qui
974 2061 1191 2126 subjecit
1219 2060 1391 2112 omnia
1409 2060 1501 2110 sub
1522 2061 1735 2127 pedibus
1763 2061 1906 2129 ejus.
1938 2071 1992 2113 ut

441 2149 509 2200 sit
533 2149 669 2201 Deus
690 2151 869 2202 omnia
891 2152 944 2202 in
963 2153 1199 2204 omnibus
1230 2152 1302 2206 “:
1330 2167 1457 2205 usus
1479 2167 1572 2204 sua
1612 2154 1994 2206 consuetudine

445 2237 558 2291 luec
587 2240 843 2306 depravat
874 2256 887 2292 :
919 2241 1099 2294 nescio
1128 2240 1266 2293 enim
1308 2257 1412 2308 quo
1443 2253 1599 2309 pacto
1619 2281 1634 2304 ,
1679 2237 1996 2309 subjiciatur

445 2330 612 2382 Filius
661 2331 829 2393 Patri,
885 2347 1002 2400 pro,
1044 2333 1256 2386 uuietur
1313 2334 1420 2388 Deo
1466 2333 1719 2399 Verbum,
1767 2335 1992 2401 accepit.

445 2421 606 2486 Quasi
641 2423 754 2475 dari
783 2433 959 2491 posset
1005 2433 1211 2492 tempus
1255 2425 1466 2492 quando
1499 2427 1569 2478 illi
1607 2442 1710 2482 non
1749 2427 2001 2482 adunare-

447 2523 554 2567 tur.
593 2514 742 2579 Quod
776 2515 818 2568 si
857 2512 1086 2568 Verbum
1113 2527 1229 2570 erat
1264 2519 1331 2571 ab
1357 2529 1558 2572 aeterno
1589 2519 1639 2570 iu
1671 2517 1777 2572 Deo
1803 2521 2003 2574 subsis-

445 2615 590 2670 tens,
623 2609 912 2676 quomodo.
941 2608 1071 2661 dicit
1116 2620 1242 2663 tunc
1276 2609 1384 2664 Deo
1425 2619 1478 2664 et
1508 2608 1654 2664 Patri
1708 2608 2001 2677 subjectum

446 2697 680 2750 futurum
707 2699 867 2752 eum?

2111 415 2426 478 Ἀπόστολος
2455 415 2690 468 διδάσκει
2714 416 2904 484 λέγων,
2939 417 3066 468 Ὅτι
3088 411 3268 478 αὐτὸς
3295 415 3327 465 ό
3355 413 3566 480 Κύριος
3592 413 3670 464 ἐν

2097 509 2471 575 κελεύσματι,
2510 508 2579 561 ἐν
2613 507 2776 575 φωνῇ
2830 507 3224 576 ἀρχαγγέλου,
3261 502 3360 556 καὶ
3399 505 3469 555 ἐν
3508 500 3670 556 σάλ-

2097 612 2254 669 πιγγι
2287 601 2432 654 Θεοῦ
2463 600 2852 666 καταϐήσεται
2883 599 2982 652 ἀπ’
3017 595 3295 663 οὐρανοῦ,
3329 593 3428 646 καὶ
3474 599 3527 646 οἱ
3568 612 3670 646 νε-

2096 695 2221 760 κροὶ
2245 695 2315 746 ἐν
2339 692 2566 760 Χριστῷ
2591 691 3032 756 ἀναστήσονται
3058 690 3168 756 (98)
3193 686 3426 755 πρῶτοι·
3457 687 3668 739 ἔπειτα

2096 781 2258 848 ἡμεῖς
2294 785 2346 834 οἱ
2377 781 2603 847 ζῶντες,
2635 785 2688 834 oi
2723 782 3190 848 περιλειπόμενοι
3217 817 3231 839 ,
3259 777 3377 844 ἅμα
3405 776 3526 829 σὺν
3556 778 3670 828 αὺ-

2095 871 2216 936 τοῖς
2252 871 2710 940 ἁρπαγησόμεθα
2753 872 2822 924 ἐν
2865 871 3142 939 νεφέλαις
3181 870 3267 932 εὶς
3315 865 3668 933 ἀπάντησιν

2095 963 2196 1017 τοῦ
2229 965 2445 1030 Κυρίου
2477 967 2560 1028 εις
2585 964 2781 1031 ἀέρας,
2812 964 2908 1016 καὶ
2933 964 3084 1016 οὕτω
3109 961 3358 1014 πάντοτε
3387 961 3509 1013 σὺν
3537 965 3664 1013 Κυ-

2087 1055 2198 1122 ρίῳ
2225 1056 2497 1124 ἐσόμεθα.
2527 1059 2615 1108 Δεῖ
2637 1057 2816 1108 τοίνυν
2854 1056 2943 1108 τὸν
2988 1055 3219 1126 Σωτῆρα
3257 1055 3426 1125 μένειν
3463 1055 3522 1107 ὲν
3563 1055 3666 1106 οὑ-

2098 1147 2262 1221 ρανῷ,
2294 1149 2386 1199 καὶ
2411 1146 2730 1209 καθέζεσθαι
2763 1148 2818 1198 ὲν
2849 1144 2995 1216 δεξιᾷ
3023 1145 3114 1197 τοῦ
3147 1145 3355 1214 Πατρδς
3375 1185 3388 1205 ,
3413 1144 3514 1206 ἕως
3551 1143 3666 1213 τῆς

2097 1239 2417 1300 συντελείας,
2441 1239 2579 1291 κατὰ
2599 1238 2652 1291 δὲ
2672 1239 2837 1308 αὑτὴν
2863 1237 2960 1308 τὴν
2983 1225 3287 1289 συντέλειαν
3316 1235 3405 1288 τοῦ
3431 1235 3659 1297 παντὸς.

2093 1333 2190 1402 τὴν
2229 1331 2433 1397 ἔνδοξον
2483 1332 2576 1384 καὶ
2621 1331 2876 1401 δευτέραν
2907 1329 3068 1382 αὑτοῦ
3101 1329 3398 1399 παρουσίαν
3425 1328 3660 1396 ποιησά-

2098 1441 2274 1493 μενος,
2300 1425 2426 1487 τοὺς
2474 1423 2657 1490 ἁγίους
2690 1421 2852 1476 αὑτοῦ
2896 1420 3274 1491 παραλήψεται
3321 1421 3402 1482 είς
3429 1419 3489 1472 τὸ
3521 1420 3662 1472 τεάν-

2093 1531 2212 1566 τοτε
2244 1515 2388 1584 αὐτῷ
2424 1518 2690 1567 συνεῖναι·
2731 1515 2852 1584 οὐχὶ
2899 1514 3058 1585 μέχρι
3101 1512 3246 1574 τινὸς
3286 1513 3476 1582 χρόνου
3499 1549 3513 1574 ,
3547 1510 3665 1562 ἀλλ’

2097 1609 2175 1670 είς
2204 1607 2424 1678 ἄπειρον
2457 1607 2627 1660 αἰῶνα
2648 1624 2661 1638 ·
2699 1608 2860 1659 Οὕτω
2901 1606 3009 1677 γάρ
3051 1621 3221 1676 φησι,
3256 1603 3516 1657 Πάντοτε
3543 1601 3669 1656 σὺν

2099 1700 2290 1767 Κυρίῳ
2322 1699 2592 1767 ἐσόμεθα.
2629 1699 2833 1752 Οὐκοῦν
2885 1700 2934 1750 οἱ
2981 1698 3123 1765 ἆγιοι
3175 1697 3403 1749 πάντοτε
3449 1694 3667 1747 συνεσό-

2103 1808 2250 1862 μενοι
2295 1791 2461 1861 αὐτῷ.
2493 1791 2592 1861 τῆς
2640 1790 2802 1844 αὑτοῦ
2853 1789 3125 1860 βασιλείας
3171 1787 3571 1841 ἀπολαύσουσιν
3607 1788 3667 1838 ὲν

2097 1881 2160 1948 τῇ
2207 1879 2615 1952 κατηγγελμὲνῃ
2662 1881 2767 1932 τῶν
2818 1879 3058 1950 οὐρανῶν
3120 1877 3383 1948 βασιλείᾳ.
3444 1876 3584 1929 Ἀλλ’
3636 1877 3666 1927 ὁ

2098 1972 2337 2035 γενναῖος
2369 1969 2540 2024 ταῦτα
2572 1971 2686 2041 (99)
2711 1971 2783 2042 μὴ
2817 1970 3014 2033 συνεὶς,
3045 1968 3135 2022 τοῦ
3162 1967 3305 2020 Θείου
3344 1967 3667 2021 Ἀποστόλου

2101 2061 2223 2130 περὶ
2245 2060 2336 2112 τοῦ
2368 2061 2614 2132 Σωτῆρος
2641 2062 2798 2132 ἡμῶν
2827 2061 3104 2133 εἰρηκότος
3125 2060 3204 2121 τὸ,
3223 2060 3325 2114 Aci.
3341 2059 3447 2129 γὰρ
3477 2061 3670 2114 αὐτὸν

2092 2151 2464 2215 βασιλεύειν,
2495 2152 2666 2221 ἄχρις
2699 2150 2770 2208 οὗ
2809 2153 2883 2222 θῇ
2920 2153 3059 2219 τοὺς
3089 2153 3340 2221 ἐχθροὺς
3373 2152 3490 2205 ὑπὸ
3522 2153 3670 2218 τοὺς

2099 2241 2285 2306 πόδας
2315 2244 2498 2297 αὐτοῦ
2522 2262 2534 2274 ·
2567 2246 2824 2315 ἔσχατος
2848 2246 3057 2315 ἐχθρὸς
3095 2243 3462 2312 καταργεῖται
3501 2249 3534 2299 ό
3561 2246 3668 2299 θά-

2099 2348 2307 2400 νατος·
2347 2336 2438 2388 καὶ
2484 2337 2672 2398 πάλιν,
2726 2339 2909 2390 Ὅταν
2953 2337 3020 2391 δὲ
3063 2339 3223 2406 αὐτῷ
3272 2337 3538 2406 ὑποταγῇ
3589 2339 3669 2390 τὰ

2101 2424 2315 2488 πάντα,
2360 2427 2490 2480 τότε
2529 2428 2626 2481 καί
2667 2431 2847 2495 αὐτὸς
2875 2429 3309 2499 ὑποταγήσεται
3339 2429 3413 2494 τῷ
3441 2426 3666 2482 ὑποτά-

2103 2515 2216 2579 ξαν
2229 2533 2282 2568 τι
2307 2517 2464 2582 αὐτῷ
2487 2519 2556 2572 τὰ
2584 2519 2796 2583 πάντα,
2829 2522 2927 2574 ἵνα
2956 2516 2997 2591 ᾗ
3027 2524 3059 2574 ό
3103 2520 3248 2587 Θεὸς
3275 2521 3342 2574 τὰ
3372 2517 3560 2571 πάντα
3585 2517 3665 2569 ἐν

2104 2607 2284 2671 πᾶσι,
2313 2612 2378 2679 τῇ
2415 2609 2489 2681 (1)
2527 2612 2739 2682 συνήθει
2781 2611 2951 2684 ταύτῃ
2993 2612 3286 2682 διαστροφῇ
3327 2609 3667 2682 χρησάμενος

2105 2705 2199 2756 καὶ
2243 2703 2412 2757 ταῦτα
2452 2702 2891 2776 παρερμηνεύειο
2941 2703 3040 2755 οὑκ
3075 2697 3168 2754 οἷδ’
3212 2703 3357 2764 ὅπως
3402 2700 3484 2762 τὶ,
3527 2701 3668 2752 um-

443 2783 878 2864 ταγήσεσθαίτῷ
903 2795 1075 2866 Πατρ“ι
1109 2797 1198 2850 τὸν
1222 2796 1370 2858 Υἱὺν,
1397 2797 1517 2849 ἀντὶ
1558 2795 1649 2848 τοῦ
1694 2797 2056 2868 ὲνωοήσεσοαι
2099 2797 2177 2868 τῷ
2207 2799 2323 2869 Θεῷ
2349 2799 2436 2851 τὸν
2483 2799 2652 2866 Λόγον
2687 2797 2957 2864 ὲξακούων
2982 2813 2996 2826 ·
3039 2799 3133 2849 καὶ
3201 2797 3330 2848 πότε
3373 2794 3481 2865 γὰρ
3517 2793 3671 2864 αὐτῷ

445 2881 546 2933 οὐκ
576 2877 642 2950 ὴν
673 2883 984 2953 ἡνωμένος;
1017 2888 1066 2938 εἰ
1095 2885 1159 2957 δὴ
1207 2886 1376 2954 Λόγος
1407 2881 1474 2956 ἦν
1497 2929 1512 2953 ,
1579 2885 1762 2949 ὰῑδίως
1813 2887 1889 2956 t2)
1950 2887 2206 2958 ὑπάρχων
2235 2890 2293 2940 ὲν
2335 2888 2413 2956 τῷ
2445 2886 2584 2956 Θεῷ.
2625 2885 2748 2950 Πῶς
2784 2882 2874 2939 οὖν
2911 2885 3031 2938 τότε
3069 2886 3232 2954 φησιν
3267 2886 3672 2955 ὑποταγήσεται

445 2974 521 3046 τῷ
557 2975 674 3047 Θεῴ
713 2977 806 3029 καὶ
843 2977 1046 3047 Πατρί;

1070 3070 1219 3124 CAP.
1259 3070 1375 3125 XV.

451 3159 689 3225 Qualiter
742 3161 958 3224 dicitur,
1008 3165 1181 3234 omnia
1221 3162 1363 3234 Filio
1395 3164 1756 3234 subjicientur,
1801 3174 1848 3218 et
1895 3165 2002 3233 ipse

971 3233 1281 3300 subjirietur
1313 3232 1485 3288 Patri.

516 3317 913 3373 Advertendum
941 3332 1022 3375 est
1052 3338 1179 3375 vero
1217 3326 1483 3392 quomodo
1524 3325 1669 3380 dicat
1693 3324 2002 3390 Apostolus,

448 3410 628 3464 omnia
654 3405 948 3476 subjectum
990 3414 1053 3466 iri
1083 3413 1216 3467 Filio
1245 3432 1260 3469 :
1285 3426 1339 3470 et
1362 3417 1595 3484 qualiter
1635 3434 1726 3485 per
1760 3417 2000 3471 eamdem

450 3499 837 3568 subjectionem
900 3502 1292 3568 subjiciendum
1355 3503 1500 3558 Patri
1557 3503 1748 3557 Filium
1809 3506 2000 3558 dicat:

451 3588 737 3659 Postquam
781 3607 896 3644 vero
933 3594 1105 3646 omnia
1141 3596 1367 3664 subjecta
1413 3597 1490 3648 illi
1535 3597 1754 3664 fuerint,
1800 3607 1907 3647 tum
1953 3604 2002 3646 et

449 3683 558 3749 ipse
591 3679 763 3734 Filius
791 3683 1096 3750 subjicietur
1126 3684 1295 3748 l'atri,
1325 3687 1413 3754 qui
1438 3687 1536 3752 ipsi
1565 3687 1777 3750 subjecit
1807 3687 2001 3738 oninia:

451 3781 506 3824 ut
554 3771 689 3824 Deus
741 3774 808 3825 sit
847 3773 1020 3826 omnia
1063 3776 1114 3826 in
1151 3778 1387 3828 omnibus
1431 3777 1491 3828 ".
1531 3777 1678 3835 Illud,
1723 3777 1895 3827 omnia
1948 3777 2004 3827 in

450 3866 710 3925 omnibus,
741 3881 844 3918 non
872 3865 1137 3932 intelligit.
1161 3864 1277 3920 Non
1308 3869 1449 3920 cuitu
1475 3869 1568 3928 ait.
1595 3867 1757 3922 Deum
1791 3869 1840 3921 in
1868 3867 2002 3922 Filio

449 3953 687 4006 luturutn
719 3957 918 4019 omnia,
968 3960 1060 4010 sed
1095 3957 1147 4010 in
1171 3961 1442 4022 omnibus;
1489 3961 1628 4028 quod
1660 3960 1828 4026 tut-gis
1858 3960 2004 4014 vide-

450 4054 538 4098 tur
611 4047 952 4101 molitionem
1028 4053 1313 4118 quamdam
1379 4063 1432 4105 et
1477 4055 2000 4114 consututnationun

447 4138 685 4191 omnium
737 4140 1060 4208 signiﬁcare,
1099 4141 1141 4193 si
1181 4143 1315 4194 Deus
1353 4143 1424 4195 sit
1470 4143 1678 4195 futurus
1722 4146 1898 4196 omnia
1951 4145 2002 4196 in

447 4230 698 4283 omnibus
724 4247 736 4283 :
763 4232 1148 4300 subjectiuuem
1179 4247 1303 4284 vero
1329 4232 1445 4284 Filii
1476 4234 1725 4285 unionem
1755 4232 1998 4298 intelligit

452 4319 637 4382 Verbi,
667 4332 720 4375 et
753 4323 1158 4389 interpretatur,
1185 4328 1241 4386 iis
1268 4325 1355 4392 qui
1411 4339 1552 4376 unus
1590 4332 1644 4376 et
1693 4323 1829 4375 idem
1883 4336 2000 4373 cum

2734 3069 2889 3122 ΚΕΦ.
2932 3060 3033 3121 ιε’.

2103 3158 2303 3226 Ὅπως
2332 3157 2651 3228 εἴρηταιτὰ
2695 3157 2888 3210 πάντα
2915 3155 3398 3224 ὑποταγήσεσθαι
3439 3154 3517 3220 τῷ
3559 3153 3670 3220 1⁸Ιῷ

2174 3232 2269 3283 καὶ
2298 3227 2484 3283 αὐτὸν
2513 3227 2592 3292 τῷ
2629 3227 2828 3295 Πατρί.

2173 3322 2291 3393 Χρὴ
2321 3321 2374 3374 δὲ
2401 3321 2686 3390 ἐπιστῆσαι
2723 3319 2814 3371 τὸν
2842 3318 2992 3381 νοῦν,
3027 3317 3102 3380 ὼς
3129 3317 3222 3370 καὶ
3265 3316 3414 3386 αὑτῷ
3449 3315 3524 3386 τῷ
3550 3314 3670 3386 Υἱῷ

2103 3415 2169 3468 τὰ
2214 3413 2387 3465 πάντα
2425 3410 2857 3481 ὑποταγήσεσοαι
2889 3412 2916 3462 ὁ
2953 3409 3267 3471 Ἀπόστολος
3296 3409 3419 3477 ἔφη,
3464 3408 3557 3460 καὶ
3592 3409 3665 3469 ὡς

2101 3509 2166 3576 τῇ
2194 3506 2326 3574 αὐτῇ
2358 3505 2599 3572 ὑποταγῇ
2627 3503 2718 3554 καὶ
2741 3502 2898 3553 αὑτὸν
2928 3499 3363 3570 ὑποταγήσεσθαι
3384 3500 3463 3570 τῷ
3495 3499 3664 3570 Πατρῖ.

2102 3597 2338 3649 διδάσκει
2365 3594 2557 3660 λέγων,
2585 3595 2760 3645 Ὅταν
2789 3591 2856 3644 δὲ
2879 3591 2947 3644 τὰ
2971 3589 3166 3644 πάντα
3191 3590 3349 3656 αὐτῷ
3374 3589 3667 3660 ὑποταγῇ.

2102 3687 2233 3738 τότε
2267 3683 2364 3737 καί
2397 3681 2577 3748 αὐτὸς
2609 3685 2640 3734 o'
2685 3681 2813 3746 Υἱὸς
2858 3680 3298 3749 ὑποταγήσεται
3338 3679 3419 3745 τῷ
3456 3679 3671 3734 exord-

2103 3775 2270 3840 ξαντι
2301 3774 2459 3840 αὐτῷ
2493 3773 2562 3826 τὰ
2592 3772 2810 3825 πάντα·
2846 3773 2944 3826 ἵνα
2971 3768 3008 3843 ᾖ
3041 3776 3072 3825 ό
3106 3771 3249 3838 Θεὸς
3275 3771 3346 3824 τὰ
3379 3771 3577 3825 πάντα
3600 3773 3670 3824 ἐν

2103 3867 2308 3922 πᾶσιν.
2336 3863 2462 3919 Εἶτα
2491 3865 2582 3918 τοῦ
2615 3865 2712 3936 μὲν
2742 3863 2935 3917 πάντα
2961 3865 3028 3917 ἐν
3043 3863 3230 3916 πᾶσιν
3252 3864 3350 3915 οὐκ
3377 3863 3585 3916 ἀκούει·
3604 3863 3668 3916 οὐ

2102 3959 2210 4030 γὰρ
2251 3961 2308 4010 ὲν
2351 3957 2426 4028 τῷ
2457 3958 2571 4027 Υίῷ
2611 3974 2741 4028 φησι
2766 3957 2838 4010 τὰ
2875 3955 3066 4009 πάντα
3114 3955 3328 4010 ἔσεσθαι
3378 3957 3468 4009 τὸν
3508 3955 3666 4021 Θεὸν,

2103 4051 2215 4104 ἀλλ’
2247 4051 2316 4102 ἐν
2347 4048 2532 4103 πᾶσιν
2555 4067 2566 4079 ⁸
2624 4051 2758 4118 ὅπερ
2801 4049 2996 4119 μᾶλλον
3047 4048 3221 4112 ἔδοξεν
3259 4047 3325 4100 ἂν
3372 4049 3662 4116 συναφειάν

2105 4160 2222 4194 τινα
2267 4144 2480 4195 πάντων
2528 4141 2621 4193 καὶ
2663 4139 2854 4192 ἕνωσιν
2892 4140 3212 4209 σημαίνειν,
3267 4140 3314 4192 εί
3358 4139 3524 4191 πάντα
3574 4137 3654 4204 (3)

2106 4235 2284 4304 μέλλοι
2335 4237 2362 4286 ὁ
2402 4233 2532 4296 Θεὸς
2577 4234 2632 4284 ὲν
2667 4233 2828 4285 πᾶσιν
2856 4228 3013 4284 εἶναι.
3049 4230 3158 4300 Τὴν
3198 4232 3240 4284 δ’
3270 4230 3534 4300 ὑποταγὴν
3559 4228 3656 4281 τοῦ

2101 4324 2232 4377 Υἱοῦ
2266 4325 2455 4377 ἕνωσιν
2485 4322 2771 4395 ἑρμηνεὺει
2799 4321 2890 4374 τοῦ
2940 4321 3132 4389 Λόγου,
3161 4321 3218 4375 ἓν
3248 4322 3332 4374 καὶ
3359 4322 3434 4388 (l)
3461 4319 3657 4372 ταύτὸν

447 4411 607 4466 Patre
634 4412 841 4466 futurus
874 4425 1005 4473 erat.
1053 4418 1126 4466 uti
1170 4427 1221 4467 et
1268 4417 1413 4483 prius
1450 4415 1644 4467 literal.
1677 4414 1824 4479 Quod
1857 4413 1900 4466 si
1928 4412 1996 4464 ita

2101 4417 2460 4488 γενησομένου
2496 4416 2573 4486 τῷ
2604 4416 2774 4486 Πατρὶ
2801 4413 2922 4466 καθ’
2956 4413 2990 4467 ἃ
3036 4416 3129 4466 καὶ
3161 4417 3420 4484 πρότερον
3462 4408 3550 4483 ἦν,
3584 4412 3663 4476 ὡς

445 4502 573 4555 velit
599 4502 987 4568 subjectiOucm
1040 4504 1184 4558 Patri
1216 4522 1332 4558 esse
1364 4523 1481 4560 cum
1533 4506 1688 4559 Patre
1724 4505 1996 4566 unionem,

445 4599 751 4649 necessario
774 4607 826 4651 et
866 4598 950 4650 illa
997 4599 1234 4652 omnium
1277 4599 1538 4664 subjectio
1582 4597 1716 4650 Filio
1747 4599 1994 4647 unionem

443 4702 566 4741 cum
624 4687 761 4740 Filio
805 4689 1033 4742 siuriletn
1086 4691 1410 4758 signiﬁcabit
1441 4707 1454 4743 :
1489 4699 1545 4742 ut
1605 4705 1776 4754 neque
1832 4688 1996 4742 Filius

443 4781 619 4834 adhuc
652 4778 879 4846 amplius
900 4796 992 4848 per
1021 4795 1078 4834 se
1104 4785 1176 4835 sit
1211 4805 1218 4833 :
1249 4783 1339 4834 sed
1373 4796 1470 4833 nec
1515 4779 1612 4848 ipsi
1661 4777 1991 4847 subjicienda

443 4870 816 4924 salvandorum
858 4871 1142 4923 multitudo
1169 4887 1262 4938 per
1290 4888 1346 4924 se
1380 4872 1660 4933 subsistat,
1705 4880 1796 4921 aut
1839 4885 1990 4920 suam

443 4976 452 4988 ·
481 4962 710 5030 ropriam
739 4961 902 5016 vitam
933 4963 1072 5015 vivat
1099 4981 1112 5016 :
1144 4963 1237 5017 sed
1267 4973 1322 5015 ut
1357 4962 1447 5014 ﬁat
1485 4961 1728 5016 conlusio
1756 4970 1808 5014 et
1837 4959 1994 5013 coulio

511 5143 570 5202 >14
598 5137 694 5192 Ed.
724 5135 922 5204 Paris.,
942 5153 1062 5209 pag.
1101 5137 1222 5194 184.

509 5336 619 5405 (98)
645 5338 750 5409 Μῃ.
787 5339 1018 5409 πρῶτον.

506 5409 618 5539 ἒυθι
643 5407 805 5478 Vulgo
834 5407 969 5481 φησὶ
995 5410 1190 5475 συνείς.

533 5479 579 5539 ι)
616 5483 732 5531 Utu.
789 5482 928 5539 Vulg.
964 5481 1190 5539 διαπρό

515 5479 584 5557 fi)
616 5483 732 5531 υ¹¹¹σ
789 5479 928 5557 νξιέιξ·
964 5481 1280 5556 διαπραχθῇ,
1335 5484 1462 5542 lilnc
1521 5483 1625 5557 Mp.
1679 5499 1767 5557 γρ.
1823 5499 1988 5555 συνη-

432 5547 550 5620 Otia
574 5549 686 5620 loco
704 5547 950 5620 συνήθει.

502 5616 577 5689 (:2)
618 5616 786 5688 Vulso
816 5616 1072 5692 ὑπαρκων
1097 5619 1186 5693 ἦν.

2099 4509 2258 4571 αὑτὸς
2283 4508 2404 4577 ἔφη.
2442 4509 2504 4559 Et
2535 4508 2711 4559 τοίνυν
2743 4507 2932 4560 ἕνωσιν
2962 4503 3097 4559 εἶναι
3129 4506 3226 4576 τὴν
3261 4506 3534 4574 ὑποταγὴν
3565 4504 3662 4573 τὴν

2098 4597 2232 4666 πρὸς
2259 4597 2347 4648 τὸν
2373 4596 2588 4664 Πατέρα
2620 4594 2877 4664 ὁρίζεται,
2906 4594 3194 4647 ἀκόλουθον
3221 4593 3286 4645 ἂν
3331 4593 3415 4664 εἴη
3443 4592 3535 4646 καὶ
3567 4592 3662 4662 τὴν

2099 4688 2310 4740 πάντων
2337 4687 2470 4757 πρὸς
2493 4689 2583 4739 τὸν
2613 4687 2738 4740 Υίδν
2777 4686 3053 4757 ὑποταγὴν
3097 4685 3172 4756 (5)
3198 4686 3296 4754 τὴν
3329 4685 3498 4754 αὐτὴν
3528 4684 3663 4755 πρός

2097 4779 2257 4831 αὑτὸν
2300 4778 2491 4830 ’ἐνωσιν
2534 4777 2814 4847 σημαίνειν
2838 4816 2852 4840 ,
2889 4777 2962 4840 ὡς
3014 4776 3202 4846 μηκέτ’
3237 4771 3375 4829 εἶναι
3408 4776 3499 4828 τὸν
3537 4774 3663 4829 Υίδν

2097 4869 2217 4922 καθ’
2260 4870 2478 4930 ἑαυτὸν,
2511 4869 2646 4939 μηδὲ
2685 4868 2753 4921 τὰ
2795 4867 3246 4938 ὑποταγησόμενα
3296 4867 3444 4936 αὑτῷ
3484 4865 3661 4936 πλήθη

2097 4962 2203 5014 τῶν
2231 4960 2545 5032 σωζομένων
2584 4961 2716 5013 ἰδίαν
2749 4959 3004 5031 ζήσεσθαι
3038 4958 3213 5029 ζωὴν,
3249 4957 3574 5028 συναλοιφὴν
3604 4957 3662 5012 δέ

1298 5137 1340 5168 ¹⁹
1365 5137 1383 5192 1
1409 5135 1602 5191 Thess.
1639 5150 1710 5199 ιν,
1752 5133 1839 5200 15,
1881 5133 1967 5189 ιο.
2041 5135 2082 5165 ⁸⁸
2121 5134 2286 5189 lCor.
2323 5136 2506 5201 xv,28.
2544 5138 2585 5169 “
2617 5137 2743 5192 ibid.

2275 5342 2442 5416 Vulgo
2473 5341 2674 5413 μέλλει.
2777 5409 2789 5416 _
3162 5411 3177 5416 Α
3207 5410 3219 5416 _
3390 5408 3402 5416 _
3598 5403 3633 5416 ῃ

2162 5403 2237 5478 (4)
2263 5403 2484 5466 Tauron
2498 5409 2921 5481 γενησομένου.
2947 5423 3140 5481 nempe
3162 5408 3438 5481 λόγουυίε
3454 5403 3665 5481 quodi-

2091 5473 2177 5537 xit.
2203 5473 2356 5550 \iulgu
2373 5473 2751 5551 γενησόμενον,
2776 5484 2929 5536 male.
2953 5479 3020 5532 Μ.
3044 5473 3247 5534 έ-Μςέ
3278 5479 3433 5543 vulgo
3461 5473 3584 5530 καθ’

2164 5553 2239 5620 (5)
2295 5542 2411 5620 Τὴν
2461 5542 2654 5620 αὐτὴν
2713 5542 2862 5619 πρὸς
2924 5551 3130 5605 αὐτόν.
3205 5551 3414 5603 Mallem
3480 5542 3661 5599 τοιαύ-

2094 5641 2214 5694 την.
2255 5623 2324 5677 Μ.
