4050 6206
359 194 499 250 1Ή9

1270 187 1355 240 DE
1395 186 1925 243 EClZLESIASTlCA
1963 180 2353 240 'i'HEOLOGlA
2386 180 2516 238 LIB.
2556 180 2647 237 ΙΙΙ.

3432 183 3571 240 1050

354 327 479 363 τινα
510 310 603 363 καὶ
637 308 895 379 σύγχυσιν
923 305 1163 374 γίνεσθαι
1203 302 1308 356 τῶν
1339 306 1494 367 ὅλων,
1531 306 1703 358 ’ἐν-καὶ
1734 306 1910 358 ταὺτδι

2027 305 2099 357 tio
2128 303 2179 356 in
2212 316 2269 357 se
2292 299 2445 354 simul
2489 300 2726 355 omnium
2770 313 2932 354 :cum
2991 297 3156 353 Filius
3208 306 3262 353 et
3316 309 3573 371 quolun

357 401 739 471 γενησομένων
772 399 861 452 τοῦ
886 398 1010 449 Υίοῦ
1041 398 1133 449 καὶ
1166 397 1272 447 τῶν
1301 396 1499 448 λοιπῶν
1525 398 1795 459 ἁπάντων,
1830 399 1923 449 καὶ

360 492 421 544 οὑ
450 492 628 561 μόνον,
649 490 780 543 ἀλλὰ
806 490 895 541 καὶ
910 486 1071 540 αὑτοῦ
1089 486 1181 538 τοῦ
1200 487 1330 538 Θεοῦ
1352 488 1447 555 (6).
1468 488 1528 539 Εἰ
1545 491 1650 558 γὰρ
1666 488 1731 540 τὰ
1751 488 1923 541 πάντα

361 583 439 653 τῷ
472 582 619 651 Υἱῷ,
655 583 681 633 6
706 581 759 633 δὲ
794 580 914 643 Υἱὸς
949 578 1025 648 τῷ
1061 580 1230 649 Ila-cpi.
1255 618 1268 640 ,
1310 581 1367 630 ὲν
1404 578 1481 647 τῷ
1528 578 1921 632 ὑποτάσσεσθαι

364 673 594 734 ἑνοῦται,
612 674 710 742 ὅρα
739 670 790 722 τί
813 670 1094 740 συμϐαίνει
1129 670 1191 721 ὲκ
1216 669 1307 721 τοῦ
1331 668 1509 736 λόγου.
1556 668 1711 725 Ἀλλ’.
1737 668 1922 739 ῶσπερ

362 764 461 832 οὐχ
492 763 675 815 ἕνωσιν
704 764 730 813 ό
768 759 1083 822 Ἀπόστολθς
1100 758 1287 828 ἐδήλου
1315 758 1505 825 λέγων.
1524 759 1921 828 ’Υποταγήσε-

364 855 500 905 σθαι
532 848 605 914 τῷ
661 847 767 913 Υίῷ
811 849 882 901 τὰ
932 848 1161 910 πάντα,
1195 848 1326 900 ἀλλὰ
1358 849 1453 918 τὴν
1486 848 1543 913 ἐξ
1575 848 1919 900 αὑθεκουσίου

366 942 725 1015 προαιρέσεως
756 942 1001 1011 ὑπακοὴν
1032 941 1124 993 καὶ
1157 940 1252 1011 τὴν
1282 939 1435 1004 δόξαν
1468 940 1560 991 καὶ
1596 938 1691 1010 τὴν
1735 939 1917 1009 τιμὴν,

364 1034 430 1104 ἣν
460 1031 723 1085 ἀποδώσει
753 1032 900 1101 αὑτῷ
929 1032 994 1083 τὰ
1029 1032 1223 1091 πάντα,
1264 1023 1347 1081 οἶα
1378 1029 1608 1099 Σωτῆρι,
1638 1028 1730 1081 καὶ
1772 1028 1921 1097 βασι-

364 1124 443 1176 λεῖ
469 1122 571 1174 τῶν
599 1122 733 1174 ὅλων
750 1138 762 1150 ·
780 1121 869 1174 τὸν
891 1122 1047 1175 αὑτὸν
1063 1121 1259 1192 τρόπον
1285 1120 1375 1173 καὶ
1392 1119 1450 1171 τὸ
1477 1119 1633 1171 αὑτὸν
1652 1120 1923 1189 ὑποταγήη

366 1215 547 1268 σεσθαι
580 1214 657 1284 τῷ
686 1214 858 1285 Πατρὶ
880 1215 1028 1267 οὐδὲν
1044 1216 1222 1285 ἕτερον
1250 1215 1322 1283 (7)
1341 1213 1608 1283 ,σημαίνοι
1638 1213 1722 1273 ἂν,
1762 1213 1798 1283 ﬁ
1822 1214 1919 1282 τὴν

362 1307 513 1371 δόξαν
530 1306 621 1357 καὶ
637 1305 735 1375 τὴν
747 1307 906 1375 τιμήν
924 1305 1081 1357 καὶτὸ
1097 1304 1256 1367 σέϐας
1269 1306 1363 1375 τήν
1376 1322 1432 1356 τε
1454 1305 1918 1374 μεγαλοπρέπειαν

360 1399 458 1466 τήν
479 1414 537 1448 τε
564 1395 911 1448 αὑΟεκούσιον
932 1396 1193 1465 ὑπακοὴν,
1225 1398 1287 1465 ἣν
1328 1396 1421 1447 καὶ
1464 1395 1622 1456 αὑτός
1654 1393 1917 1447 ἀποδώσει

356 1488 437 1558 τῷ
457 1487 574 1557 Θεῷ
607 1486 700 1539 καὶ
729 1486 901 1557 ῐΙατρὶ
921 1527 934 1548 ,
984 1486 1197 1537 ἐπειδὰν
1230 1486 1353 1548 τοὺς
1378 1485 1579 1547 πάντας
1612 1484 1790 1547 ἀξίους
1823 1484 1917 1552 τῆς

360 1580 631 1648 πατρικῆς
653 1579 899 1647 θεότητος
920 1571 1051 1629 εἶναι
1074 1576 1481 1645 παρασκευάσῃ.
1502 1575 1648 1636 Τέως
1668 1574 1763 1643 μὲν
1778 1572 1913 1639 γὰρ,

356 1669 433 1731 ὼς
461 1669 547 1719 ὅτε
579 1668 675 1720 οὑκ
704 1666 837 1730 ἄξιοι
864 1664 1059 1735 ταύτης
1098 1665 1220 1727 εἰσὶ,
1268 1662 1549 1733 προλαϐὼν
1600 1661 1776 1723 αὑτός,
1828 1654 1915 1712 οἷά
1948 1646 1986 1699 Β

362 1772 447 1816 τις
478 1757 650 1819 κοινὸς
678 1756 928 1808 ἁπάντων
967 1753 1173 1823 Σωτὴρ,
1207 1751 1555 1822 διορθωτικὴν
1580 1750 1685 1803 τῶν
1713 1748 1913 1802 ἀτελῶν

362 1851 455 1902 καὶ
490 1849 884 1919 Θεραπευτικὴν
899 1847 1003 1899 τῶν
1021 1846 1304 1915 θεραπείας
1344 1845 1609 1914 δεομένων
1642 1842 1913 1911 βασιλείαν

361 1941 648 2011 βασιλεύει,
699 1942 822 2002 τοὺς
864 1940 962 2007 τὴς
1000 1937 1269 2007 βασιλείας
1304 1936 1531 2008 ἐχθροὺς
1557 1937 1780 2004 ὑπάγων
1804 1940 1913 2000 τοῖς

356 2031 519 2085 αὑτοῦ
568 2031 750 2084 ποσίν·
788 2029 816 2082 δ
859 2030 920 2099 δὴ
968 2030 1288 2099 παρίστησιν
1334 2030 1362 2080 ὁ
1408 2029 1630 2097 φάσκων
1665 2028 1910 2097 Ψαλμδςν

353 2121 537 2177 ,εἶπεν
571 2126 603 2174 d
630 2123 841 2187 Κύριος
866 2117 945 2183 τῷ
977 2120 1167 2186 Κυρίῳ
1188 2135 1306 2184 μου
1327 2157 1340 2181 ,
1374 2117 1564 2171 Κάθου
1600 2118 1668 2169 ἐκ
1703 2116 1913 2181 δεξιῶν

346 2230 488 2281 ⁴μου,
520 2211 629 2276 ἕως
660 2211 735 2264 ἂν
763 2215 841 2264 (ito
864 2210 1003 2273 τοὺς
1024 2210 1272 2276 ἐχθρούς
1301 2226 1415 2262 σου
1446 2208 1773 2262 ὑποπόδιον
1797 2207 1913 2261 τῶν

352 2302 550 2357 ποδῶν
578 2318 711 2366 σου,
751 2302 837 2354 ὅτε
871 2301 994 2362 τοὺς
1024 2301 1121 2368 μὲν
1150 2300 1375 2369 ἐχθροὺς
1404 2301 1507 2352 ὑπὸ
1538 2300 1703 2362 πόδας
1743 2298 1907 2363 θέσει,

347 2397 473 2457 τοὺς
503 2395 559 2447 δὲ
587 2394 684 2462 τῆς
714 2391 876 2446 αὑτοῦ
927 2392 1195 2460 βασιλείας
1243 2392 1422 2455 ἀξίους
1474 2395 1531 2444 ἐν
1576 2390 1910 2460 ἀτελευτήτῳ

350 2486 460 2556 ζωῇ
494 2486 837 2556 καταστήσει.
874 2483 1182 2553 Τηνικαῦτα
1218 2484 1325 2554 γὰρ
1378 2482 1466 2535 καὶ
1501 2482 1575 2552 (8)
1621 2484 1649 2534 ό
1696 2482 1911 2536 πάντων

350 2577 541 2647 ἐχθρὸς
592 2576 816 2639 θάνατος
853 2576 1073 2645 ἔσχατος
1120 2575 1628 2645 καταργηθήσεται’
1689 2574 1911 2645 μηδενός

348 2668 456 2739 γὰρ
497 2668 811 2739 θνήσκοντος
856 2669 965 2728 ἔτι,
1005 2668 1061 2717 ὲν
1094 2666 1294 2735 αἰωνίῳ
1341 2666 1396 2718 δὲ
1439 2664 1548 2734 ζωῇ
1597 2665 1909 2736 ξησομένων

348 2758 470 2810 τότε
498 2758 602 2811 τῶν
634 2758 730 2827 τῆς
760 2758 1025 2828 βασιλείας
1061 2758 1243 2821 ἀξίων,
1274 2757 1363 2809 τὸν
1397 2757 1621 2810 θάνατον
1650 2759 1909 2828 ἀργήσειν

350 2849 529 2910 εἰκὸς,
562 2850 746 2919 μηκέτ’
803 2850 989 2918 ἔχοντα
1020 2848 1111 2910 οὓς
1154 2847 1506 2900 θανατώσειεν
1549 2849 1645 2913 (9).
1682 2843 1780 2899 Ὧν
1808 2840 1907 2899 ὧδε

2023 403 2145 449 sunt
2169 393 2329 447 l‘uturi
2361 392 2625 452 homines,
2665 406 2825 444 unum
2866 390 3028 444 futuri
3068 391 3174 444 sint
3218 399 3377 458 alque
3406 391 3569 455 idem,

2023 502 2121 540 nec
2144 502 2329 540 eorum
2367 484 2735 538 tantummodo
2763 484 2811 535 iu
2839 494 3036 545 unum;
3071 483 3162 535 sed
3200 491 3253 535 et
3290 481 3378 535 Dei
3416 482 3572 536 simul

2021 578 2196 631 lntura
2230 578 2295 631 sit
2339 576 2575 630 coalitio.
2618 575 2692 628 Ita
2736 576 2876 627 enim
2910 588 3125 627 necesse
3161 581 3275 637 est;
3307 572 3570 640 siquidem

2022 672 2199 724 oinnia
2256 669 2421 730 Filio,
2492 668 2656 720 Filius
2706 677 2881 719 autem
2920 665 3084 726 Patri,
3143 665 3193 717 in
3235 666 3571 732 subjicienda

2023 764 2274 814 uniantur
2316 779 2329 814 :
2369 761 2465 814 boc
2505 762 2646 813 enim
2689 758 2755 813 de
2798 760 2981 828 positis
3031 769 3403 825 consequetur.
3464 756 3569 811 Sed

2022 850 2472 918 quemadmodum
2512 852 2761 903 unionem
2808 866 2910 901 non
2962 849 3215 901 indicavit
3260 848 3566 914 Apostolus.

2022 941 2286 1009 inquiens,
2337 940 2523 994 Omnia
2566 938 2707 992 Filio
2752 938 3110 1006 subjicienlttr.
3167 938 3268 992 Sed
3318 938 3570 991 obedien-

2024 1033 2145 1085 tiam
2186 1033 2348 1085 voluit
2382 1033 2445 1086 de
2471 1033 2635 1085 libera
2667 1034 3041 1098 procedentem
3072 1032 3338 1084 voluntate
3371 1041 3424 1085 et
3457 1029 3568 1098 glo-

2022 1124 2151 1174 riam
2183 1133 2234 1175 et
2259 1124 2535 1184 honorem,
2567 1138 2723 1188 quem
2754 1123 3055 1176 referebant
3074 1123 3119 1173 ei
3145 1122 3343 1184 omnia,
3380 1132 3567 1189 utpote

2022 1211 2291 1265 Servatori
2329 1223 2380 1266 et
2409 1214 2518 1281 regi
2544 1214 2779 1266 omnium
2817 1214 2915 1268 :ad
2944 1214 3185 1265 eunidcni
3235 1216 3479 1277 modum,
3512 1222 3567 1267 et

2021 1304 2163 1357 illum
2192 1304 2487 1370 subjectum
2536 1305 2599 1358 iri
2634 1305 2774 1357 Patri
2812 1322 2906 1358 suo
2933 1304 3062 1358 nihil
3092 1304 3235 1357 aliud
3276 1305 3565 1373 signiﬁcat,

2018 1410 2174 1464 quam
2200 1396 2418 1463 gloriam
2453 1407 2505 1449 et
2539 1396 2795 1450 honorem
2835 1409 2884 1450 et
2915 1400 3338 1459 venerationem,
3367 1407 3420 1451 et
3455 1413 3570 1450 ma-

2019 1489 2405 1555 gnificentiam,
2462 1499 2515 1542 et
2546 1489 2895 1541 Voluntariam
2941 1489 3344 1555 SllileCliﬂneln,
3406 1503 3563 1557 quam

2021 1579 2322 1632 redditurus
2355 1589 2437 1634 est
2489 1580 2598 1647 ipse
2642 1580 2748 1632 Deo
2786 1590 2836 1632 ct
2890 1578 3067 1639 Patri,
3118 1595 3236 1633 cum
3291 1582 3567 1633 universos

2014 1666 2247 1719 el‘l‘ecerit
2282 1668 2468 1737 dignos
2500 1670 2779 1722 divinitate
2812 1684 2905 1721 sua
2939 1679 3177 1734 paterna.
3218 1666 3393 1737 Usque
3421 1670 3562 1721 enim

2015 1760 2136 1811 dum
2171 1758 2326 1824 hujus
2366 1774 2468 1811 non
2503 1770 2627 1811 sunt
2655 1760 2830 1826 digni,
2872 1762 3166 1828 anticipans
3201 1760 3351 1827 ipse;
3398 1759 3562 1813 veluti

2013 1850 2313 1902 communis
2342 1850 2557 1918 quidam
2586 1851 2820 1902 omnium
2854 1852 3124 1911 Servatnr,
3152 1867 3367 1918 regnum
3395 1851 3561 1903 admi-

2014 1939 2229 2004 nistrat,
2262 1954 2368 2007 quo
2408 1940 2702 2009 imperfecti
2746 1953 3185 1997 consummentur
3208 1954 3256 1996 et
3287 1942 3562 1996 curatione

2014 2027 2311 2097 indigentes
2344 2041 2626 2093 curentur,
2673 2031 2965 2097 subjiciens
3015 2034 3113 2085 sub
3173 2032 3397 2101 pedibus
3449 2033 3561 2085 suis

2012 2118 2192 2171 hostes
2222 2119 2374 2171 istius
2401 2122 2548 2188 regni
2584 2120 2686 2173 sui.
2716 2121 2866 2186 Quod
2897 2133 2946 2174 et
2994 2122 3236 2176 l’salmus
3286 2123 3563 2189 indicavit,

2013 2206 2253 2274 inquiens
2273 2207 2442 2265 .Dixit
2471 2208 2722 2261 Dominus
2755 2210 2973 2262 Domino
3002 2228 3131 2275 meo,
3162 2211 3287 2266 Sede
3307 2230 3338 2265 α
3368 2214 3564 2267 dextris

2010 2300 2169 2362 meis,
2206 2301 2364 2353 donec
2401 2317 2617 2368 posuero
2653 2302 2885 2355 inimicos
2918 2315 3031 2355 tuos
3060 2305 3340 2356 scabellum
3378 2306 3563 2371 pedum

2013 2396 2219 2440 tuorum
2255 2390 2316 2440 ”.
2354 2389 2577 2455 Quando
2612 2391 2859 2446 inimicos
2888 2393 3153 2459 positurus
3184 2404 3266 2448 est
3291 2406 3388 2449 sub
3417 2397 3565 2464 pedi-

2011 2476 2110 2530 bus
2135 2478 2244 2531 suis
2271 2492 2287 2530 :
2318 2495 2413 2532 suo
2436 2490 2614 2531 autem
2648 2495 2810 2548 regno
2838 2481 3048 2548 dignos,
3092 2483 3142 2535 in
3174 2488 3280 2536 vita
3310 2485 3561 2540 intermi-

2010 2567 2174 2620 nabili
2228 2568 2623 2621 constituturus
2657 2587 2668 2621 :
2704 2580 2813 2622 tum
2845 2580 2893 2623 et
2944 2573 3181 2623 omnium
3225 2573 3559 2627 inimicorum

2010 2672 2156 2711 mors
2203 2668 2501 2725 postremus
2542 2660 2873 2727 subjicietur.
2930 2659 3061 2714 Cum
3093 2663 3233 2714 enim
3282 2676 3437 2716 nemo
3494 2665 3562 2717 sit

2009 2749 2257 2816 deinceps
2309 2750 2623 2812 moriturus,
2660 2752 2752 2804 sed
2797 2752 2847 2803 in
2890 2752 2995 2804 vita
3034 2752 3413 2808 interminabili
3446 2772 3563 2809 om-

2010 2855 2105 2891 nes
2145 2840 2359 2903 victuri,
2399 2852 2506 2893 tum
2554 2853 2777 2895 mortem
2833 2844 3052 2896 omnino
3095 2844 3408 2898 abolendam
3435 2888 3448 2913 ,
3503 2848 3555 2899 in

350 2938 825 3006 εὐτρεπισθέντων,
843 2938 917 3008 τῷ
940 2938 1050 3008 Υἱῷ
1072 2936 1161 2989 τοῦ
1183 2936 1314 2989 Θεοῦ
1348 2939 1607 3007 σωτήριον
1636 2936 1907 3007 ὑποταγὴν

2010 2932 2182 3000 dignis
2210 2933 2296 2985 illo
2326 2947 2511 3001 regno,
2541 2944 2687 2987 reete
2727 2935 2830 2988 dici
2875 2936 3103 2998 videtur,
3135 2952 3253 2988 cum
3296 2953 3450 2991 nemo
3488 2940 3561 2992 sit.

351 3029 551 3091 πάντες
569 3031 614 3080 οἱ
632 3028 771 3096 ἆγιοι
792 3030 1232 3098 ὑποταγήσονται,
1254 3028 1400 3098 αὑτῷ
1419 3029 1527 3098 ζωῇ
1553 3029 1648 3096 μὲν
1671 3028 1782 3080 ὄντι
1810 3028 1904 3099 ζη-

352 3120 565 3189 σόμενοι
586 3120 829 3183 αἱωνίως·
852 3122 1007 3191 σοφίᾳ
1043 3121 1097 3173 δὲ
1118 3121 1248 3178 om.
1267 3120 1418 3188 σοφοὶ
1449 3120 1740 3189 γενόμενον
1766 3119 1905 3189 λόγῳ

348 3210 403 3261 δὲ
443 3210 585 3273 ὄντι,
636 3210 801 3279 λόγιοι
849 3213 1316 3282 ἀπεργασθέντες·
1359 3211 1499 3264 οὕτω
1531 3212 1586 3263 δὲ
1628 3212 1721 3264 καὶ
1767 3213 1902 3283 Χρι-

349 3302 462 3353 στοὶ
483 3303 816 3371 γενήσονται,
836 3305 1100 3373 πνεύματι
1121 3303 1217 3372 τῆς
1234 3303 1395 3355 αὑτοῦ
1414 3304 1637 3366 εὐωδίας
1659 3303 1905 3372 χρισθέν-

344 3406 434 3451 τες
458 3406 471 3419 ⁶
506 3391 784 3460 φωστῆρές
807 3409 865 3443 τε
896 3392 1365 3462 ἀναδειχθήσονται
1405 3391 1497 3443 τοῦ
1531 3392 1648 3445 νέου
1688 3390 1898 3455 αἰῶνος·

344 3477 403 3542 ἐξ
421 3478 582 3531 αὑτοῦ
609 3480 675 3531 τὰ
699 3481 848 3547 φῶτα
871 3481 1102 3552 χορηγοῦ
1111 3499 1258 3550 μενοι
1281 3483 1372 3535 καὶ
1397 3483 1501 3534 υἱοὶ
1526 3482 1581 3534 δὲ
1604 3482 1737 3534 Θεοῦ
1763 3482 1904 3537 ἔσον-

342 3590 453 3634 ται,
489 3572 564 3642 τῷ
604 3574 700 3643 τῆς
736 3574 1006 3637 υἱοθεσίας
1045 3574 1313 3643 πνεύματι
1360 3573 1758 3643 κοσμηθέντες,
1808 3575 1901 3626 καὶ

343 3664 450 3715 τῶν
481 3663 679 3717 λοιπῶν
708 3666 765 3717 ἐν
796 3664 941 3733 αὑτῷ
983 3665 1259 3734 δυνάμεων
1289 3665 1631 3735 μεθέξουσιν,
1666 3665 1714 3716 οἱ
1754 3663 1901 3733 αὑτῷ

344 3756 841 3825 ὑποταγησόμενοι,
875 3758 949 3819 ὡς
994 3758 1088 3810 καὶ
1117 3757 1355 3818 δικαίους
1401 3755 1651 3824 γενέσθαι
1692 3757 1757 3807 ὲκ
1804 3755 1901 3825 τῆς

343 3848 509 3900 αὑτοῦ
540 3848 900 3918 δικαιοσύνης,
935 3850 1028 3902 καὶ
1068 3848 1253 3916 ἁγίους
1294 3849 1358 3900 ὲκ
1401 3851 1499 3919 τῆς
1548 3846 1708 3899 αὑτοῦ
1736 3850 1900 3915 ἁγιω-

344 3937 527 4007 σύνης.
568 3939 717 3990 Ἐπεὶ
741 3938 795 3992 δὲ
822 3941 915 3992 καὶ
935 3940 1064 4003 Θεὸς
1091 3935 1158 4009 ἦν
1185 3940 1213 3991 6
1238 3938 1425 4005 Λόγος,
1452 3936 1571 3990 οὐδὲ
1596 3935 1694 4004 τῆς
1723 3935 1899 4007 θεότη-

341 4043 430 4089 τος
457 4027 635 4089 αὐτοῖς
666 4027 935 4099 φθονήσει·
964 4027 1103 4079 ὥστε
1129 4026 1489 4097 ἐπαληθεῦσαι
1511 4026 1600 4078 τὸν
1641 4024 1897 4079 Ἀπόστο-

340 4115 450 4175 low.
480 4119 899 4185 κληρονόμους
931 4118 1051 4187 μὲν·
1078 4117 1245 4181 Θεοῦ,
1269 4116 1798 4186 συγκληρονόμους
1832 4113 1901 4167 δὲ

339 4207 594 4274 λριστοῦ
639 4208 959 4277 γενήσεσθαι
996 4208 1117 4270 τοὺς
1152 4208 1336 4274 ἁγίους
1370 4206 1723 4276 προφήσαντα
1764 4204 1893 4273 (10).

2006 3023 2221 3078 finiturus
2274 3041 2433 3093 quem
2476 3026 2669 3080 alliciat
2700 3039 2886 3083 morte.
2925 3029 3126 3094 Quibus
3161 3031 3225 3082 ad
3264 3031 3402 3084 hunc
3444 3047 3560 3084 mo-

2004 3117 2128 3169 dum
2179 3119 2466 3186 adaptatis,
2510 3119 2643 3173 Filio
2673 3122 2885 3188 quidem
2922 3122 3010 3176 llei
3053 3124 3220 3175 sancti
3250 3139 3434 3175 OlllllcS
3464 3137 3561 3191 per

2004 3212 2291 3264 salutarem
2339 3211 2717 3278 subjectionem
2768 3214 3139 3280 subjicieutur,
3205 3227 3468 3282 quatenus
3513 3216 3558 3269 is

2002 3304 2109 3355 vita
2130 3312 2229 3365 est,
2255 3304 2417 3356 vitam
2448 3305 2498 3357 in
2530 3320 2593 3359 eo
2622 3306 2808 3359 victuri
2859 3306 3212 3358 immortalem
3244 3325 3257 3359 :
3291 3314 3558 3375 quatenus

2003 3396 2286 3463 sapientia,
2329 3396 2595 3463 sapientes
2652 3396 2861 3450 futuri:
2895 3397 3043 3465 logos
3098 3406 3383 3466 quatenus,
3434 3397 3558 3467 loga

2003 3485 2329 3553 perﬁciendi,
2374 3496 2428 3539 et
2456 3485 2701 3539 Christus
2732 3497 3023 3554 quatenus,
3057 3488 3221 3539 odore
3249 3488 3366 3555 ejus
3415 3488 3557 3543 bono

2003 3577 2307 3645 inungendi.
2350 3576 2656 3630 Luniinaria
2698 3578 3121 3642 designabuntur
3158 3579 3279 3630 novi
3332 3580 3554 3645 smeuli,

2006 3671 2063 3729 ᾖ
2093 3669 2281 3734 quibus
2306 3668 2390 3721 lux
2415 3670 2480 3722 ab
2514 3669 2602 3722 illo
2627 3668 3059 3736 suppeditabitur‘
3107 3669 3225 3723 Filii
3252 3670 3340 3722 Dei
3390 3669 3553 3724 futuri

2002 3756 2275 3812 liliationis
2298 3759 2487 3827 spiritu
2516 3759 2632 3826 ejus
2667 3758 2907 3811 adornati
2941 3769 2993 3811 et
3030 3760 3245 3813 exculti.
3277 3760 3554 3825 Quomodo

2000 3848 2089 3912 qui
2136 3846 2209 3899 illi
2261 3856 2385 3900 sunt
2442 3847 2755 3914 sul.-jicieudi
2802 3862 3021 3912 omnes,
3071 3846 3385 3901 l'acoltatum
3437 3849 3554 3915 ejus

2000 3943 2310 3986 camerarum
2366 3936 2653 4003 participes
2710 3934 2856 3992 licnt.
2915 3934 3045 3987 Nam
3103 3947 3155 3989 et
3205 3935 3333 4004 justi
3391 3936 3551 3989 futuri

1999 4036 2144 4091 sunt,
2177 4028 2242 4080 de
2264 4026 2471 4095 justitia
2507 4028 2655 4095 ejus:
2693 4031 2835 4083 etde
2862 4030 3146 4083 sanctitate
3187 4030 3326 4084 illius
3356 4031 3548 4085 sancti.

2000 4115 2105 4170 Sed
2141 4132 2308 4186 neque
2357 4119 2782 4186 quandoquidem
2836 4118 2975 4173 Dens
3020 4128 3137 4173 erat
3191 4120 3460 4183 Verbum,
3498 4131 3553 4173 et

1999 4207 2247 4259 deitatem
2298 4223 2447 4258 suam
2493 4207 2557 4259 iis
2600 4208 2849 4260 invidebit
2890 4225 2903 4259 :
2954 4218 3011 4259 ut
3061 4224 3182 4261 vere
3230 4209 3435 4261 locutus
3481 4209 3552 4261 sit

340 4297 447 4349 Ναὶ
487 4316 590 4368 μην
634 4300 727 4351 καὶ
778 4298 1019 4369 σώμασιν
1062 4298 1363 4368 οὐρανίοις,
1394 4297 1528 4367 ήλίῳ
1561 4296 1653 4349 καὶ
1701 4295 1892 4367 σελήνῃ

2008 4296 2299 4365 Apostolus,
2330 4296 2575 4349 llmredes
2610 4297 2726 4362 Dei,
2759 4301 3049 4352 raluercdes
3088 4311 3256 4351 autem
3292 4297 3484 4350 Christi
3506 4299 3551 4329 ⁸⁵

338 4390 431 4440 καὶ
472 4382 687 4459 ἀπροίς
722 4392 1008 4460 χρήσονται
1044 4388 1458 4461 παραπλησίοις,
1507 4387 1597 4440 καὶ
1638 4390 1693 4440 ὲν
1726 4388 1896 4458 τούτῳ

335 4480 434 4547 τῆς
465 4481 625 4533 αὑτοῦ
662 4481 1085 4551 μεταληψόμενοι
1111 4481 1285 4550 δόξης.
1321 4480 1385 4532 Ὃ
1418 4479 1480 4549 δὴ
1524 4478 1632 4549 (Η)
1661 4480 1895 4549 παρίστη

335 4569 495 4633 αὐτὸς
538 4573 734 4640 φήσας,
772 4572 839 4634 ἐξ
882 4568 953 4625 οὗ
1003 4571 1100 4623 καὶ
1148 4569 1388 4636 Σωτῆρα
1430 4570 1895 4640 ἀπεκδεχόμεθα,

339 4663 555 4729 Κύριον
616 4662 855 4728 Ἰησοῦν
906 4666 1162 4732 Χριστὸν
1198 4665 1265 4731 ὃς
1298 4664 1786 4732 μετασγηματίζει
1827 4664 1894 4717 τὸ

334 4750 505 4821 σῶμα
536 4752 643 4821 τῆς
674 4754 1079 4822 ταπεινώσεως
1105 4755 1269 4825 ἡμῶν
1285 4756 1417 4825 (12),
1438 4756 1793 4823 σύμμορφον
1810 4753 1895 4820 τῷ

412 4914 469 4971 >11
509 4909 604 4963 Ed.
637 4909 831 4977 Paris.,
859 4927 980 4982 pag.
1014 4911 1135 4967 185.
1214 4912 1257 4943 ⁸⁸
1282 4910 1425 4965 Psal.
1455 4924 1565 4972 cu,
1594 4908 1649 4962 l.

405 5108 481 5174 (6)
513 5108 681 5179 Yulgo
706 5110 755 5161 εί
790 5110 909 5179 μέν.

404 5180 478 5247 (7)
515 5177 677 5259 Vulgo
702 5177 975 5250 σημαίνει,
998 5192 1052 5237 et
1073 5197 1191 5236 mox
1222 5186 1412 5253 μεγαλ.
1448 5188 1540 5240 καὶ
1560 5188 1657 5259 τὴν
1691 5190 1880 5243 αὑθεκ.

331 5248 625 5317 ὑποταγὴν.

401 5320 476 5397 (ξ)
516 5316 570 5369 ’0
600 5316 840 5397 ,πάντων
864 5320 1111 5397 Δἐχθρός.
1147 5321 1425 5397 Legeretn,
1461 5326 1758 5397 τηνικαῦτα
1789 5332 1883 5384 καὶ

326 5392 356 5443 6
380 5391 593 5477 παντων
627 5390 1107 5477 ὲξὶρῶνοθάνατος,
1126 5390 1245 5477 hic.
1267 5394 1331 5477 θλ,

397 5460 473 5529 (9)
516 5453 627 5511 Ὧν
659 5453 794 5514 ὦδε.
827 5458 917 5537 Su:
952 5453 1249 5537 legendum.
1282 5461 1473 5537 Statim
1500 5467 1756 5537 εΧριστοὶ
1786 5486 1879 5537 γε·

324 5530 578 5603 νήσονται
608 5547 714 5585 nou
746 5534 1047 5599 γενήσοντι.
1094 5532 1265 5587 Erunt
1299 5534 1371 5586 ill.
1404 5530 1613 5591 Christi.
1646 5537 1716 5595 Μ.

1724 4909 1768 4938 ’⁵
1805 4906 1960 4962 Rom.

2002 4386 2206 4440 futuros
2232 4402 2343 4442 eos.
2378 4389 2479 4442 Sed
2507 4399 2560 4441 et
2597 4405 2822 4456 corpora
2864 4407 2957 4444 sua
2993 4392 3294 4443 :cternitate
3327 4391 3547 4459 praedita

2002 4480 2120 4542 soli,
2154 4478 2289 4531 lunae
2317 4490 2370 4532 et
2397 4480 2664 4535 sideribus
2696 4481 2891 4534 similia
2925 4483 3284 4534 coruscabunt
3310 4497 3323 4533 :
3354 4496 3456 4546 quo
3496 4493 3550 4532 et

2003 4571 2055 4624 in
2103 4571 2216 4636 ipso
2260 4568 2374 4635 ejus
2418 4571 2597 4637 gloria:
2656 4573 3069 4639 participabunt.
3113 4572 3261 4635 Quod
3305 4581 3358 4623 et
3408 4569 3546 4622 idem

2000 4658 2179 4709 docuit
2216 4658 2384 4718 aiens,
2429 4654 2574 4709 Unde
2615 4669 2661 4710 et
2700 4657 3020 4710 Servalorem
3061 4670 3413 4723 exspectamus
3456 4656 3547 4709 Je-

2000 4762 2110 4799 sum
2141 4744 2437 4812 Christum,
2464 4751 2549 4817 qui
2580 4749 2970 4817 transformabit
3008 4762 3192 4814 corpus
3237 4748 3545 4801 humilitatis

2000 4922 2089 4961 vnt
2114 4947 2129 4973 ,
2162 4906 2227 4959 ΓΙ

2058 5117 2167 5189 (l0)
2196 5115 2302 5171 Ναὶ
2334 5114 2453 5184 μὴν
2496 5116 2590 5169 καὶ
2621 5113 2892 5184 σώμασιν
2923 5114 3261 5189 οίφανιοιςη
3285 5112 3355 5189 De
3388 5111 3545 5189 clari-

1990 5185 2097 5241 tate
2129 5202 2412 5255 corporum
2437 5188 2855 5253 glorilimtornni
2888 5188 3137 5247 intelligit
3165 5203 3180 5236 :
3215 5185 3299 5255 ubi
3323 5187 3540 5248 qundam

1988 5270 2044 5310 ttt
2070 5258 2171 5320 sol,
2210 5254 2299 5309 alii
2336 5267 2390 5307 ut
2419 5257 2563 5312 luna.
2600 5257 2712 5306 radi
2756 5258 2904 5307 bunt.
2948 5255 3107 5307 Stella
3141 5254 3281 5306 enim
3322 5269 3350 5303 a
3385 5254 3541 5305 Stella

1986 5328 2182 5383 dill‘urt.
2206 5339 2257 5378 et
2281 5331 2356 5375 sic
2380 5336 2461 5376 est
2488 5327 2811 5377 resurrectio
2838 5338 3190 5376 mortuorum.
3235 5321 3304 5374 Μ.
3327 5349 3398 5360 —
3430 5321 3534 5391 Mp.

1982 5396 2113 5459 νίοις
2143 5400 2257 5447 loco
2278 5394 2564 5464 οὐρανίοις.

2055 5457 2165 5536 (Η)
2203 5457 2363 5531 νηιθύ
2387 5464 2441 5536 δὲ
2462 5462 2729 5532 παρίστας
2766 5461 3129 5536 (παρίστηΜι)
3161 5457 3353 5536 [[καλ]
3381 5459 3542 5536 αὑτός

1982 5531 2291 5607 φησιν’(Μγςμε
2333 5535 2527 5601 φήσας)
2547 5531 2753 5607 νει-ηυντ
2785 5531 2937 5598 vulgo
2962 5531 3310 5607 Κύριονίτὸνι
3334 5533 3539 5607 im)“.

2050 5602 2161 5675 (l2)
2192 5605 2546 5671 Σύμμορφυν
2568 5602 2643 5667 τῷ
2663 5602 2903 5671 σώματι.
2930 5602 3076 5657 Adde
3098 5602 3367 5670 γενέσθαι.
3411 5602 3482 5654 Μ.
