4050 6206
288 393 432 450 1ῦ55

1197 379 1300 461 tot:
1333 378 1878 444 ECCLESlASTlCA
1915 379 2312 444 THEOLOGIA
2351 385 2481 445 LIB.
2516 369 2630 445 tu.’

3379 395 3507 450 1051

283 507 418 580 )<.’.δὴ
455 507 676 560 ὲνοικῶν
707 506 763 558 ὲν
799 505 1008 569 αὐτοῖς,
1034 505 1128 557 καὶ
1154 504 1539 575 ἐμπεριπατῶν
1569 507 1626 556 ὲν
1654 505 1852 567 αὐτοῖς,

1959 507 2157 569 bitans,
2189 507 2238 558 in
2272 506 2375 560 illis
2407 507 2705 571 ambulans,
2733 520 2832 561 nec
2870 507 3189 578 dedignatus
3230 524 3352 565 esse
3396 511 3517 565 illo-

286 600 382 654 καὶ
424 597 553 662 Θεὸς
588 597 761 650 αὐτῶν
799 597 897 648 οὐκ
941 595 1188 661 ἀπαξιῶν
1227 591 1383 659 εἶναι,
1418 596 1541 648 λαόν
1589 614 1646 648 τε
1685 596 1847 650 αὑτοῦ

286 691 412 753 τοὺς
448 690 652 750 πάντας
691 685 1080 755 οἰκειούμενος.
1128 684 1283 737 Οὕτω
1326 686 1423 755 μὲν
1455 686 1553 738 οὐκ
1605 686 1760 738 ἔσται
1790 687 1849 739 ἐν

286 782 493 847 αὐτοῖς,
531 780 604 844 ώς
636 781 726 832 καὶ
765 778 823 830 ὲν
862 778 1011 847 αύτῴ
1034 778 1250 846 λέγεται
1286 774 1424 830 εἶναι
1468 777 1544 848 τῷ
1575 778 1856 850 Υἱῷ,καΘ-

287 873 366 937 ὼς
397 873 628 926 διδάσκει
672 870 843 938 λέγων
872 869 1055 931 αὐτὸς,
1095 870 1151 920 '0
1179 869 1379 937 Πατὴρ
1420 870 1490 922 ἐν
1521 870 1667 938 ἐμοὶ,
1697 870 1856 940 κάγὼ

286 966 359 1018 ἐν
399 964 476 1030 τῷ
524 963 734 1030 Πατρί·
785 962 879 1014 καὶ
923 961 1105 1013 πάντα
1136 961 1193 1014 δὲ
1237 961 1389 1014 ἔσται
1427 965 1485 1014 ἐν
1524 963 1722 1026 αὐτοῖς,
1777 963 1854 1033 τῷ

289 1058 452 1109 πᾶσιν
492 1054 678 1106 ἑαυτὸν
726 1052 1010 1124 παρέχειν,
1055 1052 1175 1104 καθ’
1205 1053 1233 1105 ὃ
1277 1056 1309 1124 ἡ
1358 1054 1585 1107 ἑκάστου
1631 1054 1854 1126 δύναμις

289 1148 453 1218 χωρεῖ
487 1146 583 1216 τῆς
611 1144 772 1199 αύτοῦ
805 1143 1055 1214 θεότητος
1086 1145 1510 1216 μεταλαγχάνειν
1532 1162 1544 1173 ·
1579 1145 1675 1215 τῆς
1707 1163 1858 1216 τρισ-

291 1238 561 1310 μακαρίας
583 1236 796 1298 ἐλπίδος
817 1235 909 1288 καὶ
934 1236 1034 1306 τῆς
1059 1237 1418 1306 ἀτελευτήτου
1446 1236 1538 1288 καὶ
1578 1236 1853 1308 ἀφθάρτου

289 1328 433 1399 ζωῆς
459 1331 515 1382 ὲν
539 1328 710 1398 τούτῳ
736 1327 1212 1397 καταστησομένης
1233 1326 1311 1396 τῷ
1338 1327 1502 1391 τέλει,
1532 1329 1588 1379 ἐν
1617 1321 1660 1394 ᾧ
1694 1329 1722 1378 ὁ
1759 1329 1854 1396 μὲν

287 1421 417 1483 Θεὸς
449 1419 602 1472 ἕσται
647 1419 823 1472 πάντα
860 1422 918 1472 ὲν
963 1421 1094 1472 πᾶσι
1140 1418 1273 1487 (15),
1307 1421 1426 1480 ταῖς
1475 1418 1574 1487 τῆς
1607 1418 1855 1488 θεότητος

285 1511 449 1563 αὐτοῦ
497 1515 881 1581 μαρμαρυγαῖς
921 1512 1143 1565 ἀλέκτου
1190 1509 1368 1580 φωτὸς
1414 1509 1700 1580 ἐμπιπλῶν
1729 1513 1854 1574 τοὺς

286 1603 516 1666 πάντας
540 1605 568 1656 ὁ
585 1604 641 1655 δὲ
666 1604 792 1667 Υἱὸς
812 1603 1235 1674 ὲναγαλλόμενος
1263 1604 1357 1655 καὶ
1390 1604 1592 1674 χαίρων
1624 1602 1699 1673 τῷ
1725 1621 1856 1657 κατι

289 1694 569 1767 ορθώματι
590 1735 604 1757 ,
642 1695 903 1763 στεφάνου
933 1696 1086 1765 δίκην
1131 1693 1483 1765 περιθέμενος
1514 1695 1636 1756 τοὺς
1667 1694 1732 1747 δι’
1760 1695 1854 1747 αύ-

287 1786 384 1838 τοῧ
431 1786 531 1856 τῆς
567 1787 962 1858 μακαριότητος
1008 1785 1368 1856 ἠξιωμένους,
1406 1784 1511 1837 ὑπὸ
1552 1785 1729 1855 ὲφόρῳ
1775 1785 1853 1856 τῷ

287 1879 485 1949 Πατρὶ,
513 1878 608 1949 τὴν
640 1880 830 1950 ἀγήρω
857 1880 948 1931 καὶ
981 1878 1331 1948 ἀτελεύτητον
1363 1874 1658 1929 διατελέσει
1693 1875 1850 1946 βασι-

289 1968 459 2032 λειαν,
486 1970 593 2022 τῶν
633 1969 759 2040 περὶ
797 1968 956 2022 αὐτοῦ
989 1969 1182 2036 λογίων
1214 1967 1511 2038 τηνικαῦτα
1560 1966 1851 2038 πληρωθη-

289 2043 553 2132 σομένων,
581 2047 686 2113 τῶν
723 2077 780 2113 τε
810 2060 1005 2122 ἀλλων,
1039 2061 1178 2130 ἀταρ
1223 2059 1287 2128 δὴ
1316 2058 1538 2112 καὶτῶν
1563 2057 1656 2112 τοῦ
1691 2058 1854 2127 ἀγγέ-

290 2152 382 2206 λου
406 2152 642 2224 Γαϐριὴλ
674 2152 808 2223 πρὸς
839 2153 938 2222 τὴν
967 2151 1232 2220 παναγεαν
1259 2151 1529 2221 Παρθένον
1553 2151 1854 2222 εἰρημένων

288 2243 420 2315 περὶ
450 2242 545 2295 τοῦ
571 2242 628 2309 ἐξ
661 2243 830 2313 αὐτῆς
851 2242 1264 2313 τεχθησομένου,
1309 2242 1403 2308 Ὠς
1427 2242 1539 2311 ἆρα
1559 2244 1852 2307 ,βασιλεύ-

280 2349 382 2390 σει
423 2337 510 2400 εἰς
561 2334 702 2400 τοὺς
737 2333 977 2400 αἰῶνας,
1013 2334 1113 2388 καὶ
1159 2334 1270 2402 τῆς
1316 2336 1638 2402 βασιλείας
1669 2336 1854 2390 αὐτοῦ

279 2430 396 2482 οὐκ
428 2426 601 2481 ἔσται
629 2427 824 2493 τέλος.
854 2426 1156 2480 Βασιλεύων
1183 2426 1295 2496 (16)
1322 2426 1386 2498 δὴ
1406 2427 1524 2481 τότε
1548 2429 1576 2481 ὁ
1605 2429 1730 2492 Υἱὸς
1757 2428 1852 2481 τοῦ

279 2516 419 2571 θεοῦ
447 2517 574 2580 τοὺς
607 2517 698 2570 ὑπ’
727 2515 875 2587 αὐτῷ
903 2515 1348 2586 βασιλευομένους
1375 2515 1669 2587 πάνταςτῷ
1691 2518 1852 2570 αὑτοῦ

287 2609 595 2680 παραδώσει
626 2608 820 2679 Πατρὶ,
849 2608 908 2660 ού
935 2607 1267 2676 παυσάμενος
1299 2608 1395 2674 τῆς
1423 2606 1713 2676 βασιλείας,
1747 2609 1852 2662 οὐδ’

285 2701 582 2772 ἀναχωρῶν
615 2701 812 2771 αὐτῆς·
843 2700 960 2752 οὐδὲ
995 2699 1101 2769 γὰρ
1136 2697 1400 2751 παύεσθαι
1444 2698 1604 2750 αὐτὸν
1632 2700 1728 2768 τῆς
1763 2700 1855 2769 βα-

286 2792 494 2855 σιλείας
529 2794 557 2844 ὁ
591 2791 729 2854 θεῖος
774 2790 1084 2852 ’Λπὸστολος
1117 2789 1218 2859 ἔφη
1260 2789 1390 2858 (17),
1519 2789 1625 2859 γὰρ
1660 2790 1724 2843 ἂν
1762 2792 1854 2844 τά-

289 2883 482 2937 ναντία
508 2882 712 2956 ἔγραψε
741 2883 816 2951 τῷ
842 2882 1079 2953 Γαϐριὴλ
1111 2882 1221 2951 (l8)
1251 2879 1564 2933 θεσπίσαντι
1596 2880 1731 2951 πρὸς
1759 2881 1854 2952 τὴν

286 2973 562 3045 Παρθένον
601 2971 934 3042 βασιλεύσειν
967 2972 1123 3024 αύτὶν
1156 2974 1232 3033 εἰς
1261 2973 1384 3034 τοὺς
1413 2969 1611 3032 αἰῶνας
1640 2970 1733 3021 καὶ
1757 2971 1854 3040 τῆς

290 3063 568 3131 βασιλείας
605 3063 764 3117 αὐτοῦ
801 3063 908 3134 (19)
945 3063 1017 3134 μὴ
1051 3064 1261 3116 ἔσεσθαι
1294 3063 1462 3126 τέλος,
1500 3062 1632 3115 ἀλλά
1675 3077 1852 3132 παρα-

1967 611 2082 650 rum
2129 598 2296 661 Deus,
2323 612 2443 649 cum
2477 597 2529 650 in
2571 597 2823 666 populum
2861 598 2959 652 sibi
2986 613 3173 653 omnes
3207 604 3521 670 appropria-

1965 690 2120 742 verit.
2166 689 2278 742 Non
2327 701 2501 742 autem
2543 691 2645 742 erit
2689 691 2754 744 ad
2793 703 2915 744 eum
2981 692 3195 746 modum
3244 691 3296 744 in
3344 693 3516 760 ipsis,

1957 778 2402 844 quemadmodum
2449 778 2644 832 dicitur
2676 779 2726 832 in
2774 777 2908 832 Filio
2937 793 3074 843 esse,
3101 779 3168 834 de
3199 797 3303 850 quo
3335 783 3514 846 docet,

1957 867 2118 923 Pater
2154 871 2208 922 in
2248 887 2346 933 me,
2376 882 2423 924 et
2462 887 2552 939 ego
2597 871 2649 923 in
2684 869 2842 924 Patre
2862 871 2946 939 ’°;
2974 873 3152 926 omnia
3181 884 3359 927 autem
3402 883 3514 929 tum

1956 959 2060 1014 illis
2088 961 2219 1026 erit,
2263 961 2402 1030 quod
2432 977 2490 1017 se
2539 973 2647 1015 tum
2698 963 2948 1017 omnibus
2987 965 3300 1032 exhibebit,
3356 975 3517 1033 prout.

1955 1051 2368 1120 uniuscujusque
2416 1051 2642 1106 facultas
2691 1053 2834 1108 illius
2885 1055 3139 1108 deitatem
3180 1065 3355 1123 potest
3417 1071 3512 1110 ca-

1953 1156 2124 1209 pere,
2153 1158 2272 1196 cam
2302 1157 2425 1212 spes
2459 1144 2804 1198 beatitudinis
2849 1154 2903 1198 et
2942 1146 3064 1199 vita:
3102 1146 3518 1204 interminabilis

1953 1243 2004 1284 et
2037 1235 2457 1302 incorruptibilis
2493 1236 2546 1289 in
2589 1251 2653 1290 eo
2687 1237 2790 1290 sita
2831 1238 2900 1291 sit
2937 1238 3041 1290 fine
3066 1275 3083 1302 ,
3123 1239 3335 1305 quando
3377 1240 3517 1294 Deus

1955 1323 2165 1377 futurus
2205 1337 2288 1379 est
2341 1327 2518 1379 omnia
2571 1327 2627 1380 in
2673 1329 2954 1391 omnibus,
2999 1329 3291 1396 adimplens
3331 1345 3517 1384 omnes

1954 1412 2118 1464 radiis
2143 1427 2254 1467 suae
2285 1413 2500 1468 deitatis
2544 1413 2918 1472 indeﬁcientis.
2960 1417 3127 1472 Filius
3163 1429 3342 1472 autem
3391 1430 3518 1473 tunc

1953 1503 2226 1557 exsultans
2281 1505 2510 1572 gaudio,
2571 1515 2626 1560 et
2692 1508 2856 1562 veluti
2916 1511 3238 1565 victoriosus
3313 1511 3518 1566 athleta

1953 1595 2437 1663 triumphabundus
2496 1613 2696 1653 corona
2750 1615 2936 1656 eorum
2998 1602 3332 1670 redimietur,
3380 1614 3516 1672 quos

1951 1681 2280 1739 beatitudine
2329 1688 2519 1757 dignos
2562 1689 2792 1756 habitos,
2841 1691 3002 1745 Patre
3064 1707 3161 1746 suo
3203 1703 3514 1762 spectante,

1952 1788 2117 1843 regno
2170 1777 2496 1832 indeticienti
2537 1791 2590 1834 et
2632 1796 2736 1834 non
2795 1783 3148 1837 veterascenti
3205 1799 3518 1838 remunera-

1881 1857 1924 1910 Β
1951 1875 2105 1920 turus
2136 1877 2237 1922 est.
2279 1867 2514 1937 lmpletis
2547 1874 2612 1925 de
2636 1887 2700 1926 eo
2734 1883 2843 1926 tum
2877 1873 3073 1929 divinis
3112 1875 3368 1942 oraculis,
3394 1891 3518 1930 cum

1953 1956 2071 2011 aliis
2106 1967 2214 2011 tum
2254 1959 2344 2014 illo
2371 1960 2636 2018 Gabrielis
2667 1965 2841 2034 angeli
2870 1965 2936 2018 ad
2964 1967 3358 2020 sanctissimam
3394 1968 3516 2023 Vir-

1950 2049 2126 2116 ginem
2161 2055 2218 2112 ἦ(
2245 2051 2449 2118 prolato
2481 2054 2544 2107 de
2568 2053 2705 2108 Filio
2728 2071 2795 2109 ex
2816 2071 2878 2111 ea
2912 2059 3337 2126 progenerando,
3367 2059 3518 2123 Quod

1951 2150 2262 2209 regnaturus
2288 2143 2357 2195 sit
2391 2145 2443 2196 in
2480 2155 2750 2211 aeternum,
2779 2157 2826 2200 et
2863 2150 3009 2218 regni
3035 2149 3149 2214 eius
3190 2166 3292 2202 non
3322 2152 3419 2203 erit
3453 2151 3522 2217 ﬁ-

1953 2231 2124 2286 nis".
2169 2229 2420 2302 Regnans
2463 2248 2527 2288 eo
2558 2245 2797 2306 tempore
2838 2238 2928 2292 Dei
2975 2237 3167 2304 Filius,
3211 2255 3399 2296 omnes
3427 2256 3522 2295 eos

1953 2322 2043 2390 qui
2075 2324 2174 2399 sub
2208 2324 2322 2393 ipso
2362 2336 2485 2380 sunt
2516 2330 2786 2396 regnaturi
2835 2330 3126 2385 traditurus
3160 2343 3244 2385 est
3280 2341 3389 2386 tum
3423 2347 3521 2387 suo

1952 2412 2097 2468 Patri
2123 2433 2138 2470 :
2163 2429 2265 2470 non
2295 2418 2507 2485 quidem
2536 2419 2790 2474 desinens
2817 2421 2931 2488 ipse
2955 2436 3180 2492 regnare
3207 2424 3518 2510 aliquando.

1954 2521 2054 2561 nec
2094 2510 2281 2577 quovis
2317 2519 2557 2578 tempore
2596 2528 2757 2582 regno
2807 2529 2865 2568 se
2900 2516 3158 2572 abdicans
3200 2517 3333 2587 (nec
3375 2518 3521 2572 enim

1953 2613 2182 2669 regnare
2239 2601 2532 2655 desiturum
2589 2604 2879 2672 aliquando
2931 2623 3053 2662 eum
3103 2610 3314 2664 divinus
3373 2611 3520 2678 Apo-

1953 2690 2121 2745 stolus
2147 2689 2461 2756 affirmavit;
2492 2693 2567 2748 ita
2604 2697 2746 2750 enim
2775 2695 3010 2754 Gabrieli
3035 2702 3302 2755 contraria
3336 2714 3520 2772 protu-

1953 2781 2102 2836 lisset
2148 2783 2237 2853 qui
2293 2784 2489 2854 Virgini
2529 2788 2698 2851 dixit,
2750 2800 3093 2856 regnaturum
3145 2792 3290 2846 illum
3328 2794 3379 2847 in
3419 2808 3520 2848 sa:-

1951 2873 2111 2938 Cula,
2151 2889 2250 2928 nec
2294 2874 2529 2930 futurmn
2571 2878 2854 2948 aliquando
2899 2884 3044 2952 regni
3097 2882 3240 2937 illius
3279 2884 3520 2957 finem);

1953 2965 2049 3018 sed
2080 2963 2215 3019 dixit
2253 2968 2570 3021 traditurum
2619 2985 2844 3040 regnum
2879 2987 3033 3025 suum
3073 2971 3256 3040 Patri,
3295 2975 3398 3031 hoc
3441 2985 3524 3032 est

1957 3055 2076 3110 illos
2106 3055 2160 3110 in
2194 3072 2329 3126 quos
2359 3060 2634 3115 obtinebat
2670 3076 2910 3131 regnum.
2940 3063 3349 3122 Consummatos
3378 3070 3523 3124 enim

285 3155 482 3209 δώσειν
523 3157 620 3226 τὴν
653 3154 957 3225 βασιλείαν,
990 3155 1187 3225 δηλαδὴ
1221 3156 1344 3218 τοὺς
1391 3156 1483 3205 ὑπ’
1511 3153 1657 3224 αύτῷ
1705 3153 1852 3223 βασι-

1957 3147 2022 3200 ab
2061 3148 2177 3215 ipso
2204 3149 2343 3213 illos,
2371 3163 2423 3202 et
2455 3162 2709 3222 tanquam
2743 3170 2840 3207 suo
2868 3155 3100 3222 glorioso
3125 3156 3366 3212 facinore
3399 3160 3523 3214 illu-

289 3247 606 3317 λευομένους
629 3246 705 3316 τῷ
727 3246 844 3316 Θεῷ
867 3247 958 3298 καὶ
986 3247 1175 3317 Πατρῐ.
1199 3247 1240 3296 Τ
1246 3246 1592 3310 ελειωθέντας
1622 3245 1729 3316 γάρ
1759 3247 1851 3299 ὑπ’

286 3339 438 3406 αὐτῷ
478 3339 600 3401 τοὺς
644 3339 867 3401 πάντας,
901 3337 1096 3391 ὡσανεὶ
1146 3338 1257 3407 (20)
1305 3338 1722 3409 φα.δρυνομένος
1777 3337 1854 3408 τῷ

287 3425 686 3498 κατορθώματι,
717 3424 1025 3498 παραδώσει
1064 3424 1142 3495 τῷ
1172 3426 1341 3494 Πατρί
1362 3441 1374 3454 ’
1407 3421 1495 3478 οἷά
1527 3443 1647 3478 τινα
1680 3427 1869 3496 παρα-’

283 3519 458 3586 θήκην
491 3516 944 3586 ἀποδεδεγμένος·
980 3517 1008 3568 δ
1044 3516 1152 3586 (21)
1181 3515 1244 3586 δὴ
1273 3515 1510 3570 διδάσκει
1554 3517 1728 3586 λέγων
1761 3519 1856 3571 αύ-

285 3610 394 3672 τδς,
440 3607 638 3662 Πάντα
669 3625 771 3676 μοι
800 3607 1094 3676 παρεδόθη
1129 3607 1245 3660 ὑπὸ
1289 3607 1395 3661 τοῦ
1429 3612 1654 3676 Πατρός
1699 3627 1850 3680 μου·

285 3700 368 3752 διὸ
391 3700 713 3763 ἀκολούθως,
739 3695 826 3752 οἷα
854 3701 1026 3769 φύλαξ
1045 3700 1265 3769 ἀγαθὸς,
1297 3699 1437 3752 σῶαν
1466 3701 1556 3754 καὶ
1584 3702 1694 3770 (2:2)
1717 3701 1857 3755 κατά

289 3791 464 3852 πάντα
494 3791 811 3863 ἐρρωμένην
843 3792 940 3863 τὴν
975 3793 1300 3862 παραθήκην
1334 3793 1512 3862 φέρων
1546 3793 1856 3862 παραδώσει

283 3883 365 3954 τῷ
391 3883 507 3953 Θεῷ
543 3883 675 3954 (25),
719 3884 1020 3955 ἀρχιερέως
1062 3884 1238 3955 δίκην,
1281 3887 1405 3948 τοὺς
1441 3884 1531 3936 ὑπ’
1561 3883 1707 3953 αὐτῷ
1741 3885 1854 3956 (24)

294 3976 660 4048 ἱερουμένους,
692 3976 896 4038 πάντας
921 3976 1289 4046 λευχείμονας,
1337 3978 1428 4029 καὶ
1454 3975 1693 4048 ὡσπερεὶ
1720 3976 1857 4046 λαμ-

285 4067 585 4139 προτάταις
629 4068 838 4130 στολαῖς
883 4071 992 4132 τοῖς
1037 4069 1135 4138 τῆς
1179 4069 1525 4130 ἀναστάσεως
1563 4067 1856 4140 ἀφθάρτοις

290 4159 536 4230 σώμασιν
585 4159 1053 4230 ἐξαστράπτοντας
1107 4159 1382 4231 παριστῶν
1436 4159 1604 4229 αὐτῷ,
1658 4159 1746 4212 ἵνα
1781 4159 1856 4229 μὴ

290 4251 460 4322 μόνης
488 4252 588 4322 τῆς
611 4253 702 4304 ὑπ’
729 4251 874 4323 αὐτῷ
899 4252 1173 4322 βασιλείας
1201 4253 1564 4317 ἀπολαύωσιν,
1597 4253 1732 4305 ἁλλά
1767 4255 1858 4305 κα)⁵

287 4339 397 4394 τῶν
445 4340 538 4393 τοῦ
590 4341 802 4412 Πατρδς
864 4343 1116 4414 ἀρρήτων
1179 4333 1402 4410 ἀγαθῶν
1458 4342 1852 4412 ὲμπιπλῶνται.

284 4429 442 4486 Οὕτω
473 4431 578 4504 γὰρ
604 4433 774 4498 ἔσται,
797 4433 935 4486 κατά
954 4435 1044 4486 τὸν
1060 4434 1394 4499 Ἀπόστολον,
1412 4435 1469 4487 Ὀ
1499 4435 1640 4499 Θεὸς
1665 4433 1858 4487 πάντα

1955 3247 2176 3304 stratos,
2218 3239 2365 3294 Patri
2393 3246 2586 3307 tradet,
2631 3255 2880 3314 tanquam
2913 3248 3177 3315 quoddam
3215 3250 3520 3320 depositum

1956 3329 2299 3383 manifestum
2341 3350 2352 3384 :
2388 3335 2529 3401 quod
2569 3346 2623 3388 et
2658 3336 2772 3404 ipse
2813 3338 2968 3391 docet
3006 3339 3289 3407 inquiens:
3329 3341 3524 3397 Omnia

1956 3421 2086 3474 mihi
2124 3424 2320 3477 tradita
2363 3438 2483 3479 sunt
2523 3445 2556 3480 α
2604 3425 2763 3482 Patre
2795 3446 2906 3483 meo
2927 3432 2993 3483 ".
3047 3432 3309 3497 Quocirca
3361 3436 3525 3490 veluti

1955 3513 2158 3584 probus
2197 3515 2422 3584 depositi
2469 3527 2680 3583 custos,
2722 3521 3021 3589 depositum
3064 3523 3270 3576 salvum
3315 3537 3523 3581 sartum

1959 3615 2266 3676 tectumque
2292 3610 2566 3664 exhibebit
2591 3611 2720 3677 Deo,
2745 3615 2812 3667 ad
2841 3615 3009 3667 instar
3035 3613 3312 3670 Pontificis
3336 3630 3526 3672 omnes

1958 3698 2092 3752 albis
2118 3702 2363 3766 amictos,
2387 3713 2442 3756 et
2475 3706 2792 3772 corporibus
2825 3706 3240 3770 immortalibus,
3271 3718 3522 3776 tanquam

1955 3790 2106 3845 stolis
2135 3793 2535 3848 candidissimis
2568 3796 2838 3850 radiantes
2869 3797 2941 3850 illi
2980 3797 3029 3849 in
3061 3814 3252 3851 manus
3280 3800 3522 3865 tradens,

1956 3891 2016 3934 ut
2050 3899 2154 3936 non
2196 3885 2355 3939 modo
2391 3888 2488 3940 sub
2529 3887 2615 3940 illo
2648 3885 2898 3940 fruantur
2932 3903 3124 3957 regno,
3172 3890 3266 3942 sed
3303 3890 3524 3958 insuper

1957 3972 2236 4040 adimpleri
2303 3977 2509 4043 possint
2566 3975 2920 4031 ineffabilibus
2978 3977 3152 4032 l’atris
3192 3978 3272 4032 sui
3327 3979 3520 4033 bonis:

1958 4073 2116 4130 atque
2157 4065 2229 4117 ita
2280 4066 2490 4120 futurus
2528 4080 2630 4132 est,
2656 4071 2952 4122 secundum
3007 4069 3246 4136 Apostoli
3279 4070 3478 4123 dictum
3505 4108 3524 4135 ,

1960 4153 2095 4207 Deus
2138 4159 2316 4209 omnia
2355 4159 2407 4208 in
2455 4159 2690 4212 omnibus
2716 4159 2761 4189 "
2787 4198 2801 4222 ,
2843 4174 2964 4212 cum
3015 4144 3184 4215 Filius
3222 4175 3350 4215 suos
3391 4163 3521 4216 sub-

1958 4245 2094 4298 ditos
2128 4257 2608 4314 reprzesentaturus
2635 4259 2718 4302 est
2747 4249 2868 4316 ipsi,
2900 4259 2956 4301 ut
2988 4249 3102 4319 ipse
3123 4249 3282 4306 Pater
3299 4266 3524 4320 perom—

1957 4337 2042 4389 nia
2076 4337 2146 4390 sit
2175 4337 2227 4390 in
2259 4340 2509 4390 (ninnihus
2534 4341 2733 4392 onmia.
2763 4339 2893 4393 Nam
2921 4351 2978 4394 ut
3011 4352 3128 4396 erat
3160 4342 3274 4412 ipse
3301 4345 3352 4394 in
3385 4342 3524 4398 Filio

1957 4441 2052 4479 suo
2067 4427 2380 4496 olim,juxta
2416 4430 2538 4482 illud
2566 4446 2579 4482 :
2616 4427 2844 4483 Paterin
2865 4449 2964 4496 me,
2993 4442 3038 4486 et
3053 4448 3144 4502 ego
3167 4434 3220 4486 in
3242 4433 3400 4486 Patre
3427 4435 3474 4465 “
3504 4476 3522 4502 ,

280 4522 354 4577 ἐν
388 4524 538 4578 πᾶσι
559 4565 573 4591 ,
627 4525 716 4577 τοῦ
767 4525 893 4578 Υἱοῦ
926 4527 1048 4590 τοὺς
1086 4526 1527 4597 βασιλευομένους
1558 4527 1852 4597 προσάγον-

1959 4520 2024 4572 ad
2052 4523 2295 4576 eumdem
2332 4526 2542 4577 modum
2567 4527 2669 4579 erit
2696 4535 2806 4578 tum
2836 4526 2888 4580 in
2923 4528 3172 4581 omnibus
3197 4543 3292 4596 per
3327 4518 3520 4582 Filium

280 4631 376 4678 τος
400 4615 566 4686 αὐτῷ,
596 4617 680 4670 ἵνα
716 4617 834 4670 ὅλον
855 4617 1015 4670 τοῦτο
1043 4619 1285 4688 γένηται,
1315 4620 1456 4687 λέγω
1483 4619 1538 4671 δὲ
1576 4619 1635 4671 τὸ
1667 4620 1848 4672 Πάντα

281 4707 343 4760 ἐν
373 4710 535 4762 πᾶσιν
563 4706 701 4763 εἶναι
737 4709 827 4762 τὸν
868 4711 1104 4781 Πατέρα.
1146 4713 1231 4772 Ὠς
1257 4710 1364 4782 γὰρ
1400 4707 1467 4781 ἦν
1503 4712 1764 4783 πρότερον
1794 4712 1850 4762 ὲν

279 4795 361 4865 τῷ
391 4796 521 4866 Υἱῷ,
552 4799 691 4851 κατά
719 4799 800 4861 τὸ,
841 4799 904 4851 '0
943 4799 1146 4866 llatin
1178 4800 1246 4850 ἐν
1268 4799 1417 4867 ἐμοὶ,
1462 4799 1622 4868 κάγὼ
1659 4800 1728 4850 ἐν
1772 4796 1850 4862 τῷ

1956 4616 2361 4670 consummatis.
2406 4616 2519 4671 Non
2548 4620 2690 4672 enim
2722 4620 3011 4688 Apostolus
3041 4622 3192 4682 dixit,
3222 4619 3414 4674 Filium
3463 4635 3524 4674 se

1957 4721 2055 4758 suo
2092 4721 2256 4773 regno
2289 4710 2662 4764 abdicaturum
2704 4725 2758 4767 et
2790 4723 3137 4782 regnaturum
3176 4713 3340 4766 Deum
3373 4728 3387 4764 :
3427 4713 3523 4764 sed

1959 4796 2147 4851 Filium
2189 4798 2294 4854 Deo
2316 4811 2370 4854 et
2407 4800 2550 4856 Patri
2586 4819 2807 4873 regnum
2841 4807 3162 4860 traditurum
3192 4804 3399 4858 salvum
3430 4805 3523 4858 de-

360 4977 418 5033 ΡΙ(
441 4971 537 5027 Ed.
557 4972 752 5039 Paris.,
770 4989 889 5045 pag.
910 4975 1030 5031 187.
1107 4977 1152 5007 ὀ
1178 4975 1330 5031 Joan.
1355 4991 1408 5040 x,
1426 4974 1512 5029 38.
1591 4977 1632 5007 “
1654 4977 1779 5033 Luc.
1799 4994 1835 5042 ι,

1963 4981 2051 5033 55.
2129 4978 2503 5048 "Luc.x,22.
2582 4984 3038 5050 "lCor.xv,28.
3113 4978 3519 5047 “Joan.x,38.

497 5149 661 5227 Xltlgo
680 5155 800 5227 ταῖς
821 5171 880 5206 τε
910 5152 962 5209 θ.
995 5163 1051 5209 et
1080 5169 1201 5209 mox
1225 5156 1482 5227 ἀλήκτου.

351 5218 466 5284 (16)
498 5219 664 5290 Vulgo
689 5222 767 5277 δέ.

496 5289 663 5359 Vulgo

496 5294 880 5429 ἕὲξβάὲαντι
936 5365 1103 5432 πρός.
1153 5364 1268 5418 Νοιι
1325 5377 1407 5419 est
1461 5384 1586 5423 vera
1655 5372 1834 5428 lectio.

277 5426 462 5504 Neque
486 5426 631 5504 enim
654 5431 892 5496 Gabriel,
921 5426 1011 5488 sed
1048 5426 1202 5490 beata
1239 5436 1397 5504 Virgo
1424 5426 1832 5496 admirabatnrt

276 5499 644 5578 et.leg_endm_n
694 5516 777 5558 est
834 5505 1211 5578 θαυμάσασαν,
1275 5499 1464 5560 sensus
1516 5521 1684 5578 patet,
1735 5529 1839 5568 vox

278 5567 649 5637 substituenda
681 5589 788 5629 non
827 5567 1086 5631 occurrit.
1139 5567 1209 5631 Μ,
1265 5605 1339 5618 -
1385 5567 1530 5631 Dedi'
1565 5596 1631 5634 ex
1671 5567 1837 5637 'codd.

277 5633 610 5693 θεσπίσαντι.

347 5708 433 5776 (19
485 5709 653 5775 Vulgo
680 5730 801 5768 ουκ.

344 5714 456 5850 (2ος
490 5781 1021 5862 ηιξαιδρμνρμένσυς.
1064 5788 1247 5862 Potest
1291 5787 1451 5862 etiam
1483 5791 1580 5860 legi
1611 5793 1842 5862 φαιδρυ-

266 5844 498 5918 νὸμενος
531 5844 694 5923 [quod
726 5844 846 5908 dedi
879 5844 1001 5910 cum
1025 5859 1206 5930 codd.]
1247 5878 1260 5912 :
1295 5860 1435 5929 quod
1470 5844 1840 5930 poiiuswarbt-

555 5943 827 6007 ΡΑτιιοι..
873 5947 992 6010 Gn.
1043 5951 1270 6010 XXIV.

1939 5585 2226 5651 pOIIIlllCIS,
2280 5596 2588 5650 quanquam
2624 5595 2811 5634 revera
2852 5585 2922 5635 sit
2975 5584 3211 5650 pontifex

1943 5655 2158 5724 salvati_
2184 5654 2313 5712 sint,
2348 5651 2413 5702 ad
2465 5653 2950 5724 instarpontilieis
2992 5653 3362 5724 λευχείμονες,
3397 5652 3520 5719 lego

1944 5721 2309 5792 ἐρρωμένους,
2341 5736 2371 5792 e
2403 5721 2774 5792 superioribus
2800 5735 2852 5774 et
2887 5721 3144 5792 ώσπερεί.
3183 5721 3260 5777 Μ.

1954 5169 2089 5225 tror,
2145 5177 2266 5216 cum
2329 5159 2477 5213 illum
2537 5169 2792 5230 tanquam
2849 5162 3170 5230 choragum,
3225 5169 3281 5212 et
3336 5159 3519 5230 athle-

1954 5243 2084 5295 tam,
2138 5243 2192 5286 et
2245 5229 2782 5299 trinmplmbundun,
2831 5235 2882 5285 in
2943 5229 3047 5285 hoe
3095 5245 3192 5285 suo
3239 5229 3518 5301 κατορθώ-

1950 5318 2098 5370 ματι,
2125 5313 2249 5355 ante
2290 5303 2674 5368 (lesignaverit.
2719 5302 2790 5353 M.

2019 5374 2128 5443 (2|)
2167 5371 2334 5440 Vulgo
2365 5374 2514 5443 tleest
2542 5370 2631 5441 δή.
2852 5440 2862 5443 Α
2933 5435 2936 5438 ,

2014 5439 2126 5513 (2‘2)
2155 5439 2312 5495 Κατὰ
2341 5439 2555 5513 rapina:
2573 5439 2988 5513 _Deest_'rp6r.ov.
3025 5439 3097 5496 M.

2012 5509 2122 5580 (εὖ)
2157 5510 2484 5582 Ἄρχιερέως
2520 5509 2719 5576 δίκην.
2747 5509 2856 5564 Non
2882 5524 2939 5565 ut
2980 5513 3092 5579 ipse
3135 5514 3202 5566 sit
3236 5510 3301 5565 ad
3346 5512 3517 5565 instar

2014 5585 2226 5633 ntilicis.
2280 5596 2588 5633 uuanuuam
2624 5595 2811 5633 revera
2852 5585 2922 5633 sit
2975 5584 3211 5633 pontifex
3266 5599 3280 5633 :
3323 5583 3414 5633 sed
3462 5594 3517 5633 ut

3266 5599 3280 5634 ζ
3323 5594 3414 5634 seu
3462 5594 3520 5634 ut

2018 5789 2126 5863 (21)
2156 5793 2322 5859 Vulgo
2349 5789 2672 5861 ὲρουμένους
2697 5805 2751 5845 et
2783 5808 2903 5846 mox
2941 5793 3015 5856 ώς
3045 5789 3193 5862 περί.

3167 5951 3246 6008 33
