4050 6206
314 275 335 328 1
348 274 453 329 057

1230 268 1319 327 DE
1358 268 1894 330 ECCLESIASTICA
1932 252 2333 333 THEOLocIA'
2372 264 2506 331 LIB:
2542 250 2632 331 Ill.

3402 270 3542 327 1058

306 391 495 463 ἄρχων
542 388 636 443 καὶ
684 387 885 460 ποιμὴν
930 388 1254 461 γενήσεσθαι
1303 392 1332 443 6
1380 392 1579 446 Δαϐίδ’
1635 395 1884 447 ἐπικεκα-

1991 402 2133 460 patet
2166 398 2307 463 quod
2336 396 2497 449 David
2526 401 2687 448 aetate
2710 390 2864 460 longe
2891 389 3241 446 antecedebat
3267 390 3382 443 haec
3409 399 3546 444 tem-

306 482 604 553 λυμμένως
635 482 868 535 ἐνταῦθα
895 481 987 533 τοῦ
1010 481 1174 533 Δαὸὶδ
1207 482 1298 535 τὸν
1320 485 1554 555 Χριστὸν
1580 486 1883 555 αἰνιττομέ-

302 588 405 629 νου
429 573 520 627 διὰ
560 573 621 628 τὸ
656 576 719 627 ὲκ
753 573 1065 643 σπέρματος
1087 573 1252 627 αὐτοῦ
1290 577 1589 645 γεγονέναι.
1634 578 1803 655 Τοῦτο
1826 578 1882 631 δὲ

305 663 472 735 δῆλον
514 668 581 719 ὲκ
621 664 715 718 τοῦ
766 664 1189 735 πρπεονηκέναι
1226 665 1317 720 τὸν
1356 668 1518 722 Δαϐὶδ
1550 668 1643 723 τοῦ
1670 670 1882 741 χρόνου,

310 756 437 810 καθ’
469 758 528 811 ὃν
553 757 705 811 ταῦτ’
723 757 958 824 ἐλέγετο.
1006 758 1348 830 Σαφέστερον
1376 760 1431 812 δὲ
1458 760 1629 815 ταῦτα
1654 762 1747 815 καὶ
1778 764 1883 816 Δα-

311 849 433 920 νιὴλ
479 852 507 901 6
546 849 824 922 προφήτης
860 844 1144 914 Θεσπίζει,
1189 849 1280 903 τὸν
1321 852 1553 921 Χριστὸν
1596 853 1689 906 τοῦ
1726 853 1884 920 Θεοῦ,

322 938 461 992 Υίόν
485 936 793 1004 ἀνθρώπου
820 937 1100 1007 ὀνομάζων
1128 939 1336 1002 λευκῶς
1356 979 1370 999 ,
1399 939 1570 1003 οὕτως
1599 937 1691 995 οὖν
1725 942 1820 996 καὶ
1850 944 1884 1013 ἡ

312 1031 421 1084 τῶν
451 1029 603 1100 ίερῶν
618 1027 965 1099 Εὖαγγελίων
986 1030 1174 1083 εἴωθεν
1193 1026 1352 1083 αὑτὸν
1370 1032 1659 1085 ἀποκαλεῖν
1680 1035 1884 1105 γραφή.

314 1122 474 1189 Λέγει
496 1121 551 1174 δὲ
578 1122 765 1176 τοῦτον
796 1123 886 1175 τὸν
914 1123 1111 1192 τρόπον
1130 1138 1144 1151 ο
1193 1120 1513 1191 Ἐθεώρουν
1542 1125 1612 1177 ἐν
1643 1125 1888 1195 ὁράματι

314 1210 421 1283 τῆς
443 1214 660 1279 νυκτὸς
681 1258 694 1273 ,
736 1213 833 1267 καὶ
857 1213 985 1265 ἰδοὺ
1014 1212 1162 1281 μετὰ
1184 1212 1302 1266 τῶν
1329 1203 1599 1282 νεὲρελῶν
1630 1215 1737 1269 τοῦ
1781 1217 1885 1269 οὐ·

310 1307 516 1375 ρανοῦ,
546 1308 627 1372 ὠς
666 1306 794 1372 Υἱὸς
822 1304 1133 1374 ἀνθρώπου
1167 1306 1487 1374 ἐρχόμενος
1511 1302 1589 1376 ἦν
1610 1323 1624 1337 ⁸
1660 1306 1756 1360 καὶ
1777 1307 1887 1373 ἕως

314 1395 419 1449 τοῦ
476 1393 741 1448 Παλαιοῦ
808 1392 925 1445 τῶν·
971 1392 1205 1462 ἡμερῶν
1262 1393 1490 1461 ἔφθασε
1552 1394 1651 1446 καὶ
1698 1409 1885 1463 προσ-

313 1485 539 1555 ηνέχθη
563 1525 577 1547 ,
613 1484 711 1538 καὶ
734 1485 894 1551 αὐτῷ
916 1484 1094 1551 ἐδόθη
1125 1486 1165 1553 ιι)
1197 1484 1375 1554 ἀρχὴ,
1406 1484 1504 1538 καὶ
1532 1486 1572 1554 ἡ
1599 1486 1759 1555 τιμὴ,
1788 1486 1887 1540 καὶ

312 1576 354 1645 ἠ
383 1576 675 1642 ,ϐασιλεία
698 1593 711 1606 ο
743 1576 841 1628 καὶ
874 1575 1095 1641 πάντες
1118 1580 1168 1629 οἱ
1194 1576 1351 1639 λαοὶ,
1377 1576 1586 1645 φυλαί,
1616 1576 1889 1646 γλῶσσαι

314 1667 477 1733 αὐτῷ
507 1666 967 1721 δουλεύσουσιν.
1011 1666 1082 1720 Ἡ
1119 1667 1369 1731 ἐξουσία
1412 1667 1599 1722 αὐτοῦ
1635 1668 1888 1733 ἐξουσία

1986 499 2133 551 pora.
2158 485 2367 539 Clarius
2394 486 2508 539 btet:
2534 486 2646 553 ipsa
2674 482 3002 536 vaticinatur
3031 480 3236 541 Daniel.
3261 480 3350 534 ubi
3382 478 3541 532 Chri-

1985 586 2124 629 stum
2148 576 2380 645 appellat
2413 574 2609 628 Filium
2639 574 2878 637 hominis,
2917 586 3023 641 quo
3050 571 3265 627 nomine
3293 570 3545 638 frequen-

1984 678 2067 722 ter
2093 668 2145 721 in
2174 667 2476 735 Evangeliis
2506 677 2816 736 usurpatur.
2848 666 2938 719 Ait
2961 672 3140 719 autem
3172 678 3187 716 :
3214 661 3543 730 Aspiciebam
3601 685 3621 733 ινΔ

1982 760 2039 812 in
2070 759 2259 815 uisione
2292 760 2478 822 noctis,
2513 769 2560 812 et
2585 775 2701 813 ecce
2720 774 2836 811 cum
2861 757 3078 809 nubibus
3108 754 3218 808 caeli
3259 755 3410 821 quasi
3451 749 3544 804 Fi-

1984 852 2086 905 lius
2118 852 2338 906 hominis
2371 852 2636 916 veniebat;
2658 862 2704 904 et
2736 865 2896 919 usque
2924 848 2992 902 ad
3029 848 3307 916 Antiquum
3339 847 3542 898 dierum

1984 946 2208 1013 pervenit
2272 954 2318 996 et
2345 944 2398 995 in
2422 953 2694 1007 conspectu
2721 942 2833 1010 ejus
2875 939 3166 993 obtulerunt
3191 953 3341 1001 eum;
3380 946 3426 988 et
3452 936 3543 987 de-

1985 1033 2062 1083 dit
2105 1031 2153 1084 ei
2206 1040 2527 1099 potestatem,
2563 1040 2610 1082 et
2638 1030 2885 1082 honorem
2931 1038 2979 1081 et.
3025 1043 3258 1095 regnum.
3290 1034 3338 1077 et
3367 1038 3539 1077 omnes

1984 1121 2180 1190 populi,
2226 1121 2395 1174 tribus
2426 1132 2471 1173 et
2515 1120 2704 1191 lingua:
2735 1120 2833 1188 ipsi
2857 1119 3096 1172 servient.
3133 1114 3370 1169 Potestas
3404 1112 3538 1183 ejus,

1986 1225 2211 1281 potestas
2240 1224 2453 1273 a’terna.
2486 1230 2604 1282 quae
2635 1228 2738 1265 non
2762 1212 3049 1280 auferetur,
3093 1220 3139 1264 et
3173 1226 3383 1279 regnum
3422 1207 3541 1277 ejus

1985 1307 2126 1375 quod
2154 1321 2256 1358 non
2289 1303 2729 1371 corrumpetur".
2769 1301 2926 1355 Vides
2959 1309 3016 1354 ut
3042 1301 3093 1353 in
3126 1300 3241 1354 istis
3295 1301 3541 1353 incorru-

1986 1397 2169 1466 ptibile
2192 1411 2296 1451 non
2319 1410 2624 1459 senescens,
2648 1394 2764 1449 sine
2793 1394 2897 1447 ﬁne
2920 1392 3153 1447 futurum
3175 1391 3291 1459 eius
3319 1406 3540 1459 regnum

1987 1491 2243 1558 propheta
2299 1488 2535 1543 declaret
2582 1505 2595 1540 :
2647 1502 2751 1540 non
2793 1486 3008 1554 quidem
3049 1484 3208 1540 Verbi
3259 1482 3353 1537 Dei
3403 1483 3543 1537 illius

1987 1580 2126 1650 quod
2156 1581 2208 1634 in
2237 1580 2341 1633 Deo
2363 1579 2525 1645 inest,
2551 1578 2644 1633 sed
2672 1576 2802 1630 Filii
2828 1578 3069 1631 hominis.
3098 1576 3265 1642 Quem
3296 1576 3544 1630 eumdem

1991 1673 2222 1726 hominis
2250 1670 2441 1725 Filium
2494 1670 2655 1725 alium
2706 1677 2763 1723 et
2798 1668 3067 1725 diversum
3116 1681 3235 1722 esse
3272 1667 3427 1722 docet
3475 1668 3545 1720 ah

314 1758 573 1824 αἰώνιος,
616 1758 748 1825 ἥτις
790 1760 861 1811 οὺ
894 1759 1357 1827 παρελεύσεταν
1404 1758 1503 1812 καὶ
1530 1760 1569 1827 ι)
1600 1759 1884 1824 βασιλεία

1987 1764 2217 1833 Antiquo
2261 1766 2491 1830 dierum,
2535 1764 2628 1832 qui
2676 1778 2902 1833 regnum
2945 1762 3143 1832 accipit
3184 1770 3440 1815 aeternum
3473 1760 3545 1814 ab

317 1848 503 1902 αὐτοῦ
527 1851 597 1903 οὐ
622 1847 1084 1918 διαφθαρήσεται
1104 1838 1130 1903 .’
1169 1849 1406 1920 Συνορᾶς
1437 1849 1514 1913 ὡς
1552 1850 1645 1902 καὶ
1670 1851 1727 1903 ὲν
1765 1851 1886 1904 τού-

316 1954 431 2000 τοις
459 1936 729 2008 ἄφθαρτον
777 1938 871 1991 καὶ
913 1939 1101 2011 ἀγήρω
1148 1940 1241 1993 καὶ
1287 1939 1641 2011 ἀτελεύτητον
1683 1942 1744 1994 οὐ
1790 1943 1883 1997 τοῦ

320 2029 494 2096 Λόγου
537 2029 629 2082 τοῦ
663 2031 720 2082 ὲν
753 2027 828 2099 τῷ
856 2027 975 2099 Θεῷ
1005 2028 1100 2100 τὴν
1145 2028 1417 2099 βασιλείαν
1459 2028 1709 2095 ἔσεσθαι,
1748 2031 1884 2086 ἀλλὰ

318 2120 413 2172 τοῦ
440 2118 567 2172 Υἱοῦ
618 2119 709 2173 τοῦ
759 2118 1067 2191 ἀνθρώπου,
1122 2121 1443 2192 παρίστησιν
1490 2123 1519 2174 6
1567 2123 1879 2194 προφήτης·

317 2212 502 2284 ἔτερόν
530 2230 587 2265 τε
619 2212 768 2283 παρὰ
793 2212 885 2265 τὸν
915 2213 1146 2267 Παλαιὸν
1184 2213 1293 2267 τῶν
1332 2214 1554 2286 ἡμερῶν
1593 2215 1777 2285 σαφῶς
1808 2217 1885 2270 δι-

312 2302 501 2355 δάσκει
526 2304 616 2356 τὸν
638 2304 765 2357 Υἱὸν
796 2299 934 2358 εἶναι
960 2304 1054 2357 τοῦ
1086 2303 1371 2374 ἀνθρώπου
1414 2304 1505 2358 τὸν
1545 2306 1643 2377 τὴν
1671 2306 1883 2380 ἄφθαρ-

315 2411 405 2447 τον
440 2394 713 2465 βασιλείαν
747 2396 899 2467 παρὰ
921 2396 1017 2449 τοῦ
1041 2395 1278 2450 Παλαιοῦ
1304 2396 1412 2450 τῶν
1436 2399 1655 2469 ἡμερῶν
1684 2400 1883 2472 δηλαδὴ

315 2485 467 2556 παρὰ
503 2486 595 2539 τοῦ
635 2486 798 2540 αὐτοῦ
831 2487 1041 2560 Πατρὸς
1080 2487 1494 2558 ὑποδεξάμενον.
1546 2491 1705 2545 Ἀλλὰ
1732 2493 1884 2564 Μάρ-

314 2576 501 2640 κελλος
531 2577 625 2630 ἕνα
660 2578 751 2631 καὶ
793 2578 883 2632 τὸν
925 2578 1089 2633 αὐτὸν
1132 2575 1271 2634 εἶναι
1317 2582 1555 2653 ὁρίζεται
1603 2584 1695 2636 καὶ⁴
1754 2583 1883 2653 μίαν

316 2666 610 2720 ὑπόστασιν
667 2668 819 2721 δυσὶν
876 2669 1136 2740 ὀνόμασιν
1184 2670 1578 2743 ὑποκειμένηνο
1639 2673 1718 2726 ἔτι
1778 2675 1884 2745 μὴν

317 2756 413 2809 καὶ
442 2755 540 2827 τὴν
578 2756 852 2826 βασιλείαν
890 2761 1053 2814 αὑτοῦ
1086 2763 1444 2833 περιγράφειν
1473 2764 1643 2835 τολμᾷ
1676 2766 1767 2818 καὶ
1794 2765 1881 2817 τέ-

310 2848 409 2931 γλος
445 2848 663 2903 ἔσεσθαι
705 2851 804 2921 τῆς
841 2853 1074 2923 Χριστοῦ
1121 2854 1395 2924 βασιλείας
1437 2856 1666 2920 ἀναιδῶς
1713 2856 1885 2920 οὕτως

320 2940 676 3011 ἀποφαίνεται
721 2944 855 3014 μετὰ
896 2944 984 2997 τὸν
1035 2946 1133 3015 τῆς
1184 2948 1415 3018 κρίσεως
1447 2948 1657 3020 καιρὸν,
1697 2949 1883 3003 τοῦτον

314 3033 549 3111 ἰγράφων
610 3034 698 3086 τὸν
739 3035 971 3106 τρόπον-
1019 3056 1037 3087 ι
1087 3037 1356 3104 Μέγιστον
1414 3038 1541 3108 ἡμῖν
1590 3041 1881 3111 μυστήριον

312 3098 347 3197 ξι
366 3098 606 3177 ..ἐνταῦθα
631 3126 659 3176 ὁ
698 3098 1012 3189 Ἀπόστολος
1040 3098 1405 3181 ἀνακαλύπτει
1424 3098 1561 3197 (55),
1580 3098 1732 3192 τέλος
1753 3098 1880 3182 ’ἐσε-

314 3178 349 3265 l.
386 3213 508 3267 σθαι
566 3216 788 3284 φάσκων
835 3217 932 3286 τῆς
974 3178 1884 3290 ipsasanguisuga

326 3323 347 3357 s
382 3306 534 3369 τότε,
580 3307 722 3361 ὅταν
764 3307 957 3362 πάντα
1007 3309 1278 3380 ὑποταγῇ
1329 3310 1447 3365 ὑπὸ
1500 3311 1642 3377 τοὺς
1696 3308 1883 3375 πόδας

324 3414 346 3448 α
386 3397 587 3452 αὐτοῦ.
613 3418 632 3451 ι
672 3400 780 3453 Καὶ
828 3400 1252 3473 ὲπεξεργάζεται
1292 3402 1405 3472 (54)
1452 3402 1543 3455 τὸν
1584 3402 1739 3470 λόγον
1781 3394 1885 3453 ὧδέ

317 3500 395 3557 πη
451 3488 655 3557 λέγων·
712 3510 731 3542 ι
759 3492 1007 3562 Ἔφαμεν
1067 3494 1123 3546 ὲν
1178 3495 1288 3556 τοῖς
1349 3494 1674 3565 προάγουσιν
1727 3492 1887 3565 ἡμῶν

319 3598 340 3629 s
383 3580 583 3650 ῥητοῖς,
641 3581 730 3634 τὸν
781 3583 1054 3653 Δεσπότην
1100 3583 1256 3655 ἡμῶν
1303 3585 1392 3638 τὸν
1439 3586 1669 3658 Χριστὸν
1712 3585 1885 3657 ἀρχὴν

323 3688 343 3721 ‹
381 3670 668 3742 ἐσχηκέναι
707 3671 998 3742 βασιλείας,
1046 3677 1110 3728 ὲκ
1142 3676 1253 3728 τῶν
1296 3675 1452 3730 θείων
1488 3678 1717 3748 Γραῴν
1745 3680 1883 3733 ἀπο·-

324 3780 344 3813 ‹
379 3762 573 3829 δείξεσι
599 3762 891 3835 χρώμενοι.
934 3765 1043 3818 Καὶ
1078 3765 1340 3835 ἐπιλέγει,
1386 3768 1482 3821 καλ⁹
1511 3768 1645 3832 ὅλως
1674 3770 1887 3840 μυρίων

321 3870 341 3903 ι
379 3853 556 3924 ῥητῶν
586 3854 723 3924 πρὸς
754 3854 1053 3925 μαρτυρίαν
1098 3857 1243 3909 ἐστὶν
1290 3856 1662 3929 εὐπορήσαντα
1692 3859 1885 3926 δεῖξαι,

321 3964 341 3996 ι
375 3946 456 3999 ὃτι
481 3947 654 4018 ἀρχὴν
683 3946 795 4017 (55)
832 3946 1101 4017 βασιλείας
1139 3948 1359 4019 εἴληφεν
1408 3950 1437 4000 ὁ
1477 3950 1759 4020 ἄνθρωπος
1796 3951 1883 4005 διὰ

322 4058 342 4089 ι
379 4038 471 4092 τοῦ
499 4040 693 4107 Λόγου.
745 4041 805 4093 Ei
846 4037 937 4094 οὖν
987 4040 1206 4113 εἴληφεν
1252 4042 1423 4113 ἀρχὴν
1472 4042 1741 4112 βασιλείας
1779 4045 1885 4116 πρὸ

321 4144 342 4176 ι
379 4124 514 4179 ἑτῶν
537 4126 670 4180 ὅλων
698 4127 756 4179 οὐ
782 4128 1042 4181 πλειόνων
1066 4129 1098 4198 ἣ
1128 4132 1513 4201 τετρακοσίων,
1535 4132 1685 4185 οὐδὲν
1714 4134 1887 4204 παρά-

322 4235 341 4267 (
374 4215 541 4281 δοξον,
563 4221 612 4271 εἰ
630 4220 721 4272 τὸν
737 4222 841 4293 πρὸ
862 4222 1034 4285 οὕτως
1056 4222 1236 4288 ὀλίγου
1258 4222 1447 4293 χρόνου
1473 4223 1569 4293 τῆς
1612 4223 1884 4293 βασιλείας

320 4330 342 4363 ι
372 4313 573 4384 ταύτης
598 4316 827 4385 τυχόντα
855 4317 1210 4379 όἈπόστολός
1237 4334 1371 4388 φησι
1408 4294 1746 4386 παραδώσειν
1788 4318 1883 4389 τὴν

1986 1855 2222 1925 Antiquo
2241 1856 2468 1920 dierum,
2497 1856 2599 1911 hoc
2620 1863 2702 1910 est
2730 1858 2799 1910 ab
2825 1856 2992 1926 ipsius
3020 1854 3178 1908 Patre
3206 1870 3221 1907 :
3248 1851 3342 1907 sed
3380 1850 3546 1905 hosce

1985 1961 2147 1999 unum
2200 1955 2255 1999 et
2305 1952 2549 1999 eumdem
2604 1959 2726 2001 esse
2762 1944 3046 2000 Marcellus
3080 1945 3254 2008 docet,
3275 1955 3546 2009 unamque

1983 2037 2334 2091 substantiam
2368 2036 2574 2091 duobus
2625 2035 2930 2090 nominibus
2967 2035 3297 2105 insignitam.
3340 2030 3444 2086 Sed
3488 2040 3546 2085 et

1985 2141 2208 2197 regnum
2243 2129 2408 2195 ipsius
2436 2127 2861 2196 circumscripsit
2898 2127 3187 2181 audaxzet
3224 2124 3364 2193 quod
3396 2122 3547 2190 regni

1982 2218 2182 2274 Christi
2237 2220 2361 2274 ﬁnis
2400 2221 2474 2274 sit
2510 2219 2722 2274 futurus
2760 2227 2880 2287 post
2904 2217 3096 2288 judicii
3137 2227 3395 2285 tempora.
3430 2215 3546 2269 sine

1982 2312 2124 2366 omni
2144 2313 2485 2376 verecundia,
2510 2310 2583 2365 ita
2613 2310 2801 2366 scribit
2831 2325 2845 2362 :
2885 2328 2903 2362 ι
2940 2308 3228 2364 Maximum
3251 2305 3405 2363 nobis
3431 2317 3545 2375 my-

1988 2421 2009 2455 ‹
2046 2403 2267 2457 sterium
2300 2404 2387 2458 hic
2414 2402 2616 2458 revelat
2641 2401 2954 2471 Apostolus,
2990 2416 3113 2456 cum
3148 2400 3289 2469 quod
3322 2412 3545 2468 regnum

1988 2511 2009 2545 ι
2041 2495 2239 2551 Christi
2270 2495 2339 2549 sit
2377 2494 2705 2559 habiturum,
2743 2495 2902 2548 ﬁnem
2954 2492 3170 2555 indicet,
3220 2491 3379 2543 ﬁnem
3416 2503 3545 2543 vero

1988 2604 2007 2639 ι
2044 2594 2177 2648 tum,
2241 2601 2355 2640 cum
2418 2584 2652 2653 subjecta
2703 2582 2899 2652 fuerint
2958 2581 3129 2636 omnia
3186 2580 3279 2631 sub
3330 2577 3543 2645 pedibus

1989 2697 2009 2731 ‹
2042 2678 2230 2749 ejus”.
2272 2698 2291 2730 ι
2329 2677 2498 2744 Quem
2531 2690 2833 2730 sermonem
2862 2674 2928 2728 ad
2953 2674 3098 2728 hunc
3122 2671 3335 2735 modum
3366 2669 3545 2725 adhuc

1982 2777 2272 2839 exaggerat
2303 2789 2315 2823 :
2360 2786 2380 2819 ι
2416 2766 2657 2821 Diximus
2699 2766 2750 2820 in
2782 2763 3225 2835 praecedentibus,
3258 2759 3543 2816 Dominum

1987 2880 2007 2913 ι
2041 2870 2282 2916 nostrum
2311 2859 2579 2915 Christum
2607 2858 2754 2927 regni
2783 2857 2865 2911 sui
2895 2856 3101 2911 initium
3131 2853 3379 2909 habuisse
3412 2868 3428 2907 :
3460 2850 3541 2903 usi

1988 2965 2007 2999 ‹
2042 2962 2225 3002 smnus
2271 2948 2338 3002 ad
2386 2948 2489 3003 hoc
2539 2947 2712 3015 ipsum
2779 2945 3161 3001 declarandum
3227 2943 3545 2998 testimoniis

1988 3055 2007 3089 ι
2046 3037 2701 3107 δτι-ἰριυτοτυιη.»Αι1όίιε
2727 3055 2746 3089 ι
2770 3036 2927 3093 Certe
2943 3044 3233 3106 suppetunt
3262 3035 3545 3088 innumera

1991 3147 2011 3181 ι
2049 3130 2224 3195 nobis,
2279 3140 2333 3185 et
2387 3131 2604 3200 quidem
2652 3130 3009 3193 abundanter,
3044 3126 3345 3183 testimonia
3401 3127 3545 3193 quod

1990 3240 2010 3274 ε
2045 3223 2267 3277 sortitus
2292 3222 2362 3276 sit
2404 3223 2553 3292 regni
2588 3223 2667 3277 sui
2703 3221 3018 3291 principium
3067 3220 3225 3273 homo
3268 3231 3362 3285 per
3410 3215 3545 3269 Ver-

1989 3330 2009 3361 ι
2045 3312 2189 3365 bum.
2228 3317 2286 3374 iis
2321 3311 2378 3365 Si
2408 3327 2535 3366 vero
2565 3311 2791 3380 sumpsit
2833 3313 2934 3365 hoc
2975 3308 3186 3363 initium
3218 3316 3341 3361 ante
3375 3320 3545 3360 annos

1989 3421 2009 3454 ι
2045 3419 2149 3457 non
2168 3402 2348 3470 plures
2367 3417 2527 3470 quam
2550 3416 2695 3464 cccc,
2725 3402 2852 3471 quid
2873 3401 3065 3453 mirum
3085 3400 3128 3453 si
3152 3398 3437 3467 Apostolus
3454 3413 3545 3452 re-

1988 3514 2010 3550 (
2042 3495 2246 3559 tuleﬁt,
2279 3494 2422 3547 illum
2452 3494 2541 3564 qui
2578 3505 2702 3548 ante
2729 3504 2940 3560 tempus
2966 3506 3068 3545 non
3102 3501 3207 3543 tam
3233 3490 3545 3543 diuturnum

1989 3608 2007 3639 ‹
2045 3588 2249 3657 accepit
2286 3601 2507 3658 regnum
2554 3600 2730 3649 suum,
2777 3585 2915 3638 idem
2950 3596 3170 3651 regnum
3222 3580 3542 3634 traditurum

1988 3699 2007 3731 ι
2041 3680 2185 3734 Patri
2204 3678 2361 3733 suo?»
2385 3680 2508 3734 Post
2525 3676 2789 3747 paucas'u:
2815 3674 3010 3729 infert:
3036 3671 3200 3739 «Quid
3218 3686 3345 3738 ergo
3363 3673 3429 3725 de
3452 3673 3547 3724 ltu-

1988 3790 2007 3823 ι
2046 3787 2198 3825 mana
2230 3772 2314 3825 illa
2349 3786 2513 3826 carne
2543 3770 2852 3830 edocemur,
2887 3782 3047 3836 quam
3089 3777 3184 3834 pro
3228 3762 3379 3816 nobis
3419 3771 3546 3815 ante

1986 3884 2008 3917 s
2044 3880 2210 3918 annos
2235 3865 2324 3919 vix
2346 3879 2471 3919 cccc
2499 3863 2734 3931 integros
2758 3859 3044 3928 assumpsit
3068 3857 3337 3912 Verbum?
3364 3862 3543 3911 utrum

1990 3973 2008 4006 ι
2050 3966 2382 4010 retenturum
2413 3957 2484 4009 sit
2516 3946 2749 4008 Verbum
2789 3954 3030 4007 eamdem
3087 3952 3140 4004 in
3169 3948 3349 4003 futuro
3376 3961 3545 4002 stecu-

1988 4065 2007 4096 ί
2050 4047 2121 4111 lo,
2176 4062 2242 4100 an
2275 4046 2608 4101 solummodo
2649 4046 2714 4098 ad
2757 4043 2943 4110 judicii
2994 4050 3221 4108 tempus.
3263 4058 3283 4090 ›
3326 4038 3392 4092 Et
3431 4039 3545 4092 haec

1984 4138 2198 4207 quidem
2216 4152 2395 4192 'ausus
2412 4149 2494 4191 est
2522 4134 2802 4191 Marcellus
2828 4133 3000 4189 eﬂ'ari.
3026 4134 3095 4186 At
3125 4132 3212 4186 Dei
3247 4130 3542 4199 prophetae,

1986 4242 2208 4298 regnum
2234 4228 2433 4282 Christi
2461 4227 2695 4279 futurum
2727 4222 3123 4278 interminabile
3156 4220 3418 4273 deﬁniunt
3445 4234 3461 4273 ι
3489 4230 3545 4272 et

1986 4338 2014 4373 a
2046 4334 2183 4374 novo
2221 4318 2483 4386 principio
2527 4316 2935 4380 exordiendum,
2991 4322 3109 4383 post
3158 4314 3300 4366 diem
3356 4311 3543 4380 judicii

322 4423 340 4455 ι
371 4405 639 4474 βασιλείαν
652 4406 729 4477 τῷ
743 4407 876 4477 Θεῷ.
893 4427 910 4457 ι
924 4407 1032 4460 Καὶ
1052 4407 1369 4479 προστίθησι
1388 4408 1503 4477 μεθ’
1518 4409 1603 4460 ’ἐτε
1613 4426 1677 4479 ρα
1691 4410 1881 4477 λέγων·

1990 4416 2091 4467 hoc
2116 4410 2403 4465 afﬁrmant.
2428 4409 2561 4463 Nota
2589 4411 2731 4463 enim
2769 4409 2896 4463 mihi
2933 4418 2990 4461 ut
3013 4408 3269 4477 propheta
3300 4404 3546 4459 Ezechiel

322 4514 341 4545 ‹
378 4496 441 4547 Τί
471 4498 646 4551 τοίνυν
680 4498 790 4565 (56)
828 4498 1164 4568 μανθάνομεν
1222 4499 1350 4569 περὶ
1393 4499 1490 4569 τῆς
1539 4499 1884 4573 ἀνθρωπίνης

1986 4503 2272 4557 discrimen
2323 4509 2585 4569 supponat
2621 4501 2800 4553 Ovium
2851 4498 2941 4553 Dei
2972 4535 2989 4560 .
3033 4507 3088 4552 et
3140 4506 3256 4565 post
3286 4495 3544 4564 judicium

320 4606 339 4639 ι
377 4590 596 4659 σαρκὸς,
624 4590 687 4660 ἣν
717 4590 783 4643 δι’
816 4592 960 4660 ἡμᾶς
990 4590 1206 4660 εἴληφεν
1228 4594 1256 4643 6
1280 4590 1467 4658 Λόγος,
1502 4590 1607 4661 πρὸ
1630 4608 1884 4663 τετρακο-

1990 4595 2151 4648 David
2184 4595 2249 4648 iis
2282 4606 2553 4661 pastorem
2576 4591 2852 4660 praeﬁciat,
2893 4606 3053 4659 quem
3078 4599 3128 4643 el
3161 4590 3454 4658 principem
3484 4584 3546 4637 il-

318 4698 338 4728 (
376 4681 505 4733 σίων
541 4683 639 4751 οὐχ
670 4683 805 4735 ὅλων
840 4681 1010 4745 ὲτῶνς
1047 4683 1280 4754 Πότερόν
1320 4701 1449 4737 ποτε
1482 4684 1684 4755 ταύτην
1712 4685 1804 4738 καὶ
1829 4687 1884 4738 ἐν

1988 4688 2159 4741 lorum
2194 4687 2428 4739 futurum
2474 4686 2817 4740 vaticinatur.
2854 4682 3035 4737 Daniel
3077 4692 3252 4735 autem
3283 4679 3368 4732 ubi
3405 4690 3542 4746 pra:-

318 4792 339 4823 ι
370 4775 479 4837 τοῖς
512 4774 790 4843 μέλλουσιν
843 4773 1031 4827 αἰῶσιν
1059 4777 1087 4828 6
1115 4776 1283 4842 Λόγος
1316 4776 1460 4842 ἕξεις
1502 4777 1536 4847 ἢ
1565 4777 1690 4849 ἄχρι
1727 4780 1884 4848 μόνου

1989 4782 2212 4834 miserat
2241 4798 2254 4832 :
2286 4779 2621 4832 Consideravi
2657 4788 2829 4831 autem
2874 4777 3035 4829 donec
3061 4776 3231 4827 throni
3254 4783 3545 4825 statueren-

318 4882 339 4914 t
372 4865 466 4917 τοῦ
494 4865 593 4934 τῆς
620 4866 853 4936 κρίσεως
886 4867 1111 4937 καιροῦ;
1141 4888 1157 4918 ι
1196 4866 1510 4937 Μάρκελλος
1538 4868 1635 4937 μὲν
1655 4865 1746 4921 οὖν
1774 4886 1883 4921 τοι.

310 4954 452 5008 αῦτα
496 4956 674 5023 λέγειν
719 4957 955 5027 ἐτόλμα·
1005 4960 1053 5009 οἱ
1087 4957 1144 5010 δέ
1188 4974 1251 5025 γε
1290 4957 1382 5009 τοῦ
1428 4957 1561 5010 Θεοῦ
1608 4959 1882 5028 προφῆται

314 5046 669 5118 ἀτελεύτητον
714 5048 805 5101 τοῦ
838 5047 1071 5120 Χριστοῦ
1118 5049 1217 5119 τὴν
1265 5047 1538 5117 βασιλείαν
1583 5049 1884 5119 ὁριζόμενοι

1987 4879 2099 4933 :ur,
2155 4878 2205 4923 et
2246 4869 2500 4935 Antiquus
2547 4868 2751 4920 dierum
2786 4868 2919 4919 sedit
2958 4881 2976 4918 :
3026 4865 3379 4917 vestimentum
3430 4858 3543 4927 ejus

1984 4963 2263 5016 candidum
2293 4962 2442 5028 quasi
2467 4961 2577 5022 nix,
2606 4970 2652 5011 et
2694 4957 2868 5025 capilli
2894 4957 3073 5024 capitis
3102 4957 3213 5022 ejus
3245 4951 3395 5021 quasi
3421 4950 3543 5002 luna

1984 5055 2178 5106 munda
2212 5069 2229 5106 :
2265 5054 2479 5105 thronus
2504 5052 2616 5118 ejus
2643 5051 2854 5119 ﬂamma
2876 5048 3011 5117 ignis
3042 5060 3062 5098 :
3092 5058 3219 5099 rotte
3256 5047 3366 5112 ejus
3404 5044 3537 5110 ignis

317 5138 458 5207 μετὰ
510 5139 598 5191 τὸν
641 5141 739 5211 τῆς
778 5141 1008 5210 κρίσεως
1044 5142 1233 5211 καιρὸν
1273 5140 1366 5193 τοῦ
1414 5140 1533 5193 νέου
1566 5140 1757 5201 αἰῶνος
1787 5143 1883 5213 τὴν

314 5228 490 5299 ἀρχὴν
523 5229 632 5299 (57)
663 5229 909 5294 καθέξειν
936 5231 1095 5284 αὐτόν
1122 5248 1271 5300 φασι.
1308 5231 1414 5283 Θέα
1446 5231 1554 5303 γὰρ
1584 5233 1613 5284 6
1642 5231 1718 5295 ὡς
1746 5251 1882 5303 προ-

1984 5161 2251 5198 accensus.
2279 5144 2495 5199 Flavius
2518 5147 2651 5214 ignis
2682 5144 2989 5211 rapidusque
3007 5138 3363 5208 egrediebatur
3394 5154 3425 5187 a
3456 5136 3539 5201 fa-

1983 5237 2058 5291 cie
2090 5238 2202 5299 eius
2233 5253 2250 5289 :
2282 5238 2449 5291 millia
2498 5239 2718 5290 millium
2763 5234 3126 5286 ministrabant
3169 5229 3238 5293 ei,
3290 5238 3336 5281 et
3371 5227 3539 5281 decies

392 5373 453 5430 »Β
485 5365 794 5431 Ed.Paris.,
822 5384 941 5437 pag.
969 5368 1090 5423 190.
1163 5371 1209 5403 “
1239 5370 1369 5424 Dan.
1422 5386 1517 5435 vn,
1560 5372 1645 5440 15,
1680 5372 1765 5427 M.
1844 5375 1887 5407 ⁹⁰
1920 5374 1939 5428 1
1968 5374 2091 5430 Cor.
2142 5393 2233 5439 xv,
2260 5376 2352 5429 28.

385 5499 500 5569 (55)
533 5500 703 5568 Vulgo
728 5500 1119 5555 ἀποκαλύπτει.

412 5570 501 5642 54)
530 5569 703 5637 Vulgo
725 5570 984 5642 ὑπεξεργ.

536 5642 706 5728 Vulgo
730 5642 872 5728 tipx.“
886 5641 1027 5728 [τῆς]
1060 5643 1182 5711 βας.

388 5711 499 5782 (56)
539 5712 705 5778 Vulgo
740 5711 1110 5782 μανθᾶνωμεν.

2054 5510 2165 5579 (57)
2196 5509 2478 5573 Καθὲξειν
2500 5508 2704 5563 αὑτὸν.
2736 5507 2848 5560 lino
2890 5508 3069 5561 αὐτόν.
3094 5509 3361 5563 Christum
3393 5505 3537 5563 sci'i-

1998 5592 2084 5635 cet
2112 5578 2162 5633 in
2198 5582 2373 5634 futuro
2393 5578 2607 5643 swculo,
2645 5579 2762 5632 novi
2798 5583 2947 5649 regni
2990 5581 3198 5634 initium
3229 5580 3536 5651 auspican-

1988 5667 2128 5707 rttln.
2161 5657 2232 5708 Μ,
