4050 6206
544 313 681 366 1039

1212 309 1475 366 EUSEBII
1515 309 1988 366 CASSARIENSIS
2027 308 2176 366 ΟΡΡ.
2223 310 2404 364 PARS
2441 307 2528 365 IV.
2570 341 2638 351 —
2678 306 3094 366 DOGMATICA.

3643 309 3778 366 Ιῧω

538 431 728 484 millies
761 441 975 483 centena
1000 427 1166 481 millia
1208 429 1519 481 assistebant
1545 429 1624 491 ei;
1644 428 1907 496 judicium
1945 427 2075 481 sedit

2206 428 2377 498 φήτης
2424 426 2683 498 ’Ῑεςεκιὴλ
2731 428 3009 497 κριτήριον
3055 426 3164 477 τῶν
3196 424 3288 478 τοῦ
3316 423 3450 478 Θεοῦ
3493 424 3780 497 προΰόπων

536 537 581 577 et
613 525 728 576 libri
756 524 919 591 aperti
945 530 1062 573 sunt
1086 521 1150 574 ³¹.
1173 520 1319 584 Haec,
1351 521 1590 589 inquam,
1623 521 1711 574 ιιὺί
1743 521 2097 589 praemiserat,

535 615 668 668 vidit
696 615 747 668 in
779 611 1128 680 sequentibus
1174 611 1368 664 Filium
1395 611 1626 664 hominis
1647 611 1947 666 venientem
1977 626 2098 665 cum

535 705 766 758 nubibus
805 703 947 767 catli,
995 711 1050 756 et
1089 717 1258 770 usque
1285 703 1350 755 ad
1378 700 1670 770 Antiquom
1720 700 1929 754 dierum
1968 718 2095 772 pro-

533 795 859 862 gredientem
900 812 912 846 :
945 803 1001 848 et
1033 809 1252 864 regnum
1287 792 1692 860 incorruptibile
1721 793 2092 860 accipientem.

533 883 794 949 Quocirca
831 883 1142 939 difl‘erenter
1171 883 1257 936 ille
1294 892 1426 945 tum,
1469 891 1524 936 et
1553 883 1722 935 multo
1761 883 1977 952 quidem
2005 899 2098 936 ex-

532 975 812 1028 ('ellenlius
839 989 1059 1043 regnum
1083 984 1399 1044 accepturus
1433 983 1536 1038 est,
1581 989 1741 1042 quam
1783 989 1923 1028 nunc
1952 975 2095 1028 obti-

531 1074 620 1116 net
652 1083 665 1116 :
707 1080 827 1117 nam
851 1066 902 1119 in
928 1065 1044 1119 illos
1075 1065 1358 1133 imperiunm
1385 1074 1768 1134 consequetur,
1791 1066 1881 1133 qui
1921 1065 2092 1121 felici-

532 1167 641 1208 tate
673 1156 760 1209 illa
791 1155 1213 1210 honorabuntur.
1247 1154 1631 1210 Testimonium
1664 1155 1810 1210 hisce
1847 1155 2094 1224 perhibet

528 1246 897 1314 Evangelium,
953 1247 1039 1300 ubi
1072 1247 1297 1314 ipsemet
1326 1244 1581 1299 Servator
1630 1246 1971 1314 propheticas
1994 1246 2092 1301 bas

527 1339 902 1406 praedictiones
923 1338 1224 1406 consignnt,
1249 1336 1337 1390 ubi
1369 1351 1668 1390 sermonem
1693 1337 1829 1406 apud
1859 1338 2093 1406 discipu-

526 1429 609 1483 los
643 1428 821 1488 hubet,
861 1428 926 1482 de
960 1428 1066 1481 line
1114 1428 1430 1481 saeculorum
1459 1443 1474 1480 :
1501 1426 1631 1480 Cum
1678 1437 1852 1480 autem
1897 1428 2092 1482 venerit

532 1518 702 1572 Filius
734 1520 956 1572 hominis
987 1521 1038 1571 in
1063 1522 1334 1587 majestate
1354 1535 1471 1582 sua,
1496 1527 1543 1571 et
1573 1533 1748 1572 omnes
1781 1518 2091 1587 angelicum

526 1627 605 1674 eo,
633 1620 754 1661 tunc
777 1609 966 1662 sedebit
995 1623 1151 1675 super
1172 1608 1341 1660 sedent
1383 1607 1672 1675 majestatis
1717 1622 1846 1670 sure,
1896 1615 1944 1660 et
1973 1622 2093 1659 con-

524 1703 872 1771 gregabuntur
897 1711 1016 1754 ante
1034 1717 1150 1753 eum
1182 1715 1358 1752 omnes
1395 1709 1590 1767 gentes,
1630 1705 1680 1751 et
1709 1697 1973 1764 separabit
2003 1713 2088 1750 eos

2200 517 2532 588 ὑποθέμενος
2582 515 2719 588 μετὰ
2765 517 2862 588 τὴν
2898 517 3102 569 τούτων
3148 515 3326 586 κρίσιν
3355 514 3446 567 τὸν
3475 515 3637 568 Δαϐὶδ
3684 517 3777 570 αὑ-

2196 613 2308 672 τοῖς
2342 610 2592 680 ὲφίστησι
2641 608 2890 680 ποιμένα,
2931 608 3025 662 καὶ
3067 603 3156 660 τὸν
3205 607 3363 660 αὐτὸν
3405 608 3639 677 ἄρχοντα
3681 608 3777 662 αὐ-

2195 699 2301 752 τῶν
2331 699 2548 753 ἔσεσθαι
2581 697 2844 762 Θεσπίζει.
2887 696 2947 752 Ὀ
2976 699 3031 751 δὲ
3054 698 3247 770 Δανιὴλ
3274 696 3572 767 προειπὼν,
3615 699 3771 753 Ἐθε-

2195 790 2388 857 ώρουν
2441 791 2551 856 ἕως
2609 789 2748 844 ὅτου
2797 791 2993 858 θρόνοι
3035 789 3347 855 ἐτέθησαν,
3393 787 3502 857 (58)
3537 790 3635 842 καὶ
3658 792 3772 845 Ua-

2193 882 2364 948 λαιὸς
2395 881 2631 950 ήμερῶν
2661 881 2933 947 ἐκάθητο,
2983 882 3080 933 καὶ
3120 880 3186 933 τό
3235 880 3464 948 ἔνδυμα
3506 881 3616 950 (59)
3662 883 3767 935 οὐδ

2193 971 2301 1024 τοῦ
2345 972 2566 1026 λευκὸν
2606 974 2686 1038 ὠς
2730 972 2896 1040 χιὼν,
2945 972 3042 1024 καὶ
3096 973 3133 1038 ή
3176 971 3310 1039 θρὶξ
3351 971 3457 1039 τῆς
3496 972 3768 1040 κεφαλῆς

2192 1062 2378 1115 αὑτοῦ
2415 1061 2557 1115 ὡσεὶ
2599 1061 2762 1129 ἔριον
2799 1059 3076 1128 καθαρὸν.
3131 1063 3162 1113 ό
3204 1062 3411 1128 θρόνος
3438 1061 3624 1114 αὐτοῦ
3651 1061 3766 1131 (40)

2191 1151 2350 1220 φλὸξ
2376 1150 2584 1219 πυρὸς,
2611 1153 2665 1204 οὶ
2687 1150 3085 1220 τροχοίαῠτοῦ
3106 1151 3223 1218 πῦρ
3242 1151 3768 1220 φλέγον,ποτίτμὸς

2193 1244 2380 1313 πυρὸς
2404 1240 2605 1298 εἷλκεν
2651 1245 2987 1314 ἔμπροσθεν
3013 1244 3220 1305 αὐτοῦ.
3269 1246 3452 1313 χίλιαι
3498 1244 3766 1311 χιλιάδες

2189 1336 2612 1403 ἐλειτούργουν
2641 1319 2819 1398 αὐτῷ,
2870 1335 2969 1387 καὶ
3010 1334 3214 1402 μύριαι
3249 1334 3528 1402 μυριάδες
3560 1349 3765 1401 παρει-

2190 1426 2527 1496 στήκεισαν
2558 1427 2895 1494 ἔμπροσθεν
2927 1424 3132 1489 αὐτοῦ,
3179 1425 3481 1494 κριτήριον
3515 1424 3759 1486 ἐκάθιζε,

2190 1519 2288 1574 καὶ
2333 1519 2546 1582 βίϐλοι
2593 1516 3003 1586 ἠνεῴχθησαν.
3059 1515 3246 1569 Ταῦτα
3296 1517 3758 1588 προθεασὰμενος,

2190 1610 2317 1681 ἑξῆς
2343 1609 2434 1662 τὸν
2460 1609 2587 1662 Υίὸν
2621 1608 2713 1661 τοῦ
2748 1606 3034 1679 ἀνθρώπου
3058 1607 3251 1679 Θεωρεϊ
3273 1609 3366 1660 ἐπὶ
3390 1607 3496 1660 τῶν
3525 1609 3762 1676 νεφελῶν

2189 1702 2282 1754 τοῦ
2308 1699 2537 1772 οὐρανοῦ
2568 1699 2860 1772 προσιόντα
2889 1699 2965 1770 τῷ
2989 1698 3208 1769 Παλαιῷ
3247 1699 3355 1752 τῶν
3392 1700 3632 1771 ἡμερῶν,
3665 1702 3757 1754 καὶ

524 1791 586 1841 ab
627 1791 860 1851 invicem,
904 1792 1034 1842 sicut
1084 1799 1261 1853 pastor
1301 1795 1534 1856 segregat
1567 1802 1681 1838 oves
1711 1786 1775 1838 ab
1805 1787 1990 1850 haedis,
2036 1795 2080 1840 et

2188 1791 2284 1863 τὴν
2315 1792 2588 1863 ἄφθαρτον
2624 1789 2899 1862 βασιλείαν
2945 1789 3352 1860 ὑποδεχόμενον.
3411 1787 3617 1842 Οὐκοῦν
3665 1791 3755 1843 καὶ

523 1894 709 1937 statuet
742 1901 857 1939 oves
885 1884 1090 1952 quidem
1146 1898 1175 1934 a
1221 1880 1418 1933 dextris
1455 1880 1586 1944 suis,
1629 1877 1805 1932 bardos
1841 1887 2012 1930 autem
2051 1893 2083 1930 a

521 1978 769 2030 sinistris.
825 1975 967 2030 Tunc
1016 1976 1145 2027 dicet
1200 1971 1305 2025 Rea:
1355 1971 1437 2024 his
1489 1969 1580 2039 qui
1645 1986 1678 2022 a
1718 1969 1916 2022 dextris
1969 1969 2083 2035 eius

521 2080 691 2132 erunt,
735 2068 934 2132 Venite,
967 2065 1218 2118 benedicti
1254 2063 1435 2116 Patris
1482 2063 1604 2126 mei,
1653 2061 1906 2130 possidete
1935 2077 2086 2126 para-

522 2171 629 2212 tum
659 2158 794 2210 vobis
826 2172 1036 2226 regnum
1085 2171 1117 2206 a
1147 2153 1519 2207 constitutione
1551 2153 1732 2206 mundi
1755 2153 1820 2207 ⁸³.
1851 2158 1910 2216 >11
1947 2151 2081 2206 Nota

519 2251 648 2308 mihi
698 2258 872 2303 autem
928 2263 1088 2318 quam
1132 2245 1451 2316 conspirant
1490 2244 1592 2300 ista
1623 2257 1747 2299 cum
1779 2244 1938 2300 dictis
1957 2244 2082 2314 'per

519 2344 826 2412 proiihetam
852 2342 917 2393 de
945 2340 1131 2393 ovibus
1156 2346 1208 2392 et
1231 2335 1553 2392 discretione
1581 2336 1806 2392 arietum
1827 2375 1845 2400 ,
1879 2343 2079 2406 etqua-

519 2432 638 2487 liter
677 2441 794 2500 post
828 2430 971 2484 illaut
1011 2430 1188 2484 ovium
1225 2428 1601 2483 discretionem
1633 2426 1749 2484 Rex
1789 2427 1873 2481 hic
1914 2427 2082 2480 intro-

516 2524 731 2579 ducitur
765 2522 931 2578 Filius
963 2521 1194 2576 hominis
1231 2538 1245 2574 :
1288 2519 1455 2589 ipsius
1494 2527 1672 2574 autem
1719 2516 1876 2572 Pater
1913 2517 2076 2572 Deus.

515 2614 629 2672 Hoc
660 2613 840 2669 docuit
879 2613 992 2682 ipse
1025 2629 1040 2665 :
1079 2610 1222 2667 Tunc
1260 2612 1392 2665 dicet
1423 2609 1534 2664 Rex
1573 2611 1652 2664 his
1696 2610 1786 2681 qui
1818 2626 1849 2663 a
1883 2609 2078 2664 dextris

514 2707 626 2774 ejus
649 2716 797 2759 erunt
827 2720 846 2758 :
878 2703 1076 2770 Venite,
1123 2703 1376 2756 benedicti
1431 2700 1609 2755 Patris
1654 2700 1774 2766 mei,
1821 2700 2077 2770 possidete

514 2806 753 2863 paratum
780 2794 918 2848 vobis
942 2808 1191 2861 regnum;
1227 2789 1504 2860 analogice
1535 2788 1601 2843 ad
1637 2788 1763 2842 illud
1792 2802 1823 2840 a
1849 2786 2078 2856 prophe-

518 2896 570 2939 ta
596 2888 818 2948 dictum,
850 2884 940 2937 ubi
977 2883 1143 2936 David
1172 2882 1262 2952 qui
1291 2881 1487 2935 dicitur
1521 2889 1705 2949 pastor
1741 2888 1795 2933 et
1827 2879 2077 2947 princeps

515 2975 724 3030 futurus
745 2975 939 3029 dicitur
963 2973 1163 3034 ovium,
1205 2973 1294 3040 qui
1337 2973 1438 3026 sub
1477 2971 1691 3041 auspice
1722 2971 1848 3034 Deo,
1891 2979 2074 3039 pastu-

517 3083 608 3122 rus
661 3077 714 3122 et
746 3068 1044 3120 directurus
1090 3074 1209 3118 erat
1245 3077 1438 3132 pecora
1472 3062 1584 3118 Dei.
1625 3063 1794 3132 Atque
1837 3063 1902 3115 ad
1946 3061 2072 3115 illud

2184 1882 2306 1936 τότε
2330 1882 2694 1954 διαφερόντως
2739 1881 2830 1933 καὶ
2864 1879 3183 1950 κρειττόνως
3229 1879 3262 1950 ἦ
3306 1877 3400 1932 νῦν
3431 1880 3607 1951 ἀρχὴν
3647 1877 3753 1944 ἔξει

2183 1974 2276 2028 τοῦ
2328 1974 2631 2044 βασιλεύειν
2662 1972 2770 2026 τῶν
2816 1971 2914 2042 τῆς
2955 1969 3352 2042 μακαριότητος
3388 1967 3571 2034 ἀξίων.
3625 1969 3755 2022 Τού-

2180 2083 2295 2128 τοις
2327 2067 2592 2138 μαρτυρεῖ
2621 2063 2680 2116 τὸ
2709 2062 3056 2130 Εὑαγγέλιον,
3087 2063 3143 2114 ἐν
3186 2056 3266 2125 οἷς
3299 2061 3460 2124 αὐτὸς
3489 2063 3753 2131 ἐπισφρα-

2180 2157 2392 2225 γίζεται
2429 2159 2458 2210 6
2489 2155 2680 2227 Σωτὴρ
2722 2155 2820 2218 τὰς
2864 2154 2976 2226 (41)
3030 2152 3370 2226 προφητικὰς
3415 2152 3584 2218 λέξεις
3629 2153 3755 2214 τοὺς

2181 2249 2310 2320 περὶ
2353 2247 2661 2312 συντελείας
2693 2247 2884 2315 λόγους
2918 2245 3241 2317 παραδιδοὺς
3272 2247 3384 2307 τοῖς
3426 2244 3615 2298 ἑαυτοῦ
3659 2262 3756 2315 μα-

2179 2337 2388 2408 Θηταϊς,
2419 2339 2485 2395 δι’
2514 2326 2589 2392 ὧν
2621 2337 2770 2392 ταῦτ’
2804 2336 3048 2388 ἐδίδασκε
3076 2335 3267 2404 λέγων·
3306 2335 3488 2387 Ὅταν
3508 2334 3575 2386 δὲ
3604 2334 3751 2403 ἔλθῃ

2177 2432 2213 2482 ὁ
2254 2429 2385 2496 Υἱὸς
2432 2429 2539 2484 τοῦ
2585 2427 2899 2496 ἀνθρώπου
2945 2428 3014 2480 ἐν
3061 2426 3137 2496 τῇ
3191 2427 3341 2498 δόξῃ
3391 2426 3592 2490 αὐτοῦ,
3647 2426 3748 2479 καί

2178 2519 2400 2586 πάντες
2425 2523 2482 2575 οἱ
2509 2520 2750 2590 ἄγγελοι
2784 2522 2910 2590 μετ’
2944 2519 3149 2583 αὐτοῦ,
3193 2523 3325 2574 τότε
3362 2508 3607 2572 καθίσει
3641 2518 3748 2570 ἐπὶ

2177 2615 2394 2682 θρόνου
2421 2612 2605 2682 δόξης
2645 2614 2851 2678 αὑτοῦ,
2890 2615 2984 2668 καὶ
3020 2613 3501 2683 συναχθήσονται
3527 2611 3750 2680 Epipo-

2175 2706 2328 2757 σθεν
2362 2704 2548 2757 αὐτοῦ
2595 2702 2790 2757 πάντα
2827 2703 2898 2757 τὰ
2946 2705 3088 2770 ἔθνη
3111 2719 3125 2733 ⁸
3151 2703 3249 2756 καὶ
3279 2700 3502 2771 ἀροριεῖ
3525 2699 3749 2766 αὐτοὺς

2174 2793 2276 2848 ἀπ’
2309 2793 2617 2860 ἀλλήλων,
2655 2793 2860 2863 ὥσπερ
2906 2797 2937 2847 ό
2977 2793 3201 2862 ποιμὴν
3231 2791 3484 2863 ἀφορίζει
3514 2791 3586 2846 τὰ
3610 2793 3751 2859 πρό-

2179 2885 2325 2938 ϐατα
2349 2885 2468 2939 ἀπὸ
2502 2885 2622 2939 τῶν
2665 2885 2903 2954 ἐρίφων,
2956 2888 3052 2940 καὶ
3099 2886 3313 2953 στήσει
3362 2884 3435 2938 τὰ
3471 2884 3588 2954 μὲν
3619 2886 3749 2953 πρό·

2177 2977 2325 3057 ϐατα
2345 2976 2411 3030 ἐκ
2427 2975 2640 3041 δεξιῶν
2664 2975 2870 3039 αὑτοῦ,
2900 2979 2971 3030 τὰ
3003 2978 3072 3030 δὲ
3102 2979 3300 3047 ἐρίφια
3323 2976 3392 3042 ἐξ
3407 2979 3744 3047 summis"

2173 3067 2309 3119 τότε
2330 3065 2501 3133 ἐρεῐό
2528 3066 2827 3132 ,ϐασιλεὺς
2848 3068 2972 3133 τοῖς
2995 3069 3061 3121 ἐκ
3094 3068 3307 3133 δεξιῶν
3341 3068 3550 3122 αὐτοῦ·
3573 3066 3748 3121 Δεῦτε

514 3172 727 3228 quoque
780 3157 990 3210 animus
1053 3154 1430 3217 advertendus,
1476 3153 1619 3222 quod
1666 3154 1864 3206 dietum
1894 3161 1978 3206 est
2012 3151 2078 3204 ab

2180 3159 2234 3209 οὶ
2271 3157 2662 3226 εὐλογημένοι
2689 3157 2795 3211 τοῦ
2821 3161 3051 3226 Πατρός
3078 3177 3218 3227 μου,
3253 3157 3748 3238 κληρονομήσατε

513 3247 790 3317 Apostolo,
817 3245 946 3300 Cum
1001 3245 1322 3298 evacuaverit
1374 3257 1575 3296 omnem
1627 3244 1976 3312 principatunt
2027 3251 2074 3295 et

515 3355 712 3394 omnem
737 3347 1036 3407 potestatem
1066 3345 1113 3388 et
1135 3336 1370 3389 virtutem
1385 3335 1450 3388 ³³.
1478 3334 1742 3404 Propheta
1765 3350 1975 3404 quoque
1997 3336 2076 3388 in-

514 3431 770 3496 sinuavit,
810 3429 1076 3499 inquiens,
1102 3425 1171 3478 Et
1197 3425 1373 3481 delebo
1407 3424 1573 3479 malas
1604 3425 1794 3479 bestias
1819 3442 1990 3479 omnes
2011 3425 2075 3480 de

511 3522 732 3576 terra”.
770 3519 1020 3587 Quaenam
1068 3519 1264 3574 iuerint
1311 3528 1489 3573 autem
1545 3517 1647 3571 illa:
1701 3516 1907 3582 bestize,
1956 3532 2074 3586 qua:

508 3615 637 3668 olim
678 3613 1014 3668 facessebant
1044 3612 1339 3667 moleStiam
1359 3610 1566 3673 ovibus,
1599 3623 1755 3678 quam
1786 3617 2073 3677 potestates

511 3708 576 3758 :ul
608 3705 910 3774 oppositum
945 3704 1247 3758 constitutae
1278 3719 1293 3756 :
1334 3716 1450 3769 quae
1486 3717 1606 3754 cum
1631 3715 1661 3754 e
1689 3700 1865 3754 medio
1888 3698 2069 3754 subla-

511 3808 577 3850 tze
628 3795 842 3860 fuerint,
891 3808 1080 3848 novum
1117 3792 1243 3847 illud
1292 3800 1451 3862 atque
1492 3791 1745 3844 eximium
1793 3790 2068 3853 saeculum,

510 3885 654 3940 omni
712 3885 993 3954 iniquitate
1039 3890 1348 3953 purgatum,
1403 3879 1600 3951 Regem
1629 3878 1841 3934 habebit
1874 3878 2070 3933 Filium

507 3975 778 4030 hominis:
811 3975 894 4031 vel
941 3975 1100 4044 juxta
1148 3972 1461 4045 prophetica
1493 3972 1772 4027 involucra
1797 3981 2067 4042 pastorem

508 4079 662 4117 suum
693 4075 854 4133 atque
869 4063 1167 4148 principem
1199 4062 1364 4117 David
1394 4079 1408 4115 τ
1434 4070 1490 4115 al.
1513 4061 1679 4116 Deum
1714 4077 1816 4116 non
1851 4063 2064 4124 dicitur,

508 4157 590 4212 vel
617 4166 905 4225 pastorem,
943 4155 1029 4208 vel
1059 4153 1351 4224 principem
1396 4153 1721 4207 habiturum.
1760 4151 1864 4208 Sed
1899 4153 2064 4208 subli-

510 4248 666 4301 miori
694 4247 925 4317 quodam
954 4256 1008 4301 et
1042 4245 1321 4300 illustriori
1353 4259 1514 4313 supra
1547 4252 1839 4313 pastorem,
1869 4245 2067 4315 princi-

507 4353 647 4408 pem,
681 4348 734 4393 et
759 4353 939 4409 regem
968 4351 1148 4399 sensu.
1181 4345 1423 4405 respectu
1463 4337 1528 4390 ad
1559 4337 1792 4392 divinam
1821 4322 2068 4406 ejusma-

503 4431 752 4498 jestatcm
783 4429 987 4490 habito.
1018 4442 1121 4481 non
1149 4426 1338 4480 ovibus
1369 4428 1756 4491 tantummodo,
1800 4443 1983 4482 verum
2011 4443 2065 4483 et

2177 3247 2290 3316 τὴν
2330 3249 2777 3318 ἡτοιμασμένην
2817 3250 2958 3318 ὑμῖν
2991 3251 3317 3314 ,βασιλείαν
3345 3249 3466 3306 ἀπὸ
3501 3253 3743 3305 καταϐο-

2175 3342 2288 3410 λῆς
2307 3346 2554 3414 κόσμου.
2584 3345 2767 3409 ’Ὅπως
2795 3347 2852 3399 δὲ
2878 3346 3046 3398 ταῦτα
3075 3345 3284 3416 συνᾴδει
3310 3348 3424 3408 τοῖς
3447 3347 3503 3401 ὲν
3609 3361 3743 3417 προ-

2175 3437 2374 3507 φητείᾳ
2398 3437 2526 3508 περὶ
2549 3437 2856 3508 προϐάτων,
2888 3439 2982 3490 καὶ
3014 3437 3140 3507 περὶ
3167 3436 3275 3507 (49)
3311 3437 3545 3507 κρίσεως
3576 3435 3737 3507 κριῶν

2172 3524 2500 3595 εἰρημένοις,
2548 3526 2722 3596 τήρει,
2775 3529 2868 3580 καὶ
2917 3529 3063 3591 ὅπως
3108 3527 3359 3597 βασιλεὺς
3572 3527 3656 3598 μὲν
3702 3525 3731 3576 6

2174 3613 2300 3674 Υἱὸς
2337 3611 2430 3666 τοῦ
2463 3612 2749 3684 ἀνθρώπου
2785 3615 2924 3685 μετὰ
2963 3616 3059 3686 τὴν
3094 3614 3201 3668 τῶν
3247 3613 3536 3686 προϐάτων
3567 3612 3732 3686 κρίσιν

2170 3704 2440 3774 εἰσῆκται,
2467 3705 2658 3777 Πατὴρ
2681 3706 2739 3759 δὲ
2767 3707 2928 3760 αὐτοῦ
2965 3709 2993 3761 6
3016 3707 3162 3769 Θεός.
3193 3706 3364 3760 Τοῦτο
3391 3706 3501 3777 γὰρ
3529 3707 3622 3760 καὶ
3641 3705 3738 3759 αὒ-

2169 3793 2260 3859 τὸς
2286 3795 2562 3849 ἐδίδασκεν
2619 3797 2811 3864 εἰπὼν,
2862 3799 2998 3851 Τότε
3051 3798 3172 3866 ἐρεῖ
3215 3801 3247 3851 ό
3287 3797 3588 3863 ,βασιλεὺς
3619 3795 3739 3861 τοῖς

2164 3886 2236 3939 -ἐκ
2273 3885 2487 3950 δεξιῶν
2514 3890 2719 3952 αὑτοῦ,
2761 3889 2938 3942 Δεῦτε
2966 3893 3018 3942 οἱ
3059 3891 3453 3958 εὐλογημένοι
3485 3890 3592 3942 τοῦ
3624 3891 3741 3942 Πα-

2167 3979 2304 4045 τρός
2327 3997 2467 4048 μου,
2513 3981 2785 4048 ἀναλόγως
2831 3981 2908 4051 τῷ
2961 3983 3018 4033 ἐν
3068 3983 3132 4051 τῇ
3180 3980 3485 4052 προφητείᾳ
3527 3980 3740 4050 ὠνομαο

2169 4069 2349 4140 σμένῳ
2375 4071 2554 4124 Δαϐίδ.
2594 4073 2686 4124 Ὃν
2728 4073 2958 4142 ποιμένα
2988 4072 3080 4126 καὶ
3122 4071 3358 4143 ἄρχοντα
3380 4071 3594 4124 ἔσεσθαι
3626 4071 3740 4122 τῶν

2168 4161 2449 4230 προϐάτων
2482 4165 2510 4216 6
2535 4163 2688 4230 λόγος
2715 4163 2972 4224 διδάσκει,
3000 4164 3101 4216 ὑπὸ
3146 4164 3323 4235 ὲφόρῳ
3351 4161 3426 4231 τῷ
3453 4159 3567 4229 Θεῷ
3599 4159 3736 4229 μέλ-

2166 4251 2325 4306 λοντα
2372 4255 2676 4324 ποιμαίνειν
2717 4256 2809 4308 καὶ
2833 4255 3020 4326 ἄρχειν
3048 4255 3153 4308 τῶν
3184 4255 3276 4308 τοῦ
3307 4251 3435 4306 Θεοῦ
3475 4251 3735 4322 Θρεμμάά

2165 4363 2291 4400 των.
2342 4348 2450 4400 Καὶ
2494 4347 2686 4418 ἐκείνῳ
2726 4348 2782 4400 δὲ
2819 4349 3112 4416 ἀναγκαῖον
3141 4346 3418 4417 ἐπιστῆσαι
3457 4342 3548 4396 τὸν
3580 4343 3733 4408 νοῦν,

2165 4436 2240 4500 ὡς
2270 4437 2330 4490 τὸ
2357 4437 2506 4508 παρὰ
2535 4438 2611 4509 τῷ
2650 4440 2952 4510 Ἀποστόλῳ
2974 4440 3314 4510 λελεγμένον,
3339 4440 3398 4490 ὲν
3425 4435 3521 4506 τῷ,
3554 4436 3738 4488 Ὅταν

510 4523 688 4574 ovium
722 4520 920 4590 pastori
945 4519 1296 4587 imperantem
1329 4535 1341 4570 :
1377 4516 1491 4570 Erit
1538 4517 1695 4581 enim,
1721 4519 1910 4587 inquit,
1957 4519 2062 4572 illis

2180 4490 2509 4602 καταργήσῃ
2551 4490 2757 4588 τᾶσαν
2805 4493 3021 4600 ἀρχην,
3064 4490 3162 4585 καὶ
3207 4490 3410 4584 πᾶσαν
3444 4490 3737 4592 ἐξουσίαν

504 4623 683 4680 pastor
718 4628 890 4667 servus
919 4627 1060 4666 meus
1103 4610 1289 4676 David,
1319 4622 1368 4664 et
1391 4625 1484 4680 ego
1507 4609 1760 4663 Dominus
1793 4626 1880 4663 ero
1913 4610 1976 4663 iis
2009 4615 2061 4664 in

2180 4621 2261 4674 cui
2312 4621 2568 4691 δύναμιν
2611 4622 2722 4693 (44)
2774 4621 2992 4694 ᾐνίξατο
3045 4622 3077 4691 ἡ
3130 4621 3431 4692 προφητεία
3491 4623 3732 4690 φήσασα,

505 4703 690 4757 Deum.
728 4701 952 4757 Servum
1001 4717 1156 4757 suum
1206 4701 1370 4756 David
1412 4701 1639 4772 appellat
1667 4715 1808 4766 eum,
1849 4712 2064 4772 propter

2180 4713 2272 4767 Καὶ
2309 4713 2541 4782 ἀφανιῶ
2562 4717 2736 4785 θηρία
2759 4715 2991 4783 πονηρὰ
3016 4714 3133 4768 ἀπὸ
3160 4713 3271 4780 τῆς
3297 4711 3431 4782 γῆς.
3471 4712 3603 4765 Τίνα
3624 4712 3736 4784 γὰρ

503 4796 644 4850 servi
673 4795 924 4860 formam,
956 4810 1114 4865 quam
1145 4795 1404 4851 Servator
1421 4805 1475 4848 et
1505 4794 1758 4849 Dominus
1787 4805 1969 4849 noster
1998 4798 2063 4852 de

2180 4804 2228 4858 ὶν
2253 4807 2462 4875 γένοιτο
2488 4807 2558 4862 τὰ
2591 4807 2780 4880 θηρία,
2811 4807 2882 4862 τὰ
2919 4807 3082 4861 πάλαι
3133 4807 3395 4878 πρότερον
3441 4809 3554 4868 τοῖς
3596 4822 3734 4876 προ-

505 4885 701 4940 “mide
723 4887 967 4953 5"mPsit.
2165 4897 2347 4961 ϐάτοις
2398 4899 2786 4968 διενοχλοῦντα,
2838 4900 2871 4970 ἢ
2921 4903 2977 4953 αἱ
3028 4899 3395 4968 ἁντικείμεναι
3440 4898 3731 4968 δυνάμειςς

501 4971 575 5028 ὧν
599 4979 663 5028 ἐκ
696 4976 869 5029 ποδῶν
907 4976 1190 5049 ἀρθεισῶν,
1238 4975 1416 5046 πάσης
1458 4974 1655 5038 κακίας
1683 4976 1974 5049 καθαρθεὶς
2019 4986 2046 5036 6
2083 4985 2200 5050 νέος
2223 4989 2314 5042 καὶ
2342 4989 2524 5053 καινὸς
2553 4989 2664 5061 (45)
2691 4989 2844 5052 αίὼν,
2881 4990 3103 5059 βασιλέα
3129 4988 3227 5060 μὲν
3249 4987 3358 5050 ἕξει
3382 4987 3472 5039 τὸν
3485 4987 3611 5039 Υἰὸν
3638 4987 3730 5041 τοῦ

612 5093 799 5216 ἧΞΙΕιΙ.
828 5093 1023 5156 Paris,
1048 5108 1168 5164 pag.
1205 5093 1325 5147 191.
1438 5093 1480 5124 ³¹
1516 5093 1643 5147 Dan.
1685 5109 1782 5159 vn,
1810 5098 1866 5162 9,
1901 5099 1984 5152 10-.

501 5179 611 5216 MV.
643 5174 661 5192 ι
719 5202 733 5215 .

2180 5103 2349 5162 ilatth.
2379 5122 2505 5172 xxv,
2532 5106 2723 5162 δι-δι.
2833 5107 2876 5137 ³³
2908 5106 2923 5159 l
2959 5105 3085 5159 Cor.
3123 5112 3208 5169 ιν,
3263 5103 3352 5156 24.
3453 5103 3498 5133 ³⁸
3528 5103 3725 5158 Esech.

2236 5374 2344 5444 (49.)
2376 5372 2855 5444 Κρίοηεωςίκριων.
2897 5370 2987 5444 Sic
3033 5383 3200 5436 recte,
3225 5370 3324 5424 nisi
3359 5370 3498 5424 forte
3538 5368 3726 5441 χρίων,

2165 5445 2259 5497 καὶ
2287 5442 2474 5513 χρίων.
2509 5444 2575 5498 Μ.
2623 5443 2788 5513 Vulgo
2817 5442 3069 5513 κρίσεων.

2235 5508 2346 5586 (43)
2379 5514 2553 5586 fulgo
2582 5528 2689 5586 om.
2716 5508 2816 5583 ρέν
2842 5508 2896 5566 et
2919 5527 3042 5566 mox
3067 5513 3095 5565 6
3121 5520 3246 5566 ante
3269 5508 3419 5572 Θεός.

2235 5581 2348 5655 (ιιι)
2379 5581 2550 5655 uulso
2589 5581 2808 5655 nam

2237 5649 2348 5726 ιιδ)
2389 5649 2558 5725 Vulgo
2591 5649 2793 5716 ἐλεινὸς
2818 5669 2832 5718 ;
2857 5659 2909 5707 ιιι
2940 5651 3012 5708 cf.
3053 5666 3106 5722 p.
3140 5650 3238 5706 Hii
3270 5649 3329 5716 υ,
3361 5665 3413 5720 p.
3454 5649 3556 5704 150
3592 5651 3659 5707 Δ.

712 5369 894 5442 _\_lulgo
921 5370 1015 5424 καὶ
1044 5367 1118 5442 [6]
1152 5370 1286 5442 Παλ.

601 5437 688 5508 59)
712 5437 880 5506 Vulgo
900 5455 1008 5495 om.
1037 5437 1220 5494 ἀὺτοῦ.

734 5507 898 5578 Vulgo
925 5509 1147 5578 φλὸξ....
1175 5527 1264 5578 τρ.
1293 5509 1458 5564 αὐτοῦ
1487 5525 1596 5566 om.

579 5527 691 5576 μυ)
737 5527 898 5578 vntgo
925 5527 1147 5578 φΛος....
1175 5528 1207 5562 τ
1251 5550 1264 5563 .
1293 5527 1458 5564 αυτου
1487 5527 1596 5566 om.

578 5576 687 5698 fil.)
724 5579 1097 5661 Πρρφητικὰς
1147 5527 1360 5646 ddiem.
1422 5581 1689 5635 lltlersere
1717 5580 1934 5645 ταύτας.
1980 5581 2060 5635 Ιη-

606 5655 698 5698 παιι
737 5662 878 5698 enim
929 5657 1198 5698 mutuatas
1243 5653 1309 5698 ult
1361 5651 1637 5698 Ezechiele
1690 5659 1744 5698 et
1818 5651 2056 5698 Dnniele-

503 5651 698 5714 telligit
737 5651 878 5699 enim
929 5657 1198 5706 mutuatas
1243 5653 1309 5706 ab
1361 5651 1637 5706 Ezechiele
1690 5659 1744 5704 et
1818 5651 2056 5719 Danicle,

506 5727 610 5769 non
644 5717 882 5785 quasvis.
917 5715 985 5769 Μ.
