4050 6206
319 303 452 360 1041
1013 345 1016 350 η
1245 305 1332 360 DE
1367 305 1902 366 ECCLESIASTICA
1935 311 2330 368 TIIEOLOGIA
2368 312 2492 367 LIB.
2535 312 2621 368 III.
3416 316 3552 370 I049.

320 418 633 490 ἀνθρώπου,
668 421 701 492 ἢ
733 420 873 474 κατὰ
917 418 1014 490 τὴν
1058 421 1394 491 προφητείαν
1438 423 1922 496 ὲπικεκρυμμένως
1993 428 2366 499 αἰνιττομένην
2416 429 2648 499 ποιμένα
2698 430 2788 482 καὶ
2831 431 3059 500 ἄρχοντα
3113 430 3202 482 τὸν
3246 427 3406 481 Δαϐὶδ
3441 427 3554 499 (46)

318 511 410 564 διὰ
461 512 523 565 τὸ
568 515 632 565 ὲκ
679 513 985 584 σπέρματος
1011 513 1170 566 αὐτὸν
1232 516 1510 584 γεγονέναι
1550 517 1712 571 Δαϐίδ
1737 537 1749 549 ·
1775 521 1863 574 τὸν
1891 520 1945 574 δὲ
1985 523 2114 575 Θεὸν
2155 525 2214 576 οὐ
2265 525 2498 594 ποιμένα
2546 525 2662 577 οὐδὲ
2705 525 2937 595 ἄρχοντα
2983 524 3196 592 λέγεται
3241 522 3552 596 κτήσεσθαι,

320 603 438 659 ἀλλ’
470 605 580 675 (47)
612 607 858 660 αὐτοθεὸν
883 608 1094 678 ἐπινοίᾳ
1120 609 1387 678 κρείττονι
1419 611 1452 682 ἢ
1491 612 1633 668 κατὰ
1661 616 1892 685 ποιμένα
1932 619 2024 672 καὶ
2048 619 2284 689 ἄρχοντα
2308 621 2398 672 καὶ
2427 619 2644 689 βασιλέα
2673 623 2738 690 τῇ
2788 621 2886 690 τῆς
2932 619 3114 692 θεῖκῆς
3158 619 3436 692 δυνάμεως
3485 633 3553 688 με

321 697 690 769 γαλοπρεπείᾳ
720 698 777 751 οὐ
805 698 910 750 τῶν
940 699 1225 769 προὸάτων
1259 700 1416 770 μόνον
1439 743 1454 768 ,
1501 703 1634 758 ἀλλὰ
1666 707 1757 759 xui
1783 708 1945 761 αὐτοῦ
2015 710 2107 763 τοῦ
2157 713 2414 782 ποιμένος
2467 712 2577 783 (48)
2632 713 2990 784 ὴγησὸμενονυ
3037 715 3242 767 Ἔσται
3304 711 3413 780 γὰρ
3450 713 3555 762 αὺ-

327 788 468 855 τοῖς,
493 791 669 859 φησιν,
707 792 740 842 ὁ
762 788 982 856 δοῦλός
1011 808 1130 859 μου
1161 792 1338 846 Δαϐίδ
1385 794 1627 864 ποιμὴν,

1704 799 1799 851 καὶ
1832 798 1945 868 ἐγὼ
1981 803 2193 870 Κύριος
2231 805 2442 874 ἔσομαι
2477 805 2677 870 αὐτοῖς
2716 809 2803 871 εἰς
2842 807 2988 859 Θεόν
3011 823 3025 836 ο
3070 806 3250 859 δοῦλον
3293 805 3349 858 δὲ
3382 802 3554 857 καλεῖ-

327 881 418 934 τὸν
471 879 646 945 Δαῦὶδ,
704 880 771 932 δι’
822 881 888 952 ἢν
937 883 1003 934 ὲκ
1058 882 1368 953 σπέρματος
1417 886 1580 941 Δαὸὶδ
1634 888 1889 959 ἀνείληφε
1926 893 2138 966 μορφὴν
2174 895 2356 948 δούλου
2400 898 2428 948 ὁ
2466 897 2653 967 Σωτὴρ
2687 898 2781 950 καὶ
2810 898 3010 968 Κύριος
3037 896 3210 968 ἡμῶν.

954 971 1108 1027 ΚΕΦ.
1152 969 1256 1024 IH'.

333 1062 524 1132 '0:I_coc
546 1060 615 1112 ἐν
646 1058 721 1127 τῇ
746 1061 1037 1132 ⁹βασιλείῃ
1083 1061 1190 1114 τοῦ
1230 1063 1364 1116 Υἱοῦ
1415 1063 1482 1117 ἓν
1531 1064 1892 1132 γενήσονται

376 1130 592 1196 πάντες
637 1133 692 1184 οὶ
729 1131 839 1200 τῆς
870 1132 1003 1183 τότε
1028 1134 1462 1201 μακαριότητος
1486 1130 1842 1203 ἀξιούμενοι.

397 1218 496 1272 Καὶ
534 1219 679 1271 τοῦτ’
727 1216 795 1294 ἦν
839 1219 900 1276 τὸ
945 1222 1338 1292 τρισμακάριον
1381 1223 1550 1288 τέλος,
1595 1224 1714 1278 καθ’
1744 1225 1772 1277 ὂ
1800 1226 1894 1296 τὴν

327 1308 737 1379 ἐπαγγελμένην
775 1308 883 1365 τῶν
924 1310 1168 1380 οὐρανῶν
1209 1310 1500 1380 βασιλείαν,
1545 1316 1654 1375 τοῖς
1697 1313 1894 1384 ταύτης

327 1400 495 1467 ἀξίοις
525 1399 618 1453 τοῦ
658 1399 909 1470 Σωτῆρος
941 1401 1098 1472 ἡμῶν
1140 1403 1517 1472 πιστουμένου,
1561 1405 1590 1454 ὁ
1632 1406 1721 1456 ἐπὶ
1760 1405 1894 1458 πάν-

325 1509 432 1546 των
476 1491 627 1554 Θεὸς,
671 1491 764 1544 καὶ
807 1491 996 1564 Πατὴρ
1040 1493 1221 1558 αὐτοῦ,
1267 1494 1328 1546 τὸ
1369 1495 1584 1547 πάντων
1626 1495 1896 1550 ἀνώτατον

328 1583 556 1651 ἀγαθὸν,
599 1583 760 1646 αὐτὸς
794 1583 982 1637 ἑαυτὸν
1011 1587 1122 1648 τοῖς
1173 1585 1277 1638 ὑπὸ
1311 1583 1385 1655 τῷ
1414 1585 1528 1656 Υίῴ
1558 1585 1898 1659 βασιλευομέ-

330 1692 442 1737 νοις
467 1676 788 1746 δωρήσεται,
827 1694 846 1726 ι
877 1675 1050 1730 πάντα
1091 1679 1147 1729 ὲν
1175 1679 1307 1734 πᾶσι
1335 1698 1354 1730 ι
1395 1679 1692 1749 γινόμενος.
1740 1683 1803 1733 Ὃ
1835 1680 1896 1751 δὴ

333 1767 571 1837 ⁸παρίστη
631 1766 787 1820 πάλιν
835 1767 996 1831 αὐτὸς
1038 1770 1066 1821 ὁ
1108 1769 1295 1840 Σωτὴρ
1343 1771 1436 1822 καὶ
1471 1770 1669 1840 Κύριος
1721 1772 1895 1841 ἡμῶν,

332 1857 470 1927 (48⁸)
503 1857 600 1928 τὴν
633 1857 868 1930 μεγάλην
902 1859 1064 1929 εὐχὴν
1094 1861 1231 1930 ὑπὲρ
1276 1860 1384 1914 τῶν
1419 1861 1580 1914 αὐτοῦ
1612 1863 1898 1933 γνωρίμων

333 1947 668 2017 ἀναπέμπων
710 1949 786 2020 τῷ
828 1949 946 2020 Θεῷ
997 1951 1090 2004 καὶ
1135 1951 1306 2024 Πατρι⁵
1332 1992 1346 2015 ,
1390 1951 1456 2004 δι’
1501 1947 1567 2024 ῆς
1613 1951 1898 2016 ὲξαιτεῖται

331 2037 525 2106 λέγων,
563 2039 682 2092 "Ira
712 2039 927 2106 πάντες
951 2041 1021 2095 ἓν
1049 2038 1177 2106 ὦσι,
1209 2043 1400 2109 καθὼς
1434 2043 1536 2108 σὺ,
1573 2044 1792 2112 Πατὴρ,
1832 2045 1900 2099 ἐν

328 2131 476 2199 ἐμοὶ,
505 2132 666 2202 κάγὼ
691 2132 761 2185 ἐν
787 2135 905 2187 σοί·
932 2136 1030 2187 ἵνα
1057 2135 1153 2188 καὶ
1182 2137 1348 2189 αὐτοὶ
1378 2137 1448 2190 ἐν
1470 2136 1612 2205 ἡμῖν
1638 2135 1707 2188 ἓν
1727 2131 1894 2190 ὦσιν·

331 2225 431 2277 ἵνα
458 2228 490 2278 ὁ
512 2226 736 2293 κόσμος
755 2227 1004 2294 πιστεύῃ
1026 2227 1114 2279 ὅτι
1137 2229 1216 2280 σύ
1236 2245 1312 2296 με
1337 2226 1713 2293 ἀπέστειλας·
1741 2225 1900 2297 κάγὼ

1918 983 1966 1038 Α

2581 985 2727 1040 CAP.
2762 986 2944 1040 XVIII.

1999 1070 2149 1135 Quod
2177 1073 2228 1123 in
2255 1090 2409 1148 regno
2441 1072 2587 1148 Filii,
2620 1093 2776 1148 unum
2803 1076 2968 1141 futuri
3002 1076 3104 1148 sint
3138 1093 3312 1148 omnes
3345 1079 3432 1148 qui
3457 1079 3550 1131 illa

2381 1145 2628 1211 felicitate
2659 1147 2978 1198 habebuntur
3003 1147 3166 1215 digni.

2067 1233 2161 1288 Hic
2187 1242 2267 1289 est
2302 1235 2388 1288 ille
2423 1236 2541 1289 linis
2573 1234 2929 1302 felicissimus,
2961 1237 3012 1290 in
3037 1252 3140 1305 quo
3179 1237 3315 1291 Deus
3349 1236 3434 1292 ille
3461 1238 3549 1306 qui

1993 1335 2077 1380 est
2131 1341 2291 1395 super
2330 1330 2529 1391 omnia,
2568 1338 2620 1382 et
2653 1328 2813 1382 Pater
2847 1328 3151 1383 Servatoris
3185 1329 3372 1393 nostri,
3426 1346 3550 1397 pro-

1998 1416 2216 1470 missum
2257 1417 2513 1471 cmlorum
2549 1433 2768 1486 regnum
2806 1427 2860 1472 et
2891 1417 3265 1472 conﬁrmatum
3297 1434 3325 1472 a
3357 1419 3551 1473 Serva-

1999 1516 2132 1568 tore.
2162 1507 2266 1560 illis
2294 1508 2382 1575 qui
2412 1523 2476 1561 eo
2508 1507 2651 1577 digni
2707 1514 2764 1570 >3
2805 1518 2928 1562 sunt
2969 1508 3274 1577 elargietur,
3325 1509 3428 1563 hoc
3473 1519 3553 1564 est

1998 1597 2431 1651 sublimissimum
2481 1597 2675 1651 bonum
2702 1598 2927 1653 subditis
2950 1599 3031 1651 sui
3057 1599 3198 1666 Filii,
3223 1615 3341 1653 cum
3381 1601 3555 1654 factus

1999 1687 2156 1740 fuerit
2179 1688 2352 1740 omnia
2377 1689 2428 1741 in
2451 1690 2717 1756 omnibus.
2750 1690 2860 1746 lloc
2883 1691 3145 1761 signiﬁcat
3171 1692 3280 1760 ipse
3299 1691 3553 1747 Dominus

1998 1787 2050 1832 et
2107 1779 2378 1842 Servatur,
2432 1781 2518 1834 ubi
2564 1781 2817 1834 eximiam
2874 1782 3164 1836 oralionem
3222 1782 3362 1834 illam
3415 1785 3551 1849 apud

2000 1869 2163 1924 Deum
2210 1880 2264 1925 et
2314 1870 2524 1925 Patrem
2575 1886 2728 1926 suum
2780 1871 3000 1926 eﬂ‘undit
3053 1887 3149 1942 pro
3203 1871 3553 1928 familiaribus
3647 1867 3652 1878 ’

2001 1959 2130 2014 suis.
2158 1958 2414 2014 Precatur
2442 1971 2640 2024 autem,
2678 1959 2746 2016 Ut
2777 1979 2949 2016 omnes
2980 1979 3136 2015 unum
3160 1964 3282 2027 sint,
3310 1971 3554 2031 quemado

1999 2049 2207 2102 modum
2229 2058 2306 2112 tu,
2334 2047 2514 2112 Pater,
2559 2051 2611 2102 in
2647 2067 2745 2116 me,
2773 2061 2818 2104 et
2853 2067 2943 2120 ego
2975 2051 3024 2104 in
3053 2062 3118 2115 te,
3168 2063 3224 2105 ut
3274 2062 3319 2106 et
3363 2054 3462 2121 ipsi
3501 2055 3556 2106 in

2001 2141 2147 2193 nobis
2169 2157 2328 2193 unum
2356 2141 2456 2194 sint
2494 2160 2512 2196 :
2549 2151 2604 2194 ut
2643 2143 2819 2195 credat
2845 2145 3066 2196 mundus
3106 2145 3227 2214 quia
3257 2152 3312 2197 tu
3348 2161 3426 2198 me
3459 2147 3558 2197 mi-

2000 2227 2133 2283 sisti.
2166 2226 2233 2282 Et
2262 2244 2354 2297 ego
2381 2227 2672 2282 claritatem
2706 2247 2862 2300 quam
2905 2232 3096 2286 dedisti
3129 2233 3274 2296 mihi,
3317 2232 3437 2285 dedi
3471 2235 3557 2298 iis,

332 2313 444 2381 τὴν
469 2313 673 2379 δόξαν.
707 2315 784 2383 ῆν
813 2315 1072 2383 δέδωκάς
1101 2336 1225 2386 μοι,
1257 2318 1484 2372 δέδωκα
1515 2320 1716 2386 αὐτοῖς
1742 2337 1755 2352 ·
1797 2321 1896 2374 ἵνα

2000 2327 2051 2370 ιιι
2079 2317 2181 2370 sint
2213 2333 2369 2370 unum
2401 2319 2535 2370 sicut
2556 2329 2604 2372 et
2633 2335 2723 2373 nos
2753 2337 2912 2373 unum
2951 2337 3149 2375 sumus.
3187 2315 3298 2392 Ego
3329 2325 3382 2376 in
3418 2325 3481 2376 iis
3511 2335 3559 2377 et

325 2402 476 2462 ὦσιν
509 2408 596 2471 ἓν,
638 2408 828 2475 καθὼς
855 2409 1019 2477 ἡμεῖς
1062 2409 1131 2463 ἓν
1176 2411 1362 2478 ἐσμεν
1386 2428 1399 2440 ·
1435 2409 1548 2480 ἐγὼ
1575 2411 1645 2464 ἐν
1675 2411 1898 2477 αὐτοῖς,

329 2500 425 2554 καὶ
456 2500 536 2554 σὺ
564 2501 634 2553 ἐν
663 2501 792 2570 ἐμοί
815 2519 828 2534 ο
857 2502 956 2552 ἵνα
978 2495 1089 2554 ὦσι
1126 2499 1557 2569 τετελειωμένοι
1595 2501 1682 2565 εἰς
1718 2499 1782 2553 τὸ
1809 2499 1897 2566 ἐν,

326 2594 427 2646 ἳνα
459 2591 721 2662 γινώσκῃ
751 2596 782 2646 ό
817 2593 1042 2661 κόσμος
1076 2591 1164 2644 ὅτι
1199 2593 1279 2646 σύ
1303 2609 1380 2660 με
1407 2592 1769 2658 ἀπέστειλας
1801 2594 1899 2646 καὶ

332 2685 653 2754 ἠγάπησας
705 2683 946 2749 αὐτοὺς,
1009 2683 1116 2752 (49)
1164 2683 1355 2749 καθὼς
1408 2683 1512 2753 ἐμὲ
1559 2683 1896 2753 ἠγάπησας.

328 2776 542 2844 Πάτερ,
577 2775 681 2841 οὓς
703 2774 964 2840 δέδωκάς
988 2794 1105 2843 μοι,
1136 2775 1286 2829 θέλω
1318 2777 1419 2828 ἵνα
1451 2775 1604 2828 ὅπου
1624 2776 1740 2844 εἰμὶ
1765 2775 1898 2845 ἐγὼ,

329 2866 597 2920 κάκεῖνοι
629 2861 743 2918 ὦσι
785 2867 910 2934 μετ’
933 2866 1098 2934 ἐμοῦ,
1135 2866 1234 2918 ἵνα
1267 2864 1525 2933 θεωρῶσι
1564 2864 1678 2933 τὴν
1717 2865 1901 2930 δόξαν

331 2957 413 3026 ἣν
438 2957 699 3023 δέδωκάς
717 2975 836 3026 μοι.
867 2956 1012 3023 Αὕτη
1042 2959 1074 3028 ἡ
1098 2957 1308 3032 μεγάλη
1331 2956 1424 3010 τοῦ
1469 2955 1717 3028 Σωτῆρος
1745 2955 1899 3026 ἡμῶν

332 3050 476 3117 ὑπὲρ
507 3047 663 3118 ἡμῶν
730 3047 1011 3119 πρεσϐεία·
1049 3048 1114 3100 ἶν’
1143 3042 1289 3119 ὦμεν
1336 3048 1431 3100 σὺν
1479 3045 1621 3118 αὐτῷ
1667 3049 1800 3100 ὅπου
1834 3047 1898 3100 ἂν

333 3135 368 3212 ᾖ
413 3140 574 3202 αὐτὸς
609 3141 701 3192 καὶ
747 3141 835 3193 ἵνα
877 3126 1312 3212 θεωρῶμεντὴν
1354 3140 1508 3204 δόξαν
1559 3139 1654 3210 τὴν
1711 3138 1897 3203 αὐτοῦ,

335 3232 429 3287 καὶ
483 3231 566 3284 ἵνα
617 3234 875 3305 ἀγαπήσῃ
905 3234 1072 3302 ἡμᾶς,
1115 3232 1293 3296 καθὼς
1337 3233 1498 3285 αὐτὸν
1537 3232 1841 3301 ἠγάπησεν,
1873 3231 1902 3282 ὁ

334 3322 494 3375 αὐτοῦ
530 3323 733 3394 Πατὴρ,
778 3326 870 3377 καὶ
900 3325 1035 3395 ὅπερ
1067 3324 1213 3395 αὐτῷ
1261 3325 1589 3395 ἐδωρήσατο,
1629 3323 1785 3376 τοῦτο
1829 3321 1900 3392 δῷ

332 3420 428 3471 καὶ
459 3419 587 3488 ἡμῖν
614 3432 627 3444 ·
664 3417 757 3470 καὶ
798 3416 896 3488 τὴν
949 3416 1125 3481 δόξαν,
1177 3419 1242 3487 ἣν
1276 3409 1423 3486 αὐτῷ
1464 3417 1647 3480 ἔδωκε,
1699 3415 1900 3486 ταύτην

329 3508 406 3579 δῷ
436 3509 528 3562 καὶ
559 3511 710 3579 ἡμῖν,
744 3507 910 3560 ποιῶν
942 3510 1087 3579 ἡμᾶς
1124 3507 1182 3560 ἒν
1227 3508 1350 3569 τούς
1397 3507 1619 3568 πάντας,
1669 3506 1755 3558 ἵνα
1800 3522 1902 3576 μη-

330 3601 448 3654 κέτι
473 3595 619 3670 ὦμεν
649 3599 850 3664 πολλοὶ,
892 3599 1004 3653 ἀλλ’
1036 3601 1085 3654 οἱ
1120 3599 1318 3662 πάντες
1350 3590 1448 3661 εἷς,
1479 3596 1763 3660 ἑνωθέντες
1804 3597 1901 3649 a0.-

331 3691 423 3744 τοῦ
449 3669 788 3763 τῇγθειότητι,
815 3692 908 3747 καὶ
934 3693 999 3763 τῇ
1046 3690 1170 3763 δόξῃ
1196 3691 1292 3760 τῆς
1336 3688 1628 3760 βασιλείας,
1669 3688 1729 3741 οὐ
1763 3687 1899 3740 κατὰ
1927 3669 1966 3722 C

333 3782 656 3853 συναλοιφὴν
685 3785 812 3853 μιᾶς
851 3782 1058 3850 οὐσίας,
1092 3781 1230 3835 κατὰ
1270 3781 1327 3835 δὲ
1375 3780 1651 3833 τελείωσιν
1694 3780 1790 3850 τῆς
1824 3781 1901 3842 είς

329 3873 506 3945 ἄκραν
535 3875 755 3947 ἀρετῆς.
780 3875 950 3927 Τοῦτο
987 3873 1096 3946 γὰρ
1129 3871 1366 3938 ἐδίδαξεν
1401 3870 1568 3924 εἰπών
1594 3885 1608 3899 ·
1643 3872 1766 3924 Ἵνα
1789 3865 1899 3924 ὦσι

333 3964 785 4034 τετελειωμένοι.
823 3963 978 4018 Οὕτω
1009 3963 1118 4036 γὰρ
1147 3965 1236 4016 ὐπ’
1265 3960 1427 4020 αὐτοῦ
1465 3961 1626 4032 σοφίᾳ
1652 3961 1744 4012 καὶ
1772 3977 1904 4031 φρο-

332 4059 484 4126 νήσει
525 4058 616 4111 καὶ
646 4055 952 4126 δικαιοσύνῃ
983 4054 1077 4110 καὶ
1118 4053 1365 4123 εὐσεϐείᾳ
1407 4053 1500 4105 καὶ
1541 4053 1706 4121 ἀρετῇ
1755 4051 1902 4123 πάσῃ

333 4148 526 4204 τέλειοι
571 4147 1027 4220 κατεργασθέντες
1068 4145 1145 4215 τῷ
1188 4144 1286 4214 τῆς
1329 4143 1599 4214 πατρικῆς
1649 4141 1895 4211 θεότητος

337 4239 544 4311 ἁλέκτῳ
573 4239 682 4309 (50)
714 4238 856 4307 φωτὶ
895 4234 1344 4306 συναφθησόμεθα
1365 4251 1378 4264 ⁸
1424 4233 1576 4301 φῶτα
1611 4232 1704 4285 καὶ
1743 4230 1895 4284 αὐτοὶ

2001 2417 2056 2460 ιιι
2095 2407 2146 2461 in
2176 2424 2273 2474 me,
2307 2418 2361 2461 ut
2391 2409 2496 2462 sint
2548 2411 2892 2462 consummati
2916 2411 2970 2462 in
2995 2428 3153 2464 unum
3175 2427 3194 2476 ;
3217 2423 3263 2464 et
3287 2426 3559 2480 cognoscat

2001 2501 2225 2553 mundus
2258 2499 2380 2569 quia
2415 2509 2469 2552 tu
2517 2517 2596 2554 me
2623 2501 2808 2555 misi’sti
2839 2513 2884 2555 et
2909 2502 3141 2559 dileaisti
3177 2521 3284 2566 eos,
3325 2494 3453 2558 sicut
3481 2524 3561 2560 me

1999 2587 2250 2641 dilexisti.
2279 2584 2462 2654 Pater,
2490 2604 2618 2657 quos
2647 2589 2836 2642 dedisti
2858 2592 2980 2642 mihi
3011 2592 3142 2656 volo,
3175 2603 3228 2644 ut
3257 2595 3341 2645 ubi
3373 2611 3484 2646 sum
3512 2605 3559 2647 et

2000 2678 2080 2732 illi
2103 2678 2204 2732 sint
2228 2693 2422 2730 mecum
2457 2715 2471 2741 ,
2514 2688 2566 2730 ut
2608 2679 2810 2732 videant
2843 2680 3130 2735 claritatem
3159 2699 3348 2744 meam,
3402 2700 3557 2753 quam

2000 2770 2187 2824 dedisti
2214 2770 2340 2822 mihi
2368 2770 2430 2824 ³⁵.
2460 2769 2585 2824 Ηωο
2614 2782 2695 2825 est
2716 2771 2806 2826 illa
2837 2788 3028 2843 magna
3063 2783 3114 2828 et
3143 2773 3410 2828 excellens
3433 2775 3560 2828 Ser-

2003 2863 2202 2916 vatoris
2227 2863 2394 2916 nostri
2437 2877 2534 2932 pro
2561 2862 2714 2918 nobis
2745 2864 2885 2933 apud
2911 2865 3074 2918 Deum
3103 2865 3420 2920 intercessio
3456 2882 3469 2917 :
3505 2877 3562 2918 ut

2000 2969 2118 3009 cum
2142 2954 2255 3023 ipso
2276 2953 2460 3020 simus,
2486 2954 2572 3009 ubi
2596 2955 2681 3010 ille
2703 2964 2786 3010 est
2811 2956 3112 3022 futurus,et
3137 2966 3195 3012 ut
3216 2958 3440 3028 gloriam
3477 2958 3559 3028 ip-

1999 3047 2111 3101 sius
2142 3047 2464 3112 inlueamur,
2496 3058 2549 3102 et
2575 3049 2833 3118 utdiligat
2854 3064 2972 3113 nos,
3004 3051 3449 3119 quemadmodum
3481 3051 3561 3104 di-

2001 3138 2260 3192 lexiteum
2287 3137 2464 3202 Pater,
2486 3149 2537 3194 et
2563 3142 3008 3209 quemadmodum
3029 3141 3171 3196 dedit
3190 3141 3261 3194 illi
3286 3141 3465 3206 Pater,
3489 3142 3560 3196 ita

2001 3229 2088 3282 ille
2106 3230 2193 3282 det
2224 3229 2377 3283 nobis
2399 3229 2619 3300 gloriam
2645 3246 2788 3295 eam,
2821 3231 3020 3286 faciens
3039 3247 3136 3286 nos
3151 3246 3339 3287 omnes
3366 3248 3559 3296 unum;

2001 3328 2059 3372 ut
2089 3333 2189 3371 non
2226 3319 2395 3372 simus
2425 3319 2646 3373 ulterius
2679 3319 2852 3383 multi,
2877 3321 2969 3375 sed
3000 3336 3162 3374 unum
3188 3337 3374 3375 omnes
3398 3322 3562 3390 ipsius

1999 3410 2199 3464 couniti
2219 3410 2404 3465 deitati
2431 3420 2483 3464 et
2498 3411 2678 3481 gloriae
2696 3413 2842 3480 regni
2865 3431 2879 3466 ε
2900 3428 3002 3467 non
3024 3429 3118 3480 per
3135 3415 3560 3468 commistionem

2001 3499 2156 3553 unius
2173 3498 2504 3562 substantiae,
2520 3499 2612 3553 sed
2627 3501 2917 3554 secundum
2936 3500 3337 3568 perfectissimae
3353 3502 3563 3556 virtutis

2002 3603 2267 3644 numeros.
2292 3589 2418 3643 Nam
2452 3590 2551 3644 hoc
2573 3589 2645 3643 ita
2682 3590 2884 3654 docuit,
2919 3591 3182 3660 inquiens,
3215 3589 3279 3644 Ut
3301 3594 3404 3644 sint
3435 3609 3559 3647 cou-

1998 3683 2264 3735 summati.
2283 3681 2504 3736 Etcerte
2519 3697 2611 3751 per
2629 3697 2748 3736 eum
2765 3682 2830 3736 ad
2851 3682 3008 3736 istum
3024 3683 3258 3747 modum,
3273 3682 3550 3751 sapientia,

1998 3773 2299 3841 prudentia,
2329 3773 2559 3843 justitia,
2586 3774 2802 3844 pietate,
2821 3773 3018 3828 virtute
3039 3775 3253 3828 demum
3271 3775 3415 3828 omni
3434 3788 3554 3843 per-

1997 3863 2290 3930 lectil’acti,
2316 3876 2555 3934 paternze
2573 3866 2872 3921 divinitatis
2901 3865 3225 3920 indelicienti
3254 3865 3438 3919 lumini
3470 3879 3561 3919 co-

1999 3955 2340 4019 aduniemur,
2372 3954 2459 4009 lux
2523 3964 2578 4010 et
2611 3955 2710 4024 ipsi
2730 3955 2877 4022 facti,
2900 3957 2968 4010 ob
3004 3956 3142 4009 hanc
3164 3966 3401 4010 nostram
3437 3970 3559 4008 cum

2000 4045 2090 4100 illo
2121 4047 2390 4100 unionem.
2410 4046 2528 4100 Filii
2557 4048 2649 4101 Dei
2674 4047 2824 4112 lacti,
2845 4062 2940 4116 per
2964 4048 3425 4118 participationem
3449 4049 3561 4100 uni.

2003 4137 2164 4203 geniti
2215 4137 2380 4206 ipsius
2423 4137 2562 4204 Filii,
2603 4139 2757 4209 cujus
2806 4141 2941 4195 radii
2969 4148 3022 4194 et
3049 4140 3361 4210 splendores
3407 4139 3560 4194 nobis

2002 4228 2484 4281 communicantur.

335 4336 400 4386 ὲκ
432 4334 528 4403 τῆς
548 4334 682 4405 πρὸς
719 4334 880 4386 αὐτὸν
903 4332 1194 4401 συναφείας
1262 4328 1614 4398 γενησόμενοι
1661 4327 1752 4378 καὶ
1780 4325 1894 4377 Υἱοὶ
1931 4322 2062 4375 Θεοῦ
2099 4323 2238 4376 κατὰ
2287 4322 2516 4394 μετοχὴν
2565 4324 2664 4394 τῆς
2707 4325 2798 4378 τοῦ
2841 4325 3160 4396 μονογενοῦς
3223 4322 3386 4392 αὐτοῦ
3449 4339 3559 4378 κοι-

336 4426 533 4491 νωνίας
573 4425 1016 4487 ἀποτελεσθέντες
1084 4423 1342 4497 μετουσίᾳ
1388 4421 1497 4474 τῶν
1546 4424 1642 4493 τῆς
1663 4419 1913 4490 θεότητος
1947 4415 2109 4476 αὐτοῦ
2153 4418 2546 4490 μαρμαρνγῶν.

956 4518 1111 4570 ΚΕΦ.
1163 4515 1262 4570 10’.

334 4618 453 4667 ’Ότι
488 4612 688 4678 ὥσπερ
713 4611 743 4664 ὁ
767 4608 967 4677 Πατὴρ
1001 4608 1094 4660 καὶ
1122 4609 1152 4661 ό
1179 4607 1310 4678 Υἱὸς
1343 4602 1577 4678 ἓνεῖναι
1598 4603 1893 4674 λέγονται,

609 4677 759 4736 οὕτω
793 4680 889 4732 καὶ
921 4679 1141 4743 πάντες
1170 4677 1410 4730 ἔσονται
1443 4677 1613 4744 ἅγιοι.

403 4777 511 4831 Καὶ
590 4775 654 4845 δὴ
729 4771 869 4827 κατὰ
949 4770 1134 4823 τοῦτον
1199 4769 1287 4820 τὸν
1360 4767 1558 4838 τρόπον
1629 4765 1687 4818 ἒν
1764 4767 1895 4836 πρὸς

329 4870 424 4923 τὸν
493 4868 710 4938 Πατέρα
777 4866 870 4918 καὶ
947 4863 1038 4914 τὸν
1070 4861 1194 4912 Υἰὸν
1276 4862 1323 4912 οἱ
1402 4859 1598 4920 πάντες
1674 4857 1896 4925 γενησό-

2611 4512 2760 4568 CAP.
2799 4511 2916 4566 XIX

2005 4604 2154 4669 Quod
2179 4606 2613 4674 quemadmodum
2647 4607 2800 4661 Pater
2823 4617 2869 4659 et
2903 4604 3071 4658 Filius
3098 4605 3343 4657 dicuntur
3377 4621 3554 4669 unum,

2214 4680 2283 4727 ita
2317 4692 2516 4744 quoque
2548 4687 2593 4728 et
2622 4694 2793 4730 omnes
2821 4678 2986 4729 sancti
3009 4675 3175 4745 futuri
3207 4687 3346 4728 sunt.

2074 4766 2245 4834 Atque
2282 4768 2349 4820 ita
2399 4771 2463 4821 ad
2513 4770 2672 4824 istum
2725 4771 2936 4823 modum
2993 4784 3088 4822 uos
3117 4782 3304 4822 omnes
3351 4768 3553 4822 erimus

2003 4871 2122 4909 cum
2150 4858 2302 4920 Filio,
2332 4870 2386 4912 et
2413 4875 2533 4912 cum
2575 4865 2632 4921 ᾖ(
2668 4859 2844 4914 Patre.
2883 4857 3014 4912 Nam
3054 4866 3109 4912 ut
3137 4857 3250 4925 ipse
3286 4873 3344 4912 se
3369 4867 3423 4912 et
3449 4856 3552 4910 Pa-

334 4960 492 5030 μεθα.
533 4931 737 5028 Ὢσιτερ
768 4957 874 5027 γὰρ
914 4954 1073 5015 αὐτὸς
1107 4951 1295 5004 ἑαυτόν
1340 4967 1397 5003 τε
1434 4951 1526 5003 καὶ
1559 4949 1647 5000 τὸν
1683 4947 1896 5020 Πατέρα

2003 4957 2135 5000 trem
2185 4963 2345 5002 unum
2392 4964 2513 5004 esse
2557 4948 2693 5004 dixit
2745 4947 2926 5016 :Ego,
2977 4947 3245 5017 inquiens,
3297 4954 3348 5001 et
3392 4944 3556 5000 Pater

403 5077 460 5134 vis
505 5071 597 5123 Ed.
627 5068 823 5130 Paris.,
847 5081 969 5135 pag.
998 5064 1119 5127 I93,
1160 5063 1280 5118 i95.

409 5181 450 5212 ’⁸
482 5178 636 5234 Joau.
683 5195 814 5241 xm,
837 5177 1030 5230 21-24.

402 5288 516 5358 (46)
544 5287 707 5358 Vulgo
729 5287 893 5340 Δαὸὶδ

425 5357 516 5425 47)
549 5357 710 5426 Vulgo
741 5358 923 5412 αὐτόν.

425 5362 516 5425 47)
549 5362 710 5426 Vulgi)
741 5362 923 5412 αὐτόν.

401 5362 1090 5502 ξιιωνηιεοήγηςιμενον.
1157 5497 1168 5502 ,
1248 5494 1258 5502 .
1388 5493 1400 5502 ,
1594 5493 1626 5502 ,Α
1711 5492 1720 5502 .

402 5491 538 5568 (48⁵)
598 5491 715 5565 Τῆν
751 5491 1039 5568 ἰίιέγάᾷιην⁸
1113 5494 1325 5564 εὐχήν.
1387 5492 1634 5568 lntelligit
1711 5491 1890 5555 illam,

331 5561 484 5626 Jnan.
513 5561 987 5627 inifadvi’aireni
1020 5561 1386 5640 l‘nsanfquam
1439 5561 1675 5640 μεγάλην
1711 5571 1890 5640 yocat,

335 5644 470 5696 forte
501 5641 642 5708 quod
681 5641 732 5692 in
761 5653 948 5708 eorum
974 5636 1296 5708 sententiain
1350 5634 1722 5708 _acc-eda_t,.qui
1755 5645 1893 5682 eam-

334 5715 450 5766 dem
489 5701 609 5766 esse
641 5711 786 5764 illam
832 5707 1014 5765 volunt
1043 5721 1201 5775 quam
1249 5706 1300 5758 in
1348 5706 1501 5758 horto
1543 5701 1720 5756 habuit
1759 5719 1770 5754 :
1802 5709 1894 5753 aut

1071 5287 1346 5356 γεγονέναι
1379 5287 1589 5340 desunt.

2005 5281 2182 5349 potius
2207 5279 2376 5349 quod
2404 5291 2599 5349 magna
2638 5282 2695 5349 et
2745 5288 2930 5349 revera
2971 5269 3226 5349 μεγαλεῖα
3256 5285 3284 5322 a
3327 5270 3433 5349 ρεο
3463 5285 3553 5324 ex-

2003 5337 2204 5420 poscat.
2227 5337 2429 5411 ’Καθὼς
2463 5337 2554 5400 καὶ
2586 5346 2642 5398 ὲν
2675 5345 2813 5420 ὑμῖν.
2835 5337 2998 5420 εἶναι’.
3018 5337 3281 5420 βούλεται.
3329 5337 3552 5420 Prorsus

2003 5409 2264 5473 arianisat
2305 5409 2590 5487 quiﬁnegat
2617 5409 2867 5469 essentia:
2912 5409 3159 5467 uniunem
3198 5409 3370 5463 Patris
3396 5423 3552 5478 atque

1999 5489 2142 5542 Filii.
2176 5489 2244 5541 Μ.

2003 5629 2014 5640 .
2069 5559 2178 5644 (μθ)
2232 5557 2396 5626 Vulgo
2445 5572 2497 5609 γ.
2548 5553 2639 5608 καί
2701 5570 2764 5623 με
2818 5563 2870 5608 ει
2915 5568 3036 5608 ιιιοι
3092 5551 3190 5622 τὴν
3251 5548 3404 5614 δόξαν
3457 5549 3552 5616 τὴν

1999 5645 2157 5698 εμην.

2071 5695 2182 5768 (30)
2214 5696 2380 5765 Vulgo
2404 5695 2637 5766 ἀλήκτῳ.
