4050 6206
616 304 753 381 ισιδ

1276 330 1543 400 EUSEBII
1579 329 2047 390 CIESARIENSIS
2082 333 2235 393 OPP.
2273 334 2456 391 PARS
2493 335 2580 393 IV.
2619 368 2687 380 --
2722 336 3141 394 DOGMATICA.

3690 339 3716 392 1
3725 341 3817 394 044

613 462 774 499 unum
805 448 1070 511 sumus";
1099 448 1170 501 ita
1204 465 1414 520 quoque
1458 453 1521 505 ad
1571 452 1740 520 ipsius
1787 453 2160 519 imitationem,

2268 455 2324 508 ἓν
2351 451 2488 508 εἶναι
2510 455 2681 523 ἔλεγε,
2704 455 2942 522 φάσκων,
2973 453 3120 524 Ἐγὼ
3140 451 3235 506 καὶ
3257 455 3291 506 ὀ
3314 452 3514 520 Πατὴρ
3537 451 3606 505 ἓν
3619 453 3819 522 ἐσμεν,

615 548 674 594 ut
718 555 813 593 nos
851 554 1039 594 omnes
1087 542 1277 596 liamus
1328 545 1617 614 participes
1650 543 1884 612 ejusdem
1925 545 2160 610 unionis,

613 641 858 702 precatus
883 643 986 710 est.
1017 632 1132 687 Non
1178 636 1321 704 quod
1355 635 1610 702 Verbum,
1638 648 1696 690 ut
1725 637 2002 692 Marcellus
2028 637 2160 702 vult,

613 725 827 778 uuiatur
859 724 986 788 Deo;
1017 736 1070 780 et
1104 727 1535 783 substantialiler
1565 729 1920 799 conjungatur
1959 729 2006 782 ei
2037 769 2054 794 ,
2106 739 2161 782 ut

609 816 812 869 veritas
855 817 967 885 ipsa
1004 817 1263 872 Servalor
1317 830 1566 885 testatur,
1616 819 2163 890 inquiens:Gloriam

606 923 762 976 quam
788 908 981 961 dedisti
997 909 1122 961 mihi
1151 910 1271 963 dedi
1305 912 1393 976 iis,
1424 921 1480 964 ut
1507 912 1613 964 sint
1645 928 1806 964 unum
1831 913 1961 964 sicut
1989 921 2036 964 et
2072 926 2163 963 nos

607 1015 771 1052 unum
809 1015 1009 1057 sumus.
1051 999 1161 1068 Ego
1206 1002 1259 1054 in
1306 1002 1372 1055 iis
1421 1012 1468 1056 et
1514 1011 1571 1055 tu
1605 1002 1662 1055 in
1689 1018 1785 1066 me,
1819 1009 1878 1055 ut
1906 1002 2008 1055 sint
2039 1015 2164 1053 con-

607 1091 855 1143 summati
910 1090 964 1144 in
1012 1107 1197 1144 unum.
1248 1093 1422 1162 Atque
1477 1092 1547 1146 ita
1597 1091 1975 1158 adimplebitur
2035 1088 2164 1143 illud

605 1181 844 1250 Apostoli
877 1182 1077 1236 dictum
1111 1201 1124 1235 :
1153 1181 1221 1236 Ut
1253 1183 1392 1236 Deus
1429 1186 1498 1237 sit
1538 1183 1714 1236 omnia
1745 1184 1798 1234 in
1843 1181 2081 1236 omnibus
2097 1180 2162 1234 ³⁷.

607 1275 740 1329 Cum
783 1288 912 1329 vero
951 1273 1253 1342 Marcellus,
1287 1284 1341 1329 et
1369 1275 1457 1344 qui
1492 1288 1612 1328 cum
1642 1275 1758 1342 ipso
1788 1273 1973 1327 eodem
2010 1271 2166 1326 modo

607 1382 716 1436 quo
751 1367 863 1437 ipse
912 1366 1202 1422 Sabelliani
1244 1381 1389 1432 sunt,
1423 1367 1594 1422 tribus
1627 1369 1724 1423 niti
1775 1368 1982 1422 soleant
2016 1368 2167 1420 testi-

609 1456 822 1520 moniis,
852 1454 1046 1525 quibus
1061 1466 1324 1510 conantur
1342 1457 1646 1521 ostendere,
1662 1456 1874 1511 Patrem
1900 1469 2059 1528 atque
2076 1457 2167 1511 Fi-

607 1549 739 1603 lium
767 1562 887 1602 esse
921 1563 1106 1614 unum,
1134 1557 1316 1617 utputa
1365 1549 1491 1602 illud
1519 1567 1534 1602 :
1560 1547 1672 1618 Ego
1712 1560 1758 1602 et
1806 1549 1965 1603 Pater
2005 1566 2166 1602 unum

605 1658 786 1696 sumus
815 1641 894 1708 ³⁸;
929 1651 984 1696 et
1007 1640 1239 1695 secundo
1266 1659 1278 1694 :
1302 1638 1464 1693 Pater
1485 1641 1538 1694 in
1555 1657 1634 1693 me
1657 1652 1702 1694 et
1720 1657 1810 1710 ego
1832 1642 1883 1693 in
1910 1640 2068 1694 Patre
2084 1642 2126 1673 ⁸⁸
2151 1658 2166 1706 ;

605 1741 660 1785 et
692 1731 848 1786 tertio
875 1748 891 1788 :
918 1731 1023 1795 Qui
1057 1748 1134 1784 me
1166 1730 1313 1793 vidit,
1353 1731 1478 1798 vidit
1534 1741 1581 1783 et
1623 1728 1914 1795 Patrem“,
1939 1746 2056 1800 qua?
2090 1731 2162 1784 illi

604 1838 819 1892 semper
870 1823 922 1877 in
981 1838 1074 1876 ore
1133 1823 1372 1888 habent;
1404 1831 1458 1875 et
1517 1821 1647 1875 illud
1689 1841 1702 1875 :
1742 1820 1850 1889 Ego
1899 1831 1944 1874 et
2002 1819 2161 1873 Pater

604 1933 768 1972 unum
794 1913 1310 1984 sumus,objicienda
1337 1922 1464 1967 sunt
1491 1925 1522 1966 e
1555 1921 1738 1966 contra
1767 1926 1882 1980 quae
1901 1910 2012 1978 jam
2037 1925 2160 1979 pro-

606 2009 872 2064 tulimus:
912 2006 1002 2062 ubi
1046 2020 1144 2076 pro
1199 2003 1475 2073 discipulis
1530 2003 1831 2068 intercedit,
1873 2012 1929 2056 ut
1972 2016 2162 2056 omnes

603 2101 840 2172 ejusdem
872 2098 1093 2152 unitatis
1127 2095 1412 2164 participes
1459 2093 1609 2150 ﬁant.
1640 2093 1817 2162 lnquit
1859 2096 2002 2148 enim
2039 2109 2051 2144 :
2089 2093 2160 2148 Ut

602 2194 707 2248 sint
742 2207 925 2255 unum,
947 2185 1382 2258 quemadmodum
1411 2193 1459 2238 et
1490 2201 1582 2237 nos
1613 2201 1793 2237 sumus
1832 2201 2012 2237 unum.
2047 2183 2159 2252 Ego

601 2289 656 2340 in
683 2285 790 2338 illis
820 2293 867 2337 et
896 2292 952 2336 tu
982 2283 1036 2335 in
1065 2296 1166 2344 me,
1197 2287 1253 2332 ut
1283 2278 1387 2330 sint
1421 2276 1771 2330 consummati
1791 2277 1845 2330 in
1869 2293 2050 2330 unum.
2079 2279 2160 2331 Ad

601 2375 728 2432 illud
758 2383 935 2428 autem
961 2387 977 2426 :
1013 2369 1171 2424 Pater
1195 2370 1248 2422 in
1272 2385 1350 2422 me
1376 2377 1423 2422 et
1457 2383 1550 2436 ego
1585 2367 1639 2419 in
1673 2366 1857 2433 Putre,
1889 2383 2158 2436 Opponam

602 2468 778 2522 denuo
836 2464 1006 2534 ipsius
1044 2477 1253 2526 vocem,
1279 2460 1364 2515 ubi
1396 2461 1490 2523 ait,
1522 2475 1618 2530 pro
1657 2460 1724 2514 iis
1763 2459 2109 2513 iulercedens
2142 2475 2157 2512 :

568 2599 575 2608 .
602 2557 673 2614 Ut
701 2569 757 2612 tu
788 2555 953 2610 Pater
990 2555 1044 2608 in
1093 2569 1197 2618 me,
1239 2563 1286 2606 et
1336 2568 1428 2621 ego
1469 2552 1523 2605 in
1557 2563 1624 2617 te,
1650 2561 1705 2604 ut
1737 2562 1784 2605 et
1808 2552 1905 2618 ipsi
1936 2551 1988 2604 in
2014 2552 2161 2604 nobis

601 2664 762 2703 unum
797 2647 921 2700 sint.
950 2643 1017 2698 Et
1040 2660 1132 2714 ego
1166 2643 1462 2696 claritatem
1492 2657 1648 2711 quam
1673 2641 1861 2695 dedisti
1887 2640 2012 2694 mihi
2041 2640 2162 2693 dedi

599 2739 750 2809 ipsis.
790 2737 844 2791 In
890 2736 1086 2805 quibus
1125 2732 1406 2803 perspicue
1437 2731 1566 2787 illud
1604 2731 1876 2796 indicavit,
1913 2732 1978 2784 ad
2037 2745 2161 2786 eum

599 2833 816 2887 modum
848 2827 902 2882 in
944 2827 1063 2896 ipso
1095 2841 1213 2881 esse
1255 2825 1496 2888 Patrem,
1533 2839 1637 2892 quo
1668 2833 1724 2877 et
1767 2823 1819 2876 in
1864 2823 2018 2876 nobis
2051 2821 2163 2874 vult

599 2936 738 2976 esse.
789 2918 905 2973 Non
957 2917 1100 2985 quod
1152 2931 1316 2968 unum
1372 2915 1487 2984 ipse
1535 2924 1589 2968 et
1619 2913 1781 2967 Pater
1826 2914 2163 2984 hypostatice

599 3013 704 3067 fuit
735 3031 748 3066 :
782 3009 874 3066 sed
923 3007 1064 3077 quod
1113 3005 1270 3058 Pater
1303 3020 1425 3059 cum
1477 3004 1791 3074 participem
1846 3004 2020 3073 ipsum
2054 3018 2163 3056 suae

599 3105 784 3175 gloriae
830 3099 1041 3162 fecerit,
1093 3104 1147 3152 et
1193 3098 1306 3164 ipse
1339 3096 1406 3149 ad
1447 3095 1801 3150 imitationem
1854 3095 1936 3148 sui
1979 3093 2156 3148 Patris

2261 545 2403 598 οὕτω
2432 544 2524 596 καὶ
2558 543 2764 607 πάντας
2790 546 2936 615 ἡμᾶς
2964 544 3104 597 κατὰ
3134 544 3232 613 τὴν
3267 543 3434 597 αὐτοῦ
3471 544 3704 615 μίμησιν
3733 546 3822 615 τῆς

2264 634 2511 704 ἑνότητας
2543 633 2642 701 τῆς
2667 631 2777 703 (51)
2827 634 3111 702 μετασχεῖν
3143 631 3378 702 εὔχεται·
3411 632 3473 684 οὐ
3502 634 3641 685 κατὰ
3672 633 3822 704 Μάρ-

2261 725 2555 792 κελλονζτοῦ
2581 726 2752 792 Λόγου
2781 724 3049 795 ἐνωμένου
3067 724 3142 794 τῷ
3169 723 3286 794 Θεῷ
3314 725 3409 778 καὶ
3431 727 3494 794 τῇ
3524 726 3680 795 οὐσίᾳ
3708 743 3824 777 συν-

2261 816 2660 888 αφθησομὲνου,
2696 815 2878 879 καθὼς
2912 815 2970 870 δὲ
3007 815 3391 888 ἐμαρτύρησεν
3449 820 3482 888 ἡ
3524 818 3770 889 ἀλήθεια,
3795 821 3823 872 ὁ

2264 911 2455 982 Σωτὴρ
2497 910 2660 972 αὐτὸς
2689 909 2878 961 εἰπών·
2927 907 3046 975 Τὴν
3083 908 3271 972 δόξαν
3316 909 3393 979 ἢν
3437 909 3667 974 ἔδωκάς
3704 929 3819 978 μοι,

2263 1001 2482 1054 δέδωκα
2505 999 2727 1066 αὐτοῖς·
2759 1001 2859 1054 ἵνα
2883 995 3034 1053 ὦσιν
3072 999 3140 1053 ἓν
3174 1000 3285 1071 (52)
3323 999 3508 1064 καθὼς
3541 1000 3718 1069 ἡμεῖς
3757 1000 3825 1054 ἓν

2261 1095 2467 1163 ἐσμενο
2499 1092 2612 1162 ἐγὼ
2635 1094 2703 1146 ἑν
2727 1092 2930 1158 αὐτοῖς
2959 1092 3056 1146 καὶ
3089 1090 3170 1144 σὺ
3205 1092 3276 1146 ὲν
3295 1091 3440 1160 ἐμοὶ,
3464 1092 3561 1144 ira
3588 1087 3706 1144 ὦσι
3739 1108 3825 1144 τε-

2263 1184 2634 1253 τελειωμένοι
2677 1185 2764 1248 εἰς
2795 1182 2869 1236 ,τὸ
2899 1182 2987 1236 ἐν·
3034 1181 3176 1236 οὕτω
3211 1183 3322 1253 γὰρ
3360 1183 3452 1236 καὶ
3479 1183 3596 1235 τότε
3636 1185 3736 1236 καὶ
3765 1184 3824 1236 τὸ

2265 1275 2615 1329 άποστολικὸν
2647 1274 2829 1330 λοιπὸν
2863 1273 3048 1336 τέλους
3077 1272 3340 1338 τεύξεται,
3369 1273 3429 1325 τὸ
3456 1272 3648 1342 φῆσαν,
3691 1273 3827 1328 Ἵνα

2263 1363 2305 1439 ᾖ
2340 1371 2372 1422 ὁ
2406 1367 2548 1433 Θεὸς
2589 1367 2784 1421 πάντα
2809 1368 2879 1421 ἐν
2910 1364 3079 1422 πᾶσι.
3111 1365 3220 1419 Καὶ
3252 1363 3438 1434 ἐπειδὴ
3463 1364 3603 1434 τρισὶ⁸
3635 1367 3826 1434 ῥητοῖς

2266 1459 2578 1530 Μάρκελλος
2606 1459 2699 1511 καὶ
2731 1458 2780 1510 οἱ
2817 1458 2907 1511 τὸν
2944 1458 3125 1527 ὅμοιον
3169 1455 3317 1526 αὐτῷ
3339 1457 3537 1528 τρόπον
3567 1457 3826 1510 216530.!-

2267 1549 2450 1613 ζοντες
2480 1549 2711 1619 χρῆσθαι
2740 1547 2980 1610 εἰώθασι,
3015 1548 3104 1601 τὸν
3132 1548 3348 1619 Πατέρα
3379 1551 3475 1602 καὶ
3496 1550 3583 1602 τὸν
3609 1549 3735 1602 Υἱδν
3767 1549 3825 1601 ἒν

2268 1634 2405 1691 εἶναι
2441 1638 2766 1707 πειρώμενοι
2793 1637 3082 1691 δεικνύναι·
3113 1638 3239 1690 ποτὲ
3263 1638 3373 1706 (55)
3406 1639 3525 1708 μὲν,
3560 1638 3701 1708 Ἐγὼ
3727 1638 3825 1692 καὶ

2268 1729 2466 1797 Πατὴρ
2487 1730 2557 1783 ἐν
2577 1730 2781 1798 ἐσμεν,
2812 1727 3148 1798 Θρυλοῦντες·
3181 1729 3308 1780 ποτὲ
3331 1729 3388 1781 δὲ
3417 1729 3500 1790 τὸ,
3534 1731 3597 1782 Ὃ
3625 1729 3824 1796 Πατὴρ

2260 1822 2329 1873 ἐν
2341 1821 2490 1890 ἐμοὶ,
2522 1822 2679 1889 κάγὼ
2702 1820 2770 1873 ἐν
2791 1819 2868 1885 τῷ
2891 1819 3089 1886 Πατρίο
3116 1820 3209 1872 καὶ
3231 1820 3312 1881 τὺ,
3353 1820 3406 1870 Ὁ
3432 1818 3698 1888 ἑωρακὼς
3721 1819 3826 1888 ἐμὲ

2259 1913 2476 1980 ἑώρακε
2508 1913 2600 1965 καί
2642 1911 2747 1964 τὸν
2779 1910 3024 1978 Πατέρα·
3055 1912 3190 1982 πρὸς
3234 1912 3332 1982 μὲν
3364 1911 3445 1976 τὸ,
3492 1911 3630 1980 Ἐγὼ
3666 1911 3755 1963 καὶ
3785 1912 3822 1964 ό

2259 2005 2462 2072 Πατὴρ
2488 2004 2556 2057 ἓν
2577 2004 2762 2072 ἐσμεν
2787 2003 2854 2055 τὰ
2875 2003 3226 2073 προκείμενα,
3255 2004 3438 2066 αὐτοῖς
3465 2001 3820 2073 προσακτέον.

2259 2096 2326 2148 δι’
2355 2090 2430 2149 ὧν
2457 2095 2811 2166 ὑπερεύχεται
2833 2095 2942 2148 τῶν
2966 2096 3129 2150 αὐτοῦ
3164 2095 3442 2166 μαθητῶν,
3475 2094 3560 2147 ἵνα
3582 2093 3677 2146 καὶ
3699 2091 3823 2145 πάν-

2258 2205 2352 2251 τες
2378 2188 2528 2240 αὐτοὶ
2564 2187 2664 2256 τῆς
2700 2188 2867 2259 αὐτῆς
2907 2187 3017 2259 (54)
3056 2186 3297 2249 ἑνώσεως
3324 2187 3546 2256 τύχωσι·
3577 2185 3725 2254 λέγει
3765 2185 3825 2236 δὲ

2258 2275 2370 2343 οὖν,
2404 2280 2537 2335 Ἵνα
2561 2274 2712 2332 ὦσιν
2730 2278 2818 2344 ἐν,
2851 2279 3044 2346 καθὼς
3068 2279 3238 2350 ’ἡμεῖς
3257 2279 3343 2332 ἕν’
3374 2278 3487 2348 ἐγὼ
3507 2279 3576 2332 ἐν
3601 2276 3822 2341 αὐτοῖς,

2261 2368 2360 2421 καὶ
2395 2367 2475 2422 σὺ
2507 2370 2577 2421 ἐν
2603 2369 2751 2438 ἐμοὶ,
2788 2371 2888 2422 ἵνα
2914 2364 3023 2424 ὦσι
3054 2368 3484 2437 τετελειωμένοι
3516 2369 3603 2433 εις
3639 2365 3706 2419 τὸ
3735 2365 3823 2420 ἓν.

2262 2461 2404 2532 Πρὸς
2435 2461 2490 2514 δὲ
2521 2461 2600 2525 τὸ,
2624 2462 2678 2514 Ὀ
2715 2461 2914 2530 Πατὴρ
2950 2462 3021 2514 ἐν
3045 2461 3194 2530 ἐμοὶ,
3223 2459 3381 2529 κάγὼ
3411 2461 3479 2511 ἐν
3509 2458 3586 2521 τῷ
3611 2457 3826 2525 Harp},

2262 2553 2649 2624 παραθήσομεν
2674 2553 2772 2624 τὴν
2803 2553 2965 2606 αὐτοῦ
2993 2552 3152 2606 πάλιν
3177 2553 3374 2623 φωνὴν,
3403 2550 3467 2602 δι’
3489 2543 3555 2620 ἧς
3588 2549 3830 2619 ὑπερευ-

2261 2643 2486 2714 χόμενος
2537 2643 2713 2696 αὐτῶν
2760 2644 2928 2713 ἔλεγε·
2956 2643 3157 2709 Καθὼς
3180 2643 3283 2708 σὺ,
3324 2643 3527 2710 Πάτερ,
3566 2642 3636 2694 ἐν
3667 2640 3828 2710 ἐμοὶ,

2261 2735 2420 2805 κάγὼ
2445 2736 2514 2788 ἐν
2533 2736 2654 2797 σοὶ.
2678 2738 2778 2790 ἵνα
2805 2737 2902 2789 καὶ
2926 2737 3090 2789 αὐτοὶ
3116 2736 3187 2788 ἐν
3210 2734 3350 2804 ἡμῖν
3367 2730 3492 2789 ὥστ’
3525 2730 3686 2802 κάγὼ
3714 2731 3831 2800 τὴν

2260 2827 2466 2893 δόξαν,
2490 2826 2569 2895 ῆν
2610 2827 2866 2893 δέδωκάς
2908 2846 3028 2896 μοι,
3073 2826 3301 2880 δέδωκα
3341 2826 3562 2892 αὐτοῖς.
3609 2827 3686 2877 Δι’
3727 2818 3826 2889 ὧν,

2263 2919 2448 2988 σαφῶς
2481 2921 2806 2992 παρίστησιν
2841 2921 3011 2984 οὕτως
3043 2918 3178 2974 εἶναι
3206 2923 3262 2974 ὲν
3289 2919 3434 2990 αὐτῷ
3460 2920 3549 2972 τὸν
3586 2918 3828 2990 Πατέρα,

2261 3011 2440 3076 καθὼς
2469 3013 2562 3066 καὶ
2584 3014 2640 3064 ὲν
2662 3014 2790 3082 ἡμῖν
2820 3012 2954 3068 εἶναι
2986 3012 3251 3082 βούλεται.
3283 3013 3395 3082 Οὐχ
3422 3012 3504 3064 ὅτι
3542 3010 3829 3091 καθὀὑπό-

2264 3119 2449 3156 στασιν
2485 3101 2610 3173 μίαν
2631 3096 2708 3166 εἷς
2735 3102 2809 3155 ὢν
2835 3102 3088 3172 τυγχάνει
3109 3102 3270 3164 αὐτὸς
3298 3103 3392 3154 καὶ
3415 3103 3444 3153 ὁ
3471 3101 3676 3176 Πατήρο
3711 3098 3828 3153 ἀλλ’

600 3195 953 3252 familiaribus
984 3191 1097 3246 suis
1141 3204 1294 3244 suam
1339 3187 1701 3243 communicet
1747 3187 1994 3257 gloriam.
2028 3185 2152 3240 Ideo

2261 3195 2337 3246 ὅτι
2363 3193 2455 3246 τοῦ
2483 3194 2696 3264 Πατρὸς
2733 3193 3157 3264 μεταδεδωκότος
3197 3192 3344 3262 αὑτῴ
3370 3192 3483 3262 (55)
3512 3192 3717 3255 οἰκείας
3738 3191 3828 3244 δό-

599 3289 677 3342 ait
705 3307 717 3342 :
748 3285 860 3353 Ego
890 3281 1181 3336 claritatem
1219 3295 1376 3349 quam
1427 3277 1621 3332 dedisti
1669 3279 1797 3331 mihi
1829 3278 1950 3335 dedi
1976 3278 2070 3340 eis,
2101 3287 2155 3330 ut

2261 3279 2376 3349 ξης,
2417 3280 2514 3333 καὶ
2547 3280 2708 3344 αὐτὸς
2735 3281 2934 3351 ὁμοίως
2956 3283 3066 3344 τοῖς
3093 3281 3329 3344 οἰκείοις,
3357 3281 3447 3334 τὸν
3490 3282 3701 3352 Πατέρα
3733 3298 3824 3350 μι-

599 3379 704 3433 sint
738 3390 899 3428 unum
919 3375 1054 3426 sicut
1081 3381 1128 3425 et
1163 3386 1255 3424 nos
1293 3385 1456 3424 unum
1483 3384 1682 3423 sumus.
1709 3367 1821 3438 Ego
1854 3371 1909 3422 in
1937 3370 2001 3420 iis
2023 3378 2069 3420 et
2100 3378 2155 3420 tu

2261 3371 2544 3440 μούμενος,
2591 3369 2926 3441 μεταδίδωσι.
2967 3373 3058 3426 Διό
3083 3389 3235 3442 φησι,
3278 3372 3452 3440 Κάγὼ
3487 3371 3597 3439 τὴν
3638 3371 3824 3435 δόξαν

598 3469 654 3521 in
680 3481 781 3528 me,
811 3473 864 3516 ut
895 3470 941 3516 et
965 3462 1066 3529 ipsi
1096 3461 1170 3514 sic
1207 3459 1310 3513 sint
1349 3460 1401 3512 in
1436 3460 1598 3513 nobis.
1626 3461 1703 3513 ιω
1732 3459 1890 3513 Pater
1913 3469 1966 3513 et
1987 3459 2156 3513 Filius

600 3572 762 3612 umtm
801 3563 946 3618 sunt,
978 3554 1359 3608 communione
1389 3551 1649 3606 claritatis
1683 3568 1697 3601 :
1729 3565 1889 3619 quam
1917 3567 2039 3605 cum
2075 3552 2156 3603 di-

599 3646 817 3715 scipulis
847 3644 958 3698 suis
991 3641 1284 3712 impertiat,
1327 3640 1564 3710 ejusdem
1607 3654 1699 3695 eos
1750 3639 1962 3694 unionis
1988 3639 2156 3708 parti-

601 3739 747 3805 cipes
782 3734 926 3790 fecit.

2256 3460 2336 3526 ἢν
2359 3459 2582 3526 ἔδωκάς
2599 3480 2700 3529 μοι
2725 3461 2950 3517 δέδωκα
2972 3465 3196 3531 αὐτοῖς,
3219 3466 3320 3519 ἵνα
3345 3461 3496 3519 ὦσιν
3519 3463 3604 3525 ἐν,
3629 3463 3813 3527 καθὼς

2254 3551 2424 3620 ἡμεῖς
2455 3552 2562 3620 (56)
2591 3553 2679 3610 ἓν.
2699 3554 2900 3620 Καθὼς
2926 3555 3028 3618 σὺ,
3063 3556 3272 3624 Πάτερ,
3301 3556 3371 3608 ἐν
3401 3553 3715 3625 ἐμοὶ,κάῃῦ
3741 3553 3809 3605 ἐν

2259 3642 2378 3707 σοι,
2405 3643 2506 3695 ἵνα
2531 3643 2626 3696 καὶ
2662 3645 2826 3698 αὐτοὶ
2857 3646 2925 3698 ἐν
2951 3645 3093 3715 ἡμῖν
3122 3642 3288 3701 ὦσιν.
3318 3645 3507 3710 Οὕτως
3533 3641 3621 3698 οὖν
3649 3643 3705 3696 ἓν
3737 3643 3812 3696 εἰ-

2261 3747 2344 3782 σιν
2363 3733 2390 3782 ὁ
2411 3732 2598 3804 Πατὴρ
2621 3735 2712 3786 καὶ
2733 3736 2762 3786 ὁ
2784 3734 2910 3799 Υἱὸς
2932 3735 3072 3788 κατὰ.
3092 3736 3190 3807 τὴν
3216 3737 3500 3790 κοινωνίαν
3525 3736 3621 3805 τῆς
3643 3733 3821 3804 δόξης,

598 3828 667 3904 ἦς
693 3832 804 3894 τοῖς
832 3827 994 3883 αὐτοῦ
1034 3825 1299 3897 μαθηταῖς
1339 3823 1671 3895 μεταδιδοὺς,
1702 3826 1799 3894 τῆς
1826 3822 1994 3893 αὐτῆς
2019 3821 2261 3886 ὲνὼσεως
2294 3824 2382 3876 καὶ
2421 3825 2579 3889 αὐτὸς
2605 3826 2775 3894 ἠξίου.

1163 3943 1223 4001 >14
1264 3935 1492 3992 CAPUT
1529 3935 1647 3990 XX.

603 4032 756 4100 Quod
776 4040 830 4085 ut
869 4026 1029 4082 Pater
1057 4027 1113 4081 in
1147 4026 1310 4100 Filio,
1341 4037 1388 4080 et
1413 4024 1585 4100 Filius
1616 4027 1668 4079 in
1696 4025 1877 4100 Patre,
1915 4027 1988 4081 ita
2017 4036 2068 4081 et
2101 4028 2156 4081 in

1000 4100 1109 4152 suis
1139 4099 1336 4151 sanctis
1363 4097 1602 4150 omnibus
1627 4098 1748 4149 erit.

2893 3941 3050 3993 ΚΕΦ.
3087 3942 3170 3992 Κ’.

2259 4026 2386 4078 Ὀτι
2423 4028 2502 4091 ὡς
2530 4032 2563 4082 ό
2613 4029 2810 4097 Πατὴρ
2853 4030 2921 4082 ἐν
2963 4031 3041 4094 τῷ
3078 4029 3208 4094 Υὶῷ,
3250 4031 3348 4083 καὶ
3390 4034 3424 4084 ό
3475 4029 3608 4091 Υἱὸς
3637 4027 3708 4079 έν
3742 4025 3830 4092 τῷ

2314 4099 2512 4166 Πατρί,
2545 4099 2695 4151 οὕτω
2720 4099 2817 4152 καὶ
2841 4101 2911 4153 ἐν
2939 4099 3060 4166 τοῖς
3082 4101 3270 4170 ἁγίοις
3301 4101 3529 4154 ἅπασιν
3552 4099 3754 4151 ἔσται.

668 4209 874 4263 Rursus
918 4208 990 4261 ita
1031 4215 1158 4262 erat
1196 4207 1248 4260 in
1297 4206 1411 4275 ipso
1455 4205 1611 4261 Pater
1642 4214 1697 4259 et
1720 4206 1835 4275 ipse
1873 4208 1924 4260 in
1958 4206 2150 4272 Patre;

2326 4211 2435 4262 Kal.
2465 4210 2642 4273 πάλιν,
2674 4210 2845 4274 οὕτως
2877 4207 2944 4281 ἦν
2972 4214 2999 4264 ὁ
3028 4213 3217 4283 Πατὴρ
3249 4214 3304 4264 ἐν
3332 4208 3493 4279 αὐτῷ·
3527 4208 3620 4260 καὶ
3649 4208 3832 4272 αὐτὸς

597 4301 1048 4375 quemadmodum
1091 4297 1363 4353 concludit
1401 4297 1591 4352 beatus
1635 4297 1920 4366 Apestolus
1948 4300 2014 4352 de
2048 4299 2154 4351 illis

2261 4303 2313 4352 ὲν
2325 4299 2402 4370 τῷ
2419 4303 2610 4372 Πατρὶ,
2633 4303 2706 4365 ὼς
2736 4303 2763 4353 ὀ
2790 4302 2931 4366 θεῖος
2970 4304 3284 4365 Ἀπόστολος
3311 4302 3398 4354 καί
3432 4300 3562 4370 περ).
3593 4299 3832 4359 πάντων

593 4394 864 4455 omnibus,
896 4390 988 4460 qui
1020 4404 1183 4459 regno
1207 4389 1467 4444 caelorum
1491 4388 1634 4460 digni
1669 4392 1882 4456 iuerint,
1911 4390 1998 4443 ubi
2028 4391 2103 4442 ait
2135 4409 2149 4443 :

2261 4392 2494 4446 διδάσκει
2520 4393 2624 4446 τῶν
2653 4395 2751 4463 τῆς
2769 4395 3087 4464 ἐπουρανίου
3111 4393 3378 4464 βασιλείας
3401 4390 3587 4456 ἀξίων,
3617 4390 3826 4460 λέγων’

597 4487 744 4542 Tunc
775 4491 873 4541 erit
908 4483 1047 4538 Deus
1077 4484 1251 4536 omnia
1277 4483 1332 4536 in
1363 4482 1599 4535 omnibus
1615 4481 1682 4547 ⁸⁸,
1710 4483 1775 4536 ad
1801 4486 2012 4536 modum
2045 4499 2151 4550 quo

2264 4485 2398 4536 Τότε
2427 4483 2596 4537 ἔσται
2628 4488 2660 4537 ό
2702 4483 2845 4550 Θεὸς
2881 4485 3075 4538 πάντα
3118 4487 3187 4538 ἐν
3217 4484 3435 4539 πᾶσιν·
3477 4483 3553 4545 ὡς
3597 4483 3693 4535 καὶ
3736 4482 3802 4535 τὸ

595 4581 772 4634 dixit:
803 4576 1064 4630 Habitabo
1114 4576 1169 4628 in
1200 4573 1329 4634 illis,
1374 4582 1423 4626 et
1481 4572 1758 4626 ambulabo
1795 4574 1929 4626 inter
1971 4590 2056 4626 eos
2080 4574 2145 4628 δ’.

2269 4575 2594 4644 Ἐνοικήσω
2644 4577 2713 4629 ἐν
2761 4577 2964 4642 αὐτοῖς
3015 4578 3113 4630 καὶ
3162 4559 3637 4646 ἑμπερι-στατήσω,
3662 4573 3790 4626 λέλε

595 4672 700 4726 Sed
731 4679 784 4725 et
803 4667 1068 4738 quomodo
1084 4665 1281 4719 dictum
1311 4679 1324 4716 :
1355 4662 1467 4716 .Vos
1489 4665 1541 4716 in
1565 4665 1675 4730 ipso
1706 4664 1942 4726 vivimus,
1969 4674 2146 4717 etmo-

2261 4685 2402 4720 κται·
2438 4668 2545 4737 (57)
2581 4668 2714 4721 ἀλλὰ
2740 4672 2853 4732 καὶ,
2875 4669 3063 4738 Ἡμεῖς
3092 4671 3162 4723 ἐν
3193 4668 3352 4734 αὐτῴ
3379 4667 3583 4737 ζῶμεν,
3610 4666 3706 4719 καί
3738 4683 3829 4718 κι-

595 4778 792 4825 vemur,
817 4771 865 4814 et
879 4775 1060 4813 sumus
1078 4755 1143 4808 ”.
1177 4755 1305 4819 Quae
1330 4768 1459 4808 sane
1484 4754 1660 4807 omnia
1693 4754 1760 4806 de
1788 4754 1939 4806 nobis
1963 4753 2150 4806 dicun-

2261 4759 2528 4827 νούμεθα,
2568 4761 2667 4813 καί
2683 4760 2886 4830 ἐσμεν.
2931 4763 3038 4814 Καὶ
3071 4761 3242 4814 ταῦτα
3281 4760 3460 4814 πάντα
3500 4759 3628 4829 περὶ
3661 4757 3826 4828 ἡμῶν

595 4866 705 4916 tur,
733 4851 824 4922 qui
864 4859 1042 4904 tamen
1071 4847 1123 4900 in
1157 4846 1372 4916 pr0pria
1411 4843 1689 4914 hypostasi
1725 4843 2066 4898 subsistimus
2093 4854 2150 4898 et

2261 4849 2522 4916 λέλεκται,
2563 4852 2671 4905 τῶν
2709 4853 2827 4904 κατ’
2871 4852 3003 4906 ἰδίαν
3041 4854 3336 4906 ὑπόστασιν
3363 4850 3688 4920 ὑφεστώτων
3725 4850 3825 4902 καὶ

593 4944 856 5006 vivimus;
893 4953 992 4995 nec
1025 4937 1316 5007 quidquam
1361 4935 1622 4990 habemus
1651 4950 1774 4988 cum
1812 4945 2036 5002 paterna
2067 4936 2148 4989 di-

2261 4941 2468 5005 ζώντων
2499 4945 2592 4996 καὶ
2617 4944 2779 5014 μηδὲν
2808 4945 3036 5014 ἐχόντων
3061 4944 3233 4998 κοινὸν
3261 4943 3397 5015 πρὸς
3422 4943 3520 5014 τὴν
3545 4940 3823 5012 πατρικὴν

668 5129 727 5188 »Β
762 5121 858 5177 Ed.
894 5119 1092 5191 Paris,
1123 5117 1394 5191 pag._l__9l.
1425 5114 1699 5191 __"_‘Jo_an.
1751 5132 1805 5180 κ,
1841 5115 1929 5191 τοι
2018 5117 2160 5191 _"’_ll

2266 5162 2280 5174 .
2314 5137 2405 5183 xv.
2439 5123 2528 5178 28.
2642 5125 2686 5156 ³⁸
2719 5123 2872 5178 Joan.
2903 5141 2955 5191 χ,
2993 5125 3079 5180 50.
3157 5125 3200 5156 ³⁸
3231 5122 3356 5179 ibid.
3386 5121 3474 5176 58.
3589 5120 3635 5150 ⁵⁸
3657 5116 3811 5173 Joan.

592 5184 784 5260 ιινῖ9.
859 5191 903 5222 ⁵⁸
929 5187 950 5242 l
980 5187 1110 5247 Cor.
1125 5184 1224 5254 ἰν]
1254 5187 1344 5240 28.
1422 5184 1467 5218 ⁸³
1494 5184 1666 5241 Levit.
1691 5201 1838 5249 xxvn,
1868 5187 1975 5254 12;
2016 5187 2034 5240 Ι
2065 5189 2190 5243 Cor.
2219 5206 2294 5258 v1,
2328 5192 2414 5247 16.
2458 5192 2502 5224 ⁸³
2523 5195 2644 5249 Act.
2675 5210 2806 5259 xvu,
2845 5196 2937 5250 28.

662 5391 773 5463 (5|)
812 5391 979 5463 Vulgo
1021 5390 1184 5445 αὑτοῦ
1228 5399 1302 5446 at.
1347 5390 1417 5446 cl'.
1450 5389 1513 5444 D.
1548 5391 1640 5444 lin.
1683 5401 1738 5444 et
1767 5403 1890 5444 mox
1913 5413 1918 5426 ·-
1943 5392 2148 5462 ἐνωμέ-
2251 5415 2356 5462 νος,

588 5477 905 5542 “iam-..
1082 5531 1136 5542 μ
1221 5528 1236 5542 .
1500 5533 1521 5542 -
1626 5540 1635 5542 _
1900 5528 1912 5542 .
2048 5531 2059 5542 .

2321 5469 2432 5542 (ῥὸ)
2457 5470 2627 5542 Vulgo
2650 5471 2747 5542 τῆς
2777 5475 2878 5526 οἰκ.

663 5481 754 5584 J82
807 5530 978 5601 Vulgo
1007 5531 1187 5593 καθὼς
1221 5527 1360 5603 [καὶ]
1390 5531 1549 5601 ἡμεῖς
1590 5540 1644 5585 et
1686 5543 1812 5585 mox
1855 5528 1960 5600 γὰρ
2003 5531 2144 5584 τότε·

663 5533 774 5672 (55)
806 5601 975 5672 Vulgo
999 5603 1095 5671 μὲν
1121 5600 1200 5664 τό,
1238 5610 1294 5655 et
1321 5599 1502 5672 θρυλλ.
1591 5670 1601 5672 ᾼ
1968 5670 1978 5672 Α
2080 5669 2100 5672 __

2321 5472 2432 5611 (55)
2457 5472 2627 5539 Vulgo
2650 5472 2747 5542 τῆς
2777 5475 2878 5526 οἰκ.

2321 5540 2407 5610 (5ο
2467 5541 2635 5610 Vulgo
2655 5541 2712 5594 ἓν
2741 5545 2924 5613 ἐσμεν.

2321 5611 2432 5672 (57)
2483 5610 2643 5666 Forte
2696 5613 3000 5672 legendum,
3065 5611 3245 5672 Ἀλλὰ,
3294 5612 3369 5672 ὡς
3414 5611 3503 5664 καὶ
3549 5608 3685 5672 misi

685 5599 772 5686 §il
806 5599 1095 5686 Χυιέομέν
1121 5600 1200 5664 τόν
1223 5599 1297 5686 ἐξ
1321 5599 1509 5686 “PP”;
1580 5670 1607 5686 η
1804 5685 1810 5686 ,
2077 5669 2100 5686 η

2299 5599 3000 5686 _i5_7')_7_FoFtelegendum,
3065 5611 3245 5677 Ἁλῶά,
3294 5612 3369 5676 ὡς
3414 5611 3503 5664 καὶ
3549 5608 3716 5682 ἡμεῖς
3757 5600 3834 5660 ἓν

663 5670 776 5739 (⁷54)
810 5670 1303 5753 αἰνέσεωςἎῳ
1350 5670 1420 5724 cr.
1469 5670 1701 5753 Datim;
1738 5685 1857 5753 mos
1895 5670 2051 5753 vuigo
2077 5670 2138 5724 ’ἐν

2261 5670 2398 5752 ιύτῴ
2414 5670 2621 5753 ζῶμεν.
2665 5681 2735 5736 Μ.

591 5738 763 5814 ἐσμεν
799 5738 1020 5796 διἀειιι
1068 5740 1449 5812 παραθήσομεν
1511 5750 1566 5798 et
1621 5742 1687 5794 δι’
1734 5738 1799 5813 ἧς
1839 5738 2135 5814 ἐπερχόμε-
