4050 6206
411 126 557 184 ιθιε

1334 118 1424 174 DE
1454 119 1985 183 ECCLESIASTICA
2025 117 2417 176 THEOLOGIA
2455 117 2586 174 LIB.
2623 115 2719 174 III.

3487 115 3624 177 1040

417 247 666 317 θιότητα.
706 243 773 297 Τί
824 241 938 314 (58)
974 240 1041 315 δὴ,
1070 233 1162 294 οὖν
1199 239 1306 310 χρὴ
1335 237 1653 310 θαυμάζειν,
1685 242 1734 293 εἰ
1771 241 1864 294 καὶ
1888 240 1972 293 ἐπὶ

2079 241 2304 296 vinitate
2336 255 2643 296 commune.
2673 237 2935 306 Quocirca
2968 253 3072 294 non
3116 246 3201 294 est
3238 237 3453 304 mirum,
3480 225 3525 294 si
3562 240 3636 298 de

416 335 512 389 τοῦ
548 331 702 398 Υἱοῦ,
732 333 788 386 αἰ
812 329 1179 400 παραπλήσιοι
1207 327 1460 399 φέρονται
1489 330 1678 399 φωναίο
1707 331 1806 384 οὐκ
1829 332 1980 386 ἀναι-

421 425 611 498 ροῦσαι
657 425 754 495 μὲν
793 421 954 476 αὐτοῦ
993 419 1092 490 τὴν
1135 419 1431 474 ὑπόστασιν
1478 421 1588 474 οὐδ’
1634 421 1793 476 αὐτὸν
1841 417 1980 476 εἶναι

418 517 638 590 Πατέρα
661 517 754 569 καὶ⁵
774 514 899 568 Υἱδν
919 513 1401 586 διδάσκουσαιιτὴν
1420 512 1477 566 δὲ
1499 512 1599 566 τοῦ,
1615 514 1825 586 Πατρὸς
1846 513 1980 585 πρὸς

420 611 584 665 αὐτὸν
618 607 918 672 ἰδιάζουσαν
939 606 1035 660 καὶ
1077 605 1350 677 ἐξαίρετον
1389 605 1552 677 τιμὴν
1583 606 1678 658 καὶ
1703 605 1860 670 δόξαν
1884 605 1981 675 τῆς

424 700 736 776 μονογενοῦς
759 698 1062 770 καὶθεῖκῆς
1087 697 1370 762 κοινωνίας
1397 696 1748 769 περιπῶσαι,

1029 873 1186 928 ΚΕΦ.
1226 875 1358 928 KA'.

419 969 613 1035 ὀπως
641 965 757 1038 χρὴ
779 965 942 1022 νοεῖν
979 968 1070 1038 τόξ
1092 966 1155 1020 '0
1188 963 1454 1038 ἑωρακὼς
1476 965 1600 1037 ἐμὲ,
1629 965 1847 1035 ἑώρακε
1881 964 1980 1018 καὶ

1003 1036 1109 1091 τὸν
1153 1035 1402 1104 Πατέρα.

483 1128 668 1195 Οὕτως
699 1122 794 1183 οὖν
817 1128 913 1182 καὶ
939 1129 972 1182 ό
998 1127 1264 1195 ἑωρακὼς
1286 1126 1470 1192 αὐτὸν,
1505 1125 1723 1194 ἑώρακε
1749 1124 1848 1178 καὶ
1875 1124 1982 1178 τὸν

414 1223 672 1291 Πατέρα,
703 1219 782 1291 τῷ
816 1219 972 1290 μόνον
1012 1219 1182 1275 αὑτὸν
1212 1219 1306 1274 καὶ
1348 1219 1550 1290 μηδένα
1591 1217 1747 1272 ἄλλον
1780 1218 1981 1271 εἰκόνα

414 1311 554 1368 εἶναι
596 1311 704 1367 τοῦ
737 1311 884 1365 Θεοῦ
924 1311 1029 1365 τοῦ
1073 1310 1327 1380 ἀοράτου
1367 1311 1460 1364 καὶ
1504 1309 1841 1381 ἀπαύγασμα
1881 1311 1981 1379 τῆς

411 1408 571 1478 δόξης
621 1405 716 1459 καὶ
758 1404 1082 1476 χαρακτῆρα
1126 1406 1227 1476 τῆς
1281 1404 1626 1468 ὑποστάσεως
1677 1401 1864 1468 αὐτοῦ,
1911 1403 1981 1456 ἐν

409 1495 616 1569 μορφῇ
660 1513 724 1550 τε
767 1495 914 1550 Θεοῦ
945 1495 1256 1565 ὑπάρχειν,
1291 1495 1432 1550 κατὰ
1479 1495 1580 1560 τὰς
1619 1494 1978 1557 ἀ-ποστολικὰς

2081 332 2215 389 Filio
2263 333 2396 389 tales
2441 347 2600 388 voces
2645 339 2992 401 usurpentur,
3019 345 3139 401 quae
3179 329 3396 384 minime
3446 329 3634 384 tollant

2079 433 2259 478 tamen
2293 423 2460 490 ipsius
2487 421 2822 495 hypostasin,
2857 424 3050 476 nedum
3101 419 3424 475 confirmant
3456 420 3629 490 ipsum

2077 528 2198 570 esse
2225 523 2280 568 et
2313 513 2526 568 Patrem
2558 522 2614 569 et
2645 511 2840 568 Filium
2873 531 2886 565 :
2925 510 3292 566 tantummodo
3338 524 3634 580 repraesen-

2078 614 2193 660 tant
2226 605 2375 659 illam
2419 605 2653 659 divinam
2693 603 2952 673 unigeniti
3000 601 3119 656 Filii
3170 601 3632 663 communionem,

2078 698 2359 764 honorem,
2394 705 2554 768 atque
2585 695 2835 767 gloriam,
2867 709 3026 764 quam
3066 707 3131 748 ex
3171 692 3259 747 illa
3292 707 3322 747 a
3350 691 3511 746 Patre
3536 706 3633 746 suo

2078 790 2255 846 habeL

2654 879 2878 937 CAPUT
2916 879 3056 936 XXI.

2081 971 2351 1038 Quomodo
2389 973 2607 1044 εηιειιερί
2629 974 2809 1095 de‘begt
2825 972 2960 1096 [illud
2982 989 3000 1026 .-
3021 989 3040 1024 ι
3074 970 3177 1038 Qui
3197 953 3324 1026 uidit
3355 985 3463 1037 me,
3502 967 3632 1024 uidit

2563 1084 2582 1095 ,ι
2659 1061 2686 1096 e
2790 1062 2818 1096 a
2848 1059 2976 1096 rem.
3008 1062 3026 1095 ι
3317 1077 3321 1082 ι

2563 1084 2582 1095 ,ι
2659 1059 2707 1097 et
2740 1059 2976 1096 Patrem.
3008 1062 3026 1095 Ι
3317 1077 3321 1082 -

2149 1135 2221 1190 Ita
2258 1150 2468 1204 quoque
2507 1143 2560 1189 et
2587 1136 2677 1204 qui
2707 1134 2856 1188 illum
2889 1134 3040 1197 vidit,
3068 1132 3196 1187 vidit
3226 1141 3275 1186 et
3318 1131 3534 1185 Patrem
3551 1126 3622 1193 “,

2079 1237 2143 1277 eo
2173 1224 2314 1291 quod
2346 1223 2458 1292 ipse
2491 1222 2637 1278 solus
2663 1223 2757 1286 sit,
2797 1238 2902 1277 non
2937 1232 3114 1277 autem
3150 1222 3289 1276 alius
3320 1219 3587 1290 quispiam
3615 1256 3634 1284 ,

2079 1312 2262 1383 Imago
2293 1313 2391 1369 Dei
2411 1314 2768 1380 invisibilis“,
2795 1322 2849 1369 et
2871 1313 3141 1370 emanatio
3159 1311 3427 1366 claritatis
3447 1309 3586 1364 illius
3615 1349 3632 1375 ,

2078 1418 2134 1462 et
2167 1408 2452 1461 character
2471 1422 2760 1476 expressus
2798 1409 3150 1477 hypostasens
3182 1404 3300 1474 ejus
3323 1405 3438 1472 qui,
3468 1412 3526 1456 ut
3552 1402 3632 1458 lo-

2078 1498 2262 1567 quitur
2298 1498 2612 1567 Apostolus,
2660 1499 2716 1552 in
2759 1497 2933 1568 forma
2979 1498 3076 1552 Dei
3115 1497 3293 1566 fuerat
3318 1496 3385 1550 ⁸⁸.
3420 1495 3554 1550 Nam
3580 1505 3637 1549 ut

411 1585 778 1647 διδασκαλίας.
821 1585 908 1647 Ὦς
931 1583 1040 1656 γὰρ
1067 1585 1160 1638 καὶ⁹
1183 1587 1213 1638 ό
1244 1583 1341 1656 τὴν
1367 1583 1648 1656 βασιλικὴν
1672 1584 1852 1638 εἰκόνα
1874 1584 1972 1655 τὴν

2073 1586 2164 1656 qui
2195 1586 2478 1657 imaginem
2516 1587 2658 1655 regis
2693 1601 3028 1655 expressam,
3055 1601 3158 1654 qua
3186 1585 3446 1641 exactiori
3479 1583 3636 1639 modo

414 1678 501 1730 ἐπ’
529 1675 749 1748 ἀκριϐὲς
770 1676 1202 1746 ἁφωμοιωμένην
1224 1676 1371 1746 αὐτῷ
1389 1675 1708 1747 τεθεαμένος
1728 1675 1852 1740 τοὺς
1873 1675 1972 1746 τῆς

2073 1687 2484 1748 repraesentatur
2512 1693 2630 1745 rex,
2659 1679 2902 1733 intuetur
2930 1693 3026 1748 per
3054 1677 3240 1733 formae
3282 1678 3453 1747 ipsius
3492 1677 3631 1746 figu-

397 1830 402 1834 _
416 1767 630 1838 μορφῆς
655 1765 853 1830 τύπους
875 1766 964 1820 διὰ
993 1767 1091 1838 τῆς
1115 1767 1331 1839 γραφῆς
1359 1767 1805 1840 ἀποματτόμενος
1839 1783 1972 1837 φαν-

2073 1778 2179 1831 ras,
2208 1779 2303 1835 per
2329 1765 2593 1835 picturam
2621 1766 2918 1836 insculptas
2944 1766 3144 1831 animo,
3161 1782 3340 1837 regem
3369 1766 3634 1836 imagina-

415 1857 691 1911 τασιοῦται
718 1857 810 1910 τὸν
842 1857 1082 1927 βασιλέα,
1107 1859 1200 1913 τὸν
1236 1859 1398 1912 αὑτὸν
1437 1858 1657 1930 τρόπον,
1690 1857 1891 1930 μᾶλλον
1916 1858 1973 1912 δὲ

414 1951 559 2020 ὑπὲρ
587 1949 760 2004 πάντα
787 1949 898 2020 (59)
925 1949 1079 2018 λόγον
1117 1951 1313 2014 παντός
1347 1967 1407 2003 τε
1435 1951 1689 2006 ἐπέκεινα
1719 1950 1978 2021 παραδείςι

413 2057 638 2112 γματος,
662 2041 692 2092 ό
717 2039 792 2111 νῷ
814 2041 1025 2109 διαυγεῖ
1058 2041 1151 2094 καὶ
1177 2041 1354 2112 ψυχῆς
1381 2041 1813 2114 κεκαθαρμένοις
1835 2043 1974 2113 ἁγίῳ

408 2149 471 2184 τε
512 2129 784 2202 Πνεῦματι
817 2131 1246 2201 πεφωτισμένοις
1287 2131 1496 2203 ὄμμασι
1539 2132 1618 2201 τῷ
1655 2148 1716 2186 τε
1759 2131 1973 2204 μεγέθει

408 2222 507 2293 τῆς
535 2221 626 2275 τοῦ
653 2222 968 2294 μονογενοῦς
994 2221 1123 2276 Υίοῦ
1142 2225 1236 2277 καὶ
1257 2208 1460 2296 Κυρίου
1489 2225 1767 2296 δυνάμεως
1793 2224 1975 2276 ἐνατε-

409 2312 581 2378 νίσας,
612 2314 706 2368 καὶ
744 2316 1018 2386 ἐννοήσας,
1044 2316 1192 2379 ὅπως
1221 2317 1278 2368 ὲν
1306 2315 1454 2387 αὐτῷ
1497 2318 1739 2371 κατοικεῖ
1770 2317 1876 2368 πᾶν
1911 2315 1972 2368 τὸ

357 2401 366 2406 ’
408 2404 696 2475 πλήρωμα
720 2404 830 2473 τῆς
860 2403 1150 2476 πατρικῆς
1183 2405 1477 2474 θεότητος,
1507 2408 1600 2463 καὶ
1621 2406 1696 2468 ὡς
1723 2407 1790 2460 τὰ
1823 2408 1974 2475 σύμ’

407 2509 605 2550 «arta
631 2494 717 2548 δι’
742 2494 927 2549 αὐτοῦ
954 2495 1209 2564 ἐγένετο,
1235 2496 1334 2550 καὶ
1366 2496 1435 2548 ἐν
1454 2494 1613 2564 αὐτῷ
1633 2496 1876 2565 ἐκτίσθη
1901 2495 1974 2550 τὰ

407 2583 627 2650 πάντα,
652 2583 726 2638 τὰ
752 2585 821 2639 ὲν
843 2585 967 2650 τοῖς
986 2585 1286 2655 οὐρανοῖς,
1321 2587 1420 2640 καὶ
1459 2587 1530 2640 τὰ
1563 2586 1661 2640 ἐπὶ
1689 2587 1798 2657 τῆς
1837 2587 1969 2660 γῆς.

408 2677 480 2732 τὰ
509 2677 681 2748 ὁρατὰ
716 2678 809 2730 κα)⁸
852 2677 920 2731 τὰ
959 2677 1184 2748 ἀόρατα·
1229 2679 1578 2750 λογισάμενός
1616 2697 1676 2733 τε
1709 2681 1784 2744 ὡς
1815 2681 1972 2753 μόνον

413 2769 576 2827 αὑτὸν
616 2769 741 2822 Υἱὸν
777 2771 1037 2840 μονογενῆ
1076 2769 1266 2840 ἐγέννα
1300 2771 1328 2822 ὁ
1375 2769 1580 2842 Πατὴρ,
1627 2771 1769 2829 κατὰ¹
1799 2772 1970 2826 πάντα

415 2860 840 2932 ἀφωμοιωμένον
870 2860 1018 2932 αὑτῷ
1049 2861 1294 2931 δυνάμει,
1330 2861 1421 2914 καὶ
1466 2862 1625 2916 αὑτὸν
1661 2862 1848 2932 ὄψεται
1878 2864 1969 2917 τὸν

415 2951 654 3025 Πατέρα,
683 2953 769 3007 διὰ
791 2953 885 3010 τοῦ
915 2953 1041 3006 Υίοῦ
1070 2952 1455 3024 θεωρούμενον,
1474 2955 1584 3016 τοῖς
1608 2954 1707 3025 τὴν
1735 2953 1967 3008 διάνοιαν

414 3044 858 3115 κεκαθαρμένοις,
887 3048 1014 3117 περὶ
1030 3039 1103 3098 ὧν
1125 3045 1334 3115 εἴρηται
1362 3045 1446 3108 τὸ,
1469 3045 1756 3114 Μακάριοι
1785 3049 1838 3101 ol
1868 3062 1970 3101 κα-

413 3135 582 3203 θαροὶ
609 3135 683 3204 τῇ
706 3135 937 3203 καρδίᾳ,
971 3135 1058 3189 ὅτι
1084 3136 1250 3189 αὐτοὶ
1284 3134 1389 3190 τὸν
1417 3134 1564 3191 Θεὸν
1593 3136 1861 3204 ὄψονται.

481 3224 664 3280 Ταῦτα
702 3227 800 3297 μὲν
827 3221 918 3283 οὖν
948 3226 1298 3299 προθεμένοις
1323 3228 1456 3299 ἡμῖν
1489 3225 1600 3297 (60)
1644 3228 1842 3280 σκοπὸν
1873 3228 1969 3298 τὴν

409 3313 765 3385 βραχυλογίαν
785 3315 860 3378 ὡς
880 3317 936 3368 ὲν
956 3317 1190 3387 ἐπιτομῇ
1212 3332 1344 3386 γεγυ
1352 3314 1591 3385 μνάσθω·
1628 3314 1882 3386 πλείστης
1911 3317 1968 3370 δὲ

406 3408 538 3478 ὅσης
565 3406 882 3480 ἐξεργασίας
916 3407 1182 3478 δεομένων
1221 3406 1326 3460 τῶν
1355 3405 1494 3460 κατὰ
1520 3406 1611 3459 τὸν
1651 3406 1832 3471 τόπον,
1861 3409 1968 3478 ὅτῳ

408 3497 560 3568 μέλει
591 3498 688 3568 τῆς
724 3497 929 3551 τούτων
984 3495 1247 3569 ἀκριϐοῦς
1280 3497 1629 3570 καταλήψεως
1660 3501 1770 3562 τοῖς
1808 3499 1970 3568 εὐαγ-

408 3588 640 3658 γελικοῖς
665 3589 758 3644 καὶ
783 3589 1155 3653 ἀποστολικοῖς
1174 3589 1561 3660 ἁναγνώσμασι
1614 3591 1711 3662 τὴν
1731 3591 1969 3646 διάνοιαν

406 3681 692 3752 ἐπερείσας
717 3681 809 3734 τὸν
843 3681 1018 3735 πάντα
1044 3681 1166 3735 νοῦν
1193 3680 1252 3747 ἐξ
1281 3679 1457 3735 αὐτῶν
1493 3680 1584 3736 ἐπὶ
1618 3681 1812 3752 σχολῆς
1840 3683 1970 3737 ἀνα-

405 3770 632 3839 λέξεταιο
682 3772 889 3844 μυρίων
916 3790 979 3842 γε
1029 3773 1133 3845 μὴν
1177 3773 1270 3825 καὶ
1297 3772 1469 3826 ἄλλων
1496 3773 1880 3846 ἀσυναρτήτως
1911 3777 1968 3828 ὲν

405 3862 484 3934 τῷ
509 3864 823 3936 Μαρκέλλου
852 3866 1240 3936 συγγράμματι
1266 3865 1789 3936 συμπεφορημένων,
1822 3866 1971 3918 πλεί-

408 3970 547 4010 στων
585 3972 646 4008 τε
676 3956 814 4010 ὅσων
857 3956 1110 4020 ἐναντίως
1149 3955 1227 4026 τῷ
1271 3954 1566 4027 βουλήματι
1605 3957 1702 4026 τῆς
1749 3957 1968 4029 Γραψῆς

405 4047 706 4118 εἰρημένων
733 4047 932 4119 ἑτέρων
958 4065 1016 4102 τε
1044 4046 1411 4118 βεϐιασμένων
1441 4047 1534 4099 καὶ
1565 4046 1834 4117 μηδεμίαν
1867 4065 1969 4102 σω-

407 4140 610 4196 σάντων
669 4137 984 4193 ἀκολουθίαν
1033 4138 1206 4192 κοινὸν
1246 4137 1338 4190 τὸν
1384 4136 1600 4208 ἔλεγχον
1650 4139 1968 4210 κατάφωρον

2074 1863 2198 1921 tur;
2229 1857 2296 1912 ad
2328 1857 2575 1912 eumdem
2611 1858 2848 1926 modum,
2888 1869 2980 1914 aut
3018 1859 3195 1929 potius
3230 1874 3390 1928 supra
3420 1874 3633 1914 onmem

2076 1947 2293 2004 modum
2327 1947 2724 2018 rationemque,
2761 1958 2818 2004 et
2854 1965 3014 2019 supra
3055 1949 3330 2018 exemplar
3359 1951 3635 2019 quodcun-

2073 2053 2199 2108 que,
2249 2040 2340 2109 qui
2395 2051 2574 2096 mente
2632 2042 2898 2098 illustrata
2950 2053 3113 2113 atque
3138 2043 3312 2099 oculis
3380 2045 3545 2098 animi
3601 2061 3631 2098 a

2075 2129 2279 2200 Spiritu
2319 2140 2510 2186 sancto
2545 2132 2861 2191 illuminatis
2888 2143 2943 2188 et
2979 2134 3283 2206 purificatis
3331 2133 3633 2189 intuebitur

2074 2230 2310 2277 attentus
2371 2225 2795 2294 magnitudinem
2829 2226 3090 2296 unigeniti
3141 2225 3235 2281 Dei
3272 2223 3415 2290 Filii,
3449 2237 3502 2280 et
3530 2226 3635 2280 Do-

2075 2313 2202 2368 mini
2234 2313 2437 2383 glorize,
2465 2323 2520 2370 et
2549 2316 2690 2384 apud
2723 2321 2780 2379 vis
2809 2317 3046 2370 animum
3081 2332 3236 2371 suum
3282 2319 3632 2386 reputaverit.

2073 2403 2301 2473 qualiter
2329 2406 2381 2458 in
2409 2419 2474 2459 eo
2509 2406 2716 2461 habitet
2748 2406 2926 2460 omnis
2960 2406 3231 2475 plenitudo
3271 2421 3507 2475 paterna:
3547 2407 3632 2457 di-

2072 2494 2304 2550 vinitatis
2326 2493 2393 2559 ⁸⁷,
2421 2505 2478 2550 et
2502 2496 2641 2564 quod
2666 2496 2840 2549 omnia
2864 2512 2955 2564 per
2977 2496 3143 2563 ipsum
3172 2497 3316 2564 facta
3353 2499 3457 2550 sint
3481 2496 3548 2562 ⁸⁸,
3579 2507 3633 2550 et

2071 2583 2126 2637 in
2149 2597 2213 2638 eo
2256 2583 2459 2638 condita
2485 2585 2589 2638 sint
2614 2587 2872 2650 universa,
2899 2601 3015 2656 quo:
3048 2587 3102 2639 in
3135 2587 3296 2652 cwlis,
3326 2598 3372 2640 et
3393 2603 3631 2654 quaeau-

2069 2694 2160 2746 ραν
2192 2688 2385 2733 terram
2413 2688 2557 2743 sunt,
2599 2677 2824 2732 uisibilia
2857 2690 2903 2732 et
2950 2677 3326 2744 invisibilia";
3359 2689 3412 2733 et
3448 2693 3631 2733 recor-
3715 2701 3728 2724 ο

2072 2769 2229 2823 datus
2262 2769 2420 2824 fuerit
2451 2769 2594 2839 quod
2622 2769 2770 2823 illum
2804 2768 2976 2824 solum
3007 2767 3203 2823 Filium
3237 2770 3336 2824 sibi
3386 2769 3662 2839 uuigeni-.

2072 2868 2183 2914 tum
2214 2861 2455 2931 genuerit
2481 2860 2661 2927 Pater,
2687 2862 2882 2916 virtute
2919 2861 3017 2931 ipsi
3058 2876 3156 2931 per
3192 2861 3367 2915 omnia
3413 2862 3630 2915 assimi-

2070 2949 2233 3005 latum
2269 2967 2282 3002 :
2322 2952 2386 3016 is,
2420 2961 2474 3006 et
2509 2952 2702 3022 ipsum,
2732 2953 2917 3008 iisdem
2968 2953 3163 3007 mentis
3197 2951 3363 3006 oculis
3396 2953 3548 3022 puris
3576 2962 3632 3006 et

2070 3042 2360 3108 defzecatis,
2400 3042 2615 3100 Patrem
2652 3045 2945 3099 intuebitur
2988 3043 3043 3099 in
3085 3042 3219 3099 Filio
3257 3043 3630 3099 resultantem.

2069 3133 2226 3189 Tales
2263 3133 2372 3190 sint
2396 3135 2461 3189 de
2489 3136 2682 3205 quibus
2708 3135 2908 3191 dictum
2937 3144 3019 3190 est
3044 3154 3057 3190 :
3084 3133 3236 3189 Beati
3284 3137 3372 3208 qui
3434 3137 3630 3190 mundo

2069 3235 2188 3282 sunt
2228 3231 2419 3292 corde,
2472 3229 2719 3299 quoniam
2801 3228 2902 3297 ipsi
2984 3229 3226 3282 videbunt
3267 3227 3513 3282 Deum".

2136 3321 2309 3390 Atque
2339 3320 2442 3375 ista
2461 3321 2674 3390 quidem
2697 3319 2836 3374 velut
2859 3335 2955 3389 per
2976 3321 3247 3390 epitomen
3283 3320 3391 3375 sint
3417 3335 3448 3374 a
3473 3319 3628 3374 nobis

2069 3410 2339 3467 elaborata
2390 3429 2404 3465 :
2462 3413 2654 3481 quippe
2695 3413 2785 3481 qui
2833 3412 3148 3466 brevitatem
3212 3421 3463 3479 tauquam
3509 3425 3630 3465 sco-

2068 3518 2196 3573 pum
2231 3483 2508 3572 quemdam
2549 3502 2699 3557 nobis
2724 3516 3192 3572 proposueramus.
3213 3501 3280 3554 Et
3312 3513 3454 3556 certe
3488 3505 3628 3555 mul-

2071 3604 2124 3648 ta
2182 3593 2272 3648 illa
2343 3608 2508 3663 opera
2566 3604 2726 3662 atque
2795 3591 3080 3648 sedulitate
3134 3592 3456 3645 exascianda
3515 3591 3629 3646 fue-

2070 3692 2193 3739 rant
2240 3693 2372 3754 qnae'
2405 3685 2519 3740 hanc
2569 3692 2832 3754 spectant.
2869 3683 2925 3739 in
2981 3685 3123 3754 quod
3156 3685 3198 3738 si
3228 3684 3349 3752 quis
3376 3683 3502 3738 velit
3531 3699 3627 3737 ac-

2069 3777 2308 3832 curatius
2334 3776 2667 3844 incumbere,
2700 3777 2766 3832 de
2799 3775 3026 3831 lectione
3061 3775 3383 3846 evangelica:
3413 3783 3468 3829 et
3506 3790 3631 3844 apu-

2069 3869 2274 3926 stolica‘.
2309 3869 2635 3940 Scriptum,
2681 3869 2968 3938 diligenter
3005 3869 3410 3930 animadversa,
3461 3868 3628 3920 tnnltn

2069 3960 2284 4029 quidem
2319 3959 2470 4027 plura
2502 3958 2756 4027 colligere
2803 3955 3022 4026 poterit,
3051 3970 3171 4024 qua:
3218 3953 3455 4008 Marcelli
3497 3953 3623 4006 illud

2070 4063 2202 4117 opus
2249 4049 2506 4102 dissolute
2546 4057 2882 4117 compactum
2943 4046 3206 4101 refellant.
3248 4044 3304 4099 ln
3349 4058 3458 4114 quo
3499 4059 3624 4111 pro-

2072 4140 2211 4195 lecto
2249 4147 2498 4194 sexcenta
2547 4139 2851 4194 iStiusmodi
2889 4138 3247 4207 reperiuntur,
3283 4152 3401 4206 qua:
3439 4147 3625 4191 contra

403 4229 701 4300 γεγονέναι,
731 4229 883 4302 παρὰ
922 4233 1034 4294 τοῖς
1064 4227 1380 4299 εὐφρονοῠσι
1410 4227 1498 4282 διὰ
1538 4227 1644 4281 τῶν
1705 4229 1835 4302 ἡμῖν
1883 4228 1970 4294 ἐξ·

2073 4245 2291 4286 sensum
2336 4240 2390 4285 et
2448 4233 2767 4286 sententiam
2827 4231 3123 4302 Scriptura;
3180 4230 3414 4284 militant
3455 4238 3627 4282 :snnt

399 4325 711 4392 ετασμένων
734 4320 1051 4394 ἡγούμενος,
1078 4319 1286 4383 τούτοις
1313 4317 1720 4392 ἀρκεσθήσομαι
1743 4320 1874 4389 (61)-

2078 4337 2197 4392 qua:
2245 4320 2351 4374 vim
2400 4319 2693 4390 Scriptum
2755 4321 2993 4376 inferunt
3070 4316 3447 4384 manifestam,
3506 4331 3626 4386 qna:

405 4413 603 4467 nullam
664 4414 819 4484 plane
854 4414 1137 4469 observant
1182 4413 1663 4482 consequentiam,
1707 4429 1825 4485 quae
1875 4422 2016 4488 apud
2061 4421 2351 4490 prudentes
2405 4413 2752 4472 manifestam
2806 4417 3101 4480 insinuant,
3144 4415 3238 4470 sed
3282 4427 3624 4468 communem

401 4513 454 4557 et
490 4505 775 4573 proclivem
809 4503 1184 4560 refutationem
1213 4519 1307 4576 per
1338 4520 1397 4560 se
1429 4504 1681 4562 aliorum.
1727 4507 1832 4562 Sed
1869 4523 1966 4566 nos
2005 4510 2154 4567 hisce
2181 4511 2417 4565 contenti
2445 4507 2673 4575 erimus,
2733 4521 2854 4576 quae
2909 4506 2974 4561 ad
3007 4503 3432 4574 disquisitionem
3468 4516 3624 4556 voca-

403 4599 576 4652 vimus
601 4599 654 4653 in
683 4600 956 4670 praesenti.

398 4692 692 4748 Εὐσεϐίου
730 4691 848 4748 τῶν
877 4695 1026 4749 κατὰ
1056 4697 1404 4764 Μαρκέλλου
1447 4699 1708 4768 ἐλέγχων
1746 4698 1939 4764 τέλος.

2202 4696 2476 4751 Librorum
2507 4694 2719 4751 Eusebii
2748 4703 2930 4750 contra
2967 4693 3276 4748 Marcellum
3302 4697 3446 4761 linis.

475 4836 532 4908 ge
554 4829 651 4908 βά.
677 4791 1158 4908 Ρειτξενᾟεᾳςξθᾷ
1229 4835 1569 4908 “Joan.nv,
1588 4838 1639 4893 9.
1707 4836 1750 4868 ⁵⁵
1774 4836 2147 4901 Coloss.t,15'.
2225 4837 2268 4868 ⁵⁸
2287 4836 2511 4908 Philipp.
2533 4837 2662 4902 ",6.
2739 4839 2782 4870 ⁸⁷
2809 4835 3014 4892 Coloss.
3039 4851 3097 4901 Il,
3129 4835 3184 4890 9.
3262 4835 3304 4867 ³⁸
3333 4834 3488 4891 Joan.
3511 4837 3622 4899 1,5.

399 4897 444 4931 ”
472 4901 678 4956 Coloss.
704 4916 745 4966 ι,
773 4901 862 4956 9.0.
889 4897 904 4902 “
934 4902 980 4934 ⁸¹’
1010 4903 1199 4959 Matth.
1232 4921 1285 4973 v,
1315 4907 1372 4962 8.

471 5028 756 5110 (§§_)Yulgo
777 5029 854 5110 δέ,
878 5040 932 5085 et
959 5048 1081 5088 mox
1103 5036 1497 5110 παραπλήσιαι.

491 5099 579 5172 59)
611 5100 714 5172 ιιι».
738 5101 957 5172 τρόπιν.

489 5170 578 5242 60)
610 5169 930 5243 Vulgo'post
986 5175 1182 5248 σκοπὸν
1240 5176 1363 5232 add.
1417 5183 1567 5250 τινάς
1625 5201 1747 5243 mox
1799 5189 1957 5261 vulgo

2065 5043 2243 5118 μέλλει
2252 5083 2264 5096 .

2132 5115 2240 5186 (6|)
2272 5116 2436 5186 Vulgo
2459 5113 2945 5187 ὲξαρκεσθήσομαι.
