4050 6206
508 165 646 226 1047

1176 171 1445 231 EUSEBll
1481 173 1958 233 CESARIENSIS
1996 178 2146 236 OPP.
2188 181 2372 238 PARS
2410 180 2498 239 IV.
2539 214 2608 225 —
2645 184 3066 243 DOGMATICA.

3585 189 3741 245 4048

545 320 3747 372 πω

1244 506 1999 664 EUSEBII
2080 512 2304 664 PA
2328 514 3011 693 MPHILI

817 791 1545 908 CAESARE/13
1628 798 1777 910 IN
1862 799 2700 921 PAL/ESTINA
2781 802 3418 922 EPISCOPI

1506 1040 2328 1173 OPUSCULA
2384 1046 2727 1177 XIV.

542 1280 817 1344 Primum
858 1282 924 1341 in
954 1279 1366 1369 lucemhedita
1396 1278 1614 1369 studio
1649 1286 1709 1339 et
1737 1294 1927 1369 opera
1961 1278 2554 1369 Jacobinsirmondi.
2586 1283 2909 1369 societatis
2940 1288 3097 1347 Jesu
3130 1289 3501 1369 presbyteri,
3536 1302 3597 1356 et
3654 1314 3693 1356 a

1156 1358 1496 1420 Gallandio
1528 1375 1752 1419 recusa
1782 1367 1934 1420 tom;
1968 1361 2050 1419 IV
2089 1359 2483 1422 Bibliotheca:
2510 1373 2783 1423 veterum
2811 1363 3094 1430 Patrum.

2105 1508 2179 1526 ᾧ

955 1658 1134 1768 DE
1215 1658 1543 1770 FIDE
1624 1657 2373 1775 ADVERSUS
2454 1661 3299 1777 SABELLIUM.

1674 2017 2017 2103 LIBER
2099 2016 2583 2104 PRIMUS.

564 2204 701 2256 Sunt
747 2204 1035 2257 iacentium
1064 2220 1181 2273 qua:
1221 2204 1493 2270 dicuntur,
1530 2219 1584 2260 et
1613 2208 1902 2261 dicentium
1937 2222 2055 2274 quae
2086 2213 2130 2269 A
2163 2218 2271 2259 erat
2311 2209 2448 2273 apud
2476 2206 2635 2259 Deum
2661 2248 2673 2269 ,
2708 2217 2753 2260 et
2790 2208 2923 2260 Deus
2950 2218 3063 2261 erat
3093 2207 3362 2263 Verbum:
3401 2212 3496 2263 lmc
3535 2221 3646 2263 erat
3677 2213 3733 2264 in

490 2304 755 2349 tacentur.
784 2294 1027 2350 Charitas
1048 2298 1187 2351 enim
1208 2312 1312 2351 non
1331 2298 1609 2361 dividitur,
1639 2315 1740 2353 non
1762 2300 2056 2368 spernitur.

491 2386 766 2456 Siquidem
798 2397 852 2440 et
882 2387 973 2456 qui
1005 2398 1143 2443 tacet
1177 2404 1271 2458 per
1302 2389 1463 2444 alium
1488 2392 1746 2462 loquitur,
1774 2401 1827 2447 et
1848 2393 1937 2461 qui
1981 2393 2059 2447 lo-

489 2479 675 2545 quitur
721 2495 818 2548 per
862 2481 1025 2534 alium
1072 2490 1232 2537 tacet.
1289 2482 1342 2537 In
1375 2498 1483 2537 uno
1514 2485 1658 2538 enim
1686 2499 1909 2553 corpore
1952 2500 2055 2539 non

488 2571 667 2624 omnia
718 2572 955 2626 membra
1009 2572 1320 2642 loquuntur,
1376 2590 1437 2629 os
1489 2591 1583 2643 pro
1611 2576 2059 2645 ommbusloqui-

491 2672 596 2719 tur.
644 2662 770 2717 Sive
807 2664 973 2734 igitur
1011 2680 1199 2720 omnes
1247 2667 1547 2736 loquamur,
1594 2669 1708 2721 sive
1751 2685 1910 2731 unus,
1946 2670 2057 2723 sive

488 2755 706 2824 plures;
756 2755 1013 2810 Dominus
1042 2757 1279 2825 loquitur
1300 2798 1313 2818 ,
1345 2759 1434 2826 qui
1470 2759 1636 2811 dicit:
1678 2758 1790 2828 Ego
1820 2776 1969 2823 sunt;
2004 2769 2057 2813 et

486 2847 683 2901 iterum
714 2848 878 2902 dicit:
916 2847 1030 2917 Ego
1070 2865 1207 2902 sum.
1262 2849 1395 2903 Cum
1426 2866 1553 2919 ergo
1590 2852 1702 2917 ipse
1746 2852 1910 2917 dicit,
1948 2852 2057 2921 Ego

485 2954 602 2992 sum
626 2978 642 3003 ,
675 2948 728 2991 tu
760 2941 1001 2993 consenti
1035 2942 1157 3009 quia
1204 2940 1318 3007 ipse
1344 2951 1456 3002 est,
1498 2954 1553 2994 ut
1583 2951 1633 2996 et
1670 2954 1719 2995 tu
1756 2944 1850 2997 tias
1886 2944 2056 3012 parti-

485 3045 632 3099 ceps.
667 3030 808 3084 Dicit
838 3031 1093 3086 Domina-5
1116 3051 1126 3085 :
1153 3031 1265 3102 Ego
1299 3048 1449 3086 sum:
1472 3044 1524 3087 et
1570 3050 1727 3089 nemo
1760 3036 1901 3089 dicat
1932 3039 2053 3105 quia

486 3137 594 3175 non
624 3131 727 3176 est.
772 3123 911 3177 Dicit
945 3122 1106 3177 Pater
1138 3143 1151 3177 :
1188 3124 1291 3177 Hic
1322 3134 1422 3186 est,
1450 3127 1660 3193 suscipe
1683 3137 1737 3180 et
1764 3143 2053 3196 venerare;

484 3223 539 3266 et
569 3214 709 3267 Filio
760 3215 957 3269 dicenti
994 3214 1149 3281 :Eqa
1205 3233 1343 3270 sum.
1394 3218 1572 3270 crede.
1614 3218 1785 3273 Crede
1828 3234 1957 3273 sane
2003 3229 2057 3274 et

486 3304 648 3358 Patre
686 3304 1087 3360 demonstrante
1127 3307 1249 3373 quia
1301 3307 1462 3360 habet
1502 3307 1691 3361 Filium
1738 3307 1869 3376 (62).
1922 3309 2057 3362 Dicit

482 3396 626 3449 enim
657 3397 834 3461 Pater,
871 3395 971 3449 llic
999 3407 1076 3452 est
1119 3414 1135 3451 :
1170 3398 1258 3467 qui
1314 3398 1441 3451 hic?
1470 3398 1645 3453 Filius
1680 3418 1851 3461 meus,
1887 3400 1956 3453 ait
1985 3402 2052 3452 υ.

482 3486 598 3541 Neu
635 3497 811 3541 tamen
844 3504 942 3543 vox
967 3506 1109 3553 mea,
1132 3500 1226 3543 aut
1255 3495 1520 3561 cogitatus
1547 3508 1731 3559 meus;
1762 3495 1852 3548 sed
1881 3493 2059 3548 Filius

2159 2298 2417 2366 principio
2445 2299 2583 2366 apud
2600 2298 2766 2352 Deum
2792 2300 2858 2350 ⁵³.
2900 2300 2960 2353 Et
2989 2314 3129 2367 smpe
3153 2300 3302 2363 dicit,
3338 2301 3507 2355 Erat:
3536 2314 3586 2356 et
3611 2302 3735 2372 qui-

2159 2390 2281 2443 dam
2312 2405 2377 2445 ne
2402 2390 2616 2458 quidem
2648 2390 2809 2444 semel
2836 2390 3164 2445 contendunt
3191 2393 3333 2461 quod
3358 2403 3457 2455 est,
3491 2392 3586 2445 sed
3624 2409 3731 2448 nec

2160 2480 2326 2535 semel
2358 2480 2495 2533 dixit
2522 2481 2587 2533 de
2622 2478 2782 2543 Filio,
2813 2478 2913 2531 Hic
2955 2492 3049 2533 est.
3099 2479 3203 2535 Sed
3248 2495 3363 2534 cum
3391 2485 3532 2539 venit
3554 2481 3729 2536 Filius

2157 2581 2217 2626 ut
2266 2572 2513 2642 impleret
2561 2587 2773 2626 omnem
2820 2570 3083 2639 justitiam
3136 2589 3231 2640 per
3266 2572 3481 2627 Joannis
3527 2574 3716 2643 baptio

2157 2675 2357 2726 sutum,
2389 2663 2512 2731 quia
2566 2671 2775 2730 tempus
2822 2672 2937 2716 erat
2989 2672 3046 2715 ut
3089 2662 3239 2732 signa
3272 2663 3489 2724 faceret,
3538 2672 3590 2717 et
3626 2664 3727 2718 de-

2159 2762 2492 2808 monstraret
2517 2753 2767 2808 virtutem
2797 2768 2915 2823 quae
2938 2763 3054 2808 erat
3084 2755 3342 2808 absconsa
3370 2771 3383 2807 :
3418 2764 3474 2807 ut
3508 2771 3575 2808 ne
3608 2756 3730 2823 quis

2157 2855 2372 2916 putaret
2422 2846 2543 2913 quia
2590 2855 2649 2898 ut
2697 2847 2858 2900 homo
2910 2862 3074 2914 purus
3117 2846 3363 2917 indigens
3406 2848 3726 2915 baptismum

2156 2941 2305 2993 venit
2344 2940 2408 2992 ad
2452 2938 2779 3007 baptismum
2831 2936 2945 3009 (65)
2979 2957 2992 2992 :
3029 2938 3233 3006 primus
3271 2937 3505 2992 Joannes
3543 2949 3729 3006 utpote

2155 3049 2261 3086 vox
2308 3046 2412 3084 non
2465 3038 2645 3094 tacet;
2702 3029 2792 3097 qui
2824 3044 2927 3080 vox
2976 3028 3193 3094 quidem
3231 3028 3539 3092 dicebatur,
3570 3031 3729 3081 homo

2157 3134 2334 3176 autem
2380 3128 2515 3177 erat.
2568 3118 2624 3174 Si
2667 3120 2831 3188 igitur
2855 3117 3089 3173 Joannes
3136 3120 3226 3187 qui
3272 3133 3376 3172 vox
3411 3119 3587 3171 dictus
3621 3134 3724 3172 non

2158 3215 2418 3268 interimit
2481 3212 2754 3267 hominem
2818 3211 2975 3281 (66),
3035 3211 3211 3281 magis
3270 3209 3441 3264 Filius
3491 3209 3723 3262 Verbum

2156 3306 2331 3359 dictus
2380 3322 2482 3358 non
2528 3304 2801 3374 intercipit
2844 3304 3033 3357 Deum.
3110 3302 3294 3373 Neque
3343 3305 3485 3357 enim
3516 3302 3722 3359 Zacha-

2158 3404 2264 3451 rias
2299 3412 2483 3451 vocem
2518 3397 2721 3466 genuit,
2756 3410 2931 3466 neque
2962 3396 3236 3451 Elisaheth
3274 3411 3460 3451 vocem
3498 3399 3718 3467 peperit.

2156 3488 2339 3556 Neque
2382 3490 2520 3542 Deus
2552 3486 2808 3553 Verbum,
2840 3502 2961 3541 eum
2991 3487 3083 3555 qui
3130 3501 3196 3541 ex
3227 3502 3359 3541 voce
3394 3498 3479 3542 est
3519 3490 3708 3558 genuit,

482 3595 651 3638 incus.
680 3580 874 3647 inquit,
903 3582 985 3634 hic
1011 3591 1111 3647 est;
1147 3581 1314 3637 Filius
1337 3600 1487 3638 meus
1509 3586 1907 3641 dilectissimus.
1939 3586 2052 3640 Non
2085 3575 2128 3628 Β
2158 3578 2248 3631 sed
2295 3578 2463 3631 Deum
2496 3576 2730 3632 Verbum
2762 3595 2775 3631 ε
2809 3577 2930 3645 ηυῑθ
2962 3575 3196 3631 Joannes
3240 3578 3455 3646 (Ιυίάθηι
3502 3592 3602 3631 ’ὀί
3630 3591 3715 3629 νο·

484 3672 575 3739 qui
601 3674 909 3726 contrarius
939 3684 1024 3727 est
1054 3676 1211 3739 tnihi,
1244 3676 1336 3731 sed
1364 3677 1456 3745 qui
1491 3693 1575 3732 me
1601 3679 1831 3732 honorat
1860 3688 1913 3732 et
1939 3680 2056 3732 dili-

481 3764 580 3831 git.
613 3764 705 3818 Est
733 3765 874 3819 enim
895 3765 1065 3824 Filius
1093 3777 1147 3819 ut
1175 3767 1362 3832 Filius,
1386 3778 1440 3823 et
1467 3779 1548 3823 est
1572 3769 1739 3825 Filius
1767 3771 1856 3824 Dei
1888 3784 1943 3824 ut
1966 3773 2054 3824 Fi-

480 3857 607 3915 lius.
660 3856 726 3911 Et
772 3873 892 3912 cum
935 3860 1004 3912 sit
1041 3860 1131 3913 Dei
1167 3860 1359 3926 Filius,
1386 3872 1562 3916 tamen
1601 3849 1703 3916 non
1747 3864 2053 3918 intermittit

479 3964 644 4002 unum
672 3951 954 4021 imperium
992 3952 1168 4008 Patris
1199 3952 1333 4024 (65).
1370 3952 1429 4009 Si
1462 3955 1605 4008 enim
1642 3955 1745 4009 alia
1779 3956 2053 4024 placerent

478 4039 650 4104 Patri,
685 4043 785 4095 alia
813 4042 1016 4097 faceret
1039 4045 1245 4110 Filius;
1280 4045 1344 4099 lis
1365 4059 1421 4100 et
1448 4045 1713 4100 dissensio
1741 4047 2047 4112 haberetur,

478 4142 533 4187 et
604 4135 997 4200 periclitaretur
1044 4147 1221 4190 unitas
1287 4136 1522 4205 imperii.
1576 4137 1631 4190 Si
1677 4148 1852 4192 autem
1882 4139 2049 4204 dicit,

477 4240 595 4290 qua:
629 4226 727 4291 ipsi
769 4226 970 4291 placent
1003 4228 1143 4295 [ario
1183 4245 1382 4298 semper
1408 4230 1453 4260 ⁵³
1486 4229 1636 4300 (ὺ4);
1668 4231 1790 4299 quia
1836 4245 1898 4284 ca
1932 4246 2050 4299 quae

476 4318 691 4386 placent
720 4316 864 4372 Patri
921 4334 1134 4388 semper
1180 4319 1328 4383 facit,
1379 4336 1554 4389 neque
1598 4322 1904 4375 contrarius
1944 4332 2047 4384 est,

475 4424 653 4479 neque
683 4410 951 4477 dissentit,
983 4427 1156 4479 neque
1179 4413 1497 4468 adversatur
1526 4413 1671 4467 Patri
1707 4432 1719 4467 :
1756 4414 1846 4467 sed
1875 4414 2048 4468 hono-

473 4503 729 4557 riﬁcatet
754 4505 1094 4573 diligitsuum
1122 4507 1441 4573 genitorem,
1469 4507 1625 4575 eique
1662 4507 1862 4560 obedit.
1910 4507 2050 4561 Scri-

366 4636 381 4655 ,
476 4605 623 4661 ptunt
651 4606 764 4650 est:
799 4596 897 4649 llic
926 4607 1024 4661 est,
1059 4596 1167 4666 Ego
1190 4614 1348 4662 sum;
1387 4608 1443 4651 et
1474 4615 1488 4650 :
1527 4596 1592 4651 In
1620 4599 1881 4667 principio
1914 4610 2044 4651 erat.

475 4688 532 4740 Si
574 4688 715 4740 enim
770 4686 981 4741 Patrem
1028 4688 1350 4758 interrogas,
1389 4689 1521 4743 dicit
1564 4706 1577 4743 :
1623 4687 1728 4741 Hic
1767 4699 1842 4743 est
1874 4687 2047 4742 Filius

473 4794 619 4830 meus
672 4777 1103 4831 dilectissimus:
1150 4787 1205 4831 et
1257 4794 1361 4832 non
1407 4779 1580 4833 solum
1641 4780 1794 4843 dicit,
1849 4781 1941 4834 sed
1996 4791 2048 4833 et

471 4872 730 4926 ostendit.
782 4870 841 4925 Si
889 4887 916 4923 a
945 4870 1081 4925 Filio
1125 4874 1386 4942 requiras,
1430 4874 1599 4928 dicit:
1633 4870 1745 4940 Ego
1793 4891 1907 4927 sum
1941 4891 1958 4928 :
1993 4884 2046 4928 et

2156 3668 2398 3733 cabatur,
2436 3669 2595 3723 homo
2635 3679 2812 3723 autem
2853 3679 3012 3724 erat:
3058 3670 3131 3724 ita
3173 3679 3226 3723 et
3274 3670 3535 3725 Dominus
3562 3669 3720 3725 Jesus

2154 3773 2208 3816 et
2243 3763 2476 3817 Verbum
2507 3763 2705 3817 dicitur
2736 3778 2841 3819 non
2870 3764 3173 3827 visibiliter,
3206 3766 3299 3818 sed
3317 3762 3554 3819 Verbum
3585 3765 3723 3819 Dens

2153 3866 2207 3911 et
2234 3858 2371 3926 apud
2401 3855 2571 3911 Deum
2607 3873 2621 3909 :
2653 3870 2756 3909 non
2784 3855 2957 3909 solum
2986 3854 3239 3919 Verbum,
3267 3872 3442 3926 neque
3482 3872 3587 3910 una
3620 3872 3723 3910 vox

2153 3964 2216 4002 ex
2252 3950 2454 4012 multis,
2490 3950 2582 4003 sed
2625 3948 2935 4017 unigenitus
2968 3948 3129 4002 Deus.
3171 3948 3306 4014 Quia
3347 3949 3511 4018 igitur
3538 3948 3720 4001 venie-

2151 4043 2247 4095 bat
2280 4051 2336 4094 ut
2364 4032 2982 4111 baptizaretur-propter
3007 4054 3125 4103 nos,
3166 4038 3399 4093 Joannes
3430 4050 3719 4107 antequam

2152 4136 2611 4204 appropinquaret
2638 4134 2727 4202 qui
2753 4134 3107 4202 baptizandus
3135 4141 3275 4197 erat,
3309 4132 3430 4200 quia
3461 4146 3557 4184 vos
3589 4141 3710 4183 erat

2151 4241 2254 4278 non
2294 4227 2477 4292 tacuit,
2504 4227 2595 4280 sed
2627 4226 2874 4280 clamavit
2904 4227 3087 4281 dicens
3117 4245 3128 4279 :
3154 4225 3327 4295 quid?
3351 4226 3480 4277 Ecce
3524 4222 3709 4292 Agnus

2150 4316 2246 4370 Dei
2270 4316 2335 4369 ⁵⁸.
2397 4317 2586 4373 Nonne
2641 4319 2839 4372 dictum
2898 4318 3000 4371 hoc
3049 4318 3288 4373 ostendit
3338 4330 3454 4371 cum
3503 4330 3595 4391 qui
3648 4324 3714 4376 ad

2152 4410 2470 4477 baptismum
2495 4410 2755 4463 venerat?
2782 4411 2871 4479 qui
2895 4411 3035 4465 enim
3059 4410 3365 4482 videbatur,
3393 4426 3509 4470 erat
3533 4416 3717 4487 Agnus

2150 4502 2283 4555 Dei:
2316 4503 2406 4569 qui
2461 4512 2638 4556 autem
2687 4503 3078 4571 occultabatur,
3133 4512 3387 4564 sacerdos
3421 4510 3534 4565 Dei.
3579 4509 3719 4563 Dicit

2145 4610 2272 4659 “‘80
2304 4593 2571 4658 Joannes.
2607 4594 2741 4647 Ecce
2768 4596 2945 4669 Agnus
2976 4602 3093 4658 Dei.
3138 4602 3254 4657 Non
3288 4610 3405 4656 erat
3437 4611 3496 4655 ut
3519 4602 3719 4655 diceret

2149 4685 2366 4752 Filium,
2400 4702 2504 4739 non
2537 4698 2653 4743 erat
2688 4700 2744 4744 ut
2768 4693 2973 4747 diceret
3001 4710 3201 4765 regem.
3251 4697 3356 4749 Sed
3400 4696 3525 4763 quia
3574 4694 3717 4748 desi—

2146 4779 2406 4835 derabant
2436 4780 2563 4852 justi
2617 4792 2669 4836 et
2719 4787 2993 4855 prophetat
3040 4796 3094 4840 et
3148 4802 3325 4855 reges,
3376 4797 3435 4840 ut
3474 4786 3718 4839 viderent

2146 4873 2374 4930 salutem
2414 4876 2618 4944 mundi,
2655 4879 2860 4946 peccati
2887 4887 3139 4945 mortem,
3163 4878 3485 4949 corruptelae
3511 4891 3715 4931 necem.

474 4964 577 5019 hoc
605 4965 939 5032 frequenter,
972 4964 1015 5017 si
1048 4963 1396 5034 Evangelium
1422 4965 1577 5035 legis,
1602 4965 1845 5020 invenies
1871 4967 2045 5023 diccn-
2070 4955 2116 5019 C
2147 4967 2279 5033 Quia
2310 4968 2454 5024 enim
2504 4969 2607 5024 ista
2639 4980 2762 5025 erat
2803 4973 3135 5041 exspectatio
3174 4971 3465 5039 iustorum,
3502 4970 3717 5041 quando

476 5068 617 5113 tem:
641 5058 708 5111 In
746 5059 1005 5127 principio
1034 5069 1166 5122 erat,
1192 5068 1267 5125 et,
1291 5059 1429 5123 apud
1448 5056 1614 5110 Deum
1643 5068 1773 5123 erat,
1805 5070 1879 5123 et,
1904 5060 2042 5113 Deus

471 5158 585 5203 erat
618 5168 636 5208 :
664 5151 731 5205 In
772 5153 1028 5221 principio
1082 5152 1223 5206 enim
1281 5159 1393 5204 erat
1448 5148 1691 5217 Verbum,
1740 5168 1788 5207 et
1818 5155 2041 5209 Verbum

2147 5062 2357 5116 veniret
2383 5062 2429 5117 is
2453 5064 2545 5132 qui
2574 5074 2757 5135 nosset
2782 5072 2835 5118 et
2866 5063 3159 5119 resolveret
3181 5078 3245 5117 ea
3276 5078 3395 5132 qua:
3424 5077 3521 5131 Per
3544 5062 3714 5116 Adam

2150 5155 2289 5209 mala
2334 5156 2551 5211 inducta
2590 5168 2735 5223 sunt,
2766 5158 2884 5212 ideo
2909 5156 3055 5212 venit
3075 5166 3129 5213 et
3156 5158 3404 5228 apparuit
3434 5155 3715 5211 Dominus.

542 5268 585 5301 ³⁸
622 5269 811 5325 Matth.
844 5288 929 5334 In,
967 5272 1054 5327 17.
1128 5276 1173 5306 ³⁸
1196 5272 1351 5328 Joan.
1379 5290 1499 5335 vm,
1522 5274 1614 5328 29.
1691 5275 1734 5305 ⁵³
1763 5273 1921 5327 Joan.
1950 5291 1987 5337 ι,
2033 5276 2051 5327 l

2155 5314 2167 5327 .
2242 5275 2289 5306 "
2326 5277 2457 5330 ibid.
2487 5277 2579 5331 29.

544 5362 653 5432 (6‘2)
680 5365 1095 5419 Emendationes
1128 5377 1181 5420 et
1206 5368 1364 5420 variae
1396 5367 1671 5429 lectiones,
1699 5383 1761 5420 ex
1787 5368 1903 5419 cod.
1934 5384 2032 5420 ms.

471 5434 531 5488 S.
568 5435 804 5487 Cornelii
834 5437 1299 5503 Compendiensis.
1347 5436 1510 5490 Crede
1539 5454 1662 5491 sane
1694 5452 1738 5491 et
1767 5438 1918 5491 Patri
1949 5441 2037 5490 de-

470 5507 787 5575 monstranti
816 5510 938 5575 quia
967 5508 1116 5559 habet
1141 5518 1188 5560 et
1222 5506 1438 5560 Filium.

548 5572 658 5642 4.65)
709 5572 908 5628 Ms."Et
954 5593 1069 5647 cum
1124 5579 1189 5628 sit
1231 5578 1326 5631 Dei
1357 5576 1553 5647 Filius,
1611 5595 1709 5633 non
1748 5580 2038 5633 intermittit

474 5650 639 5707 tilium
675 5647 944 5716 imperium
974 5645 1173 5712 Patris.

2216 5367 2324 5449 (iii)
2364 5369 2461 5423 Ms.
2500 5371 2563 5425 Si
2600 5381 2771 5425 autem
2803 5372 2933 5425 dicit
2963 5369 3169 5440 Filius,
3203 5371 3331 5438 Quae
3360 5370 3461 5440 ipsi
3502 5369 3717 5438 placent

2149 5438 2288 5492 facio
2320 5455 2552 5507 seraper.
3157 5438 3161 5440 ν
3380 5438 3395 5440 “

2217 5510 2327 5575 (65)
2371 5510 2467 5563 Ms.
2509 5510 2757 5579 [ndigens
2805 5512 3056 5579 baptismo
3094 5512 3231 5566 venit
3262 5511 3330 5565 ad
3376 5510 3713 5573 baptismum.

2220 5582 2331 5645 (uti)
2370 5580 2462 5633 Ms.
2499 5580 2559 5633 Si
2593 5583 2754 5648 igitur
2786 5593 2831 5633 et
2872 5600 2967 5637 rex
2992 5582 3237 5650 Joannis,
3274 5584 3364 5653 qui
3391 5596 3489 5635 eoa:
3518 5582 3713 5645 dictus,

2146 5669 2248 5700 mx-
2289 5654 2545 5719 intercipit
2578 5653 2859 5705 hominem.
