  <div class='ocr_page' id='page_1' title='image "/cluster/home/n/w/nwhite01/storage/ocr_20150623/24/hvd.32044073501801/534.png"; bbox 0 0 4050 6206; ppageno 0'>
   <div class='ocr_carea' id='block_1_1' title="bbox 344 263 485 320">
    <p class='ocr_par' dir='ltr' id='par_1_1' title="bbox 344 263 485 320">
     <span class='ocr_line' id='line_1_1' title="bbox 344 263 485 320; baseline 0.007 -1"><span class='ocrx_word' id='word_1_1' title='bbox 344 263 485 320; x_wconf 69' lang='grc' dir='ltr'><strong>ιοιθ</strong></span> 
     </span>
    </p>
   </div>
   <div class='ocr_carea' id='block_1_2' title="bbox 1228 255 2709 317">
    <p class='ocr_par' dir='ltr' id='par_1_2' title="bbox 1228 255 2709 317">
     <span class='ocr_line' id='line_1_2' title="bbox 1228 255 2709 317; baseline -0.006 0"><span class='ocrx_word' id='word_1_2' title='bbox 1228 261 1316 317; x_wconf 86' lang='lat' dir='ltr'><strong>DE</strong></span> <span class='ocrx_word' id='word_1_3' title='bbox 1350 261 1505 317; x_wconf 86' lang='lat' dir='ltr'><strong>FIDE</strong></span> <span class='ocrx_word' id='word_1_4' title='bbox 1541 260 1903 317; x_wconf 72' lang='lat' dir='ltr'><strong>ADVERSUS</strong></span> <span class='ocrx_word' id='word_1_5' title='bbox 1944 257 2353 315; x_wconf 75' lang='lat' dir='ltr'><strong>SABELLIUM‘.</strong></span> <span class='ocrx_word' id='word_1_6' title='bbox 2393 289 2461 299; x_wconf 89' lang='lat'><strong>-—</strong></span> <span class='ocrx_word' id='word_1_7' title='bbox 2499 255 2626 310; x_wconf 84' lang='lat' dir='ltr'><strong>LIB.</strong></span> <span class='ocrx_word' id='word_1_8' title='bbox 2668 256 2709 311; x_wconf 75' lang='grc' dir='ltr'><strong>Ι.</strong></span> 
     </span>
    </p>
   </div>
   <div class='ocr_carea' id='block_1_3' title="bbox 3439 234 3585 312">
    <p class='ocr_par' dir='ltr' id='par_1_3' title="bbox 3439 234 3585 312">
     <span class='ocr_line' id='line_1_3' title="bbox 3439 234 3585 312; baseline 0.007 -1"><span class='ocrx_word' id='word_1_9' title='bbox 3439 234 3585 312; x_wconf 71' lang='grc' dir='ltr'><strong>ιοω</strong></span> 
     </span>
    </p>
   </div>
   <div class='ocr_carea' id='block_1_4' title="bbox 346 372 3581 455">
    <p class='ocr_par' dir='ltr' id='par_1_4' title="bbox 346 372 3581 455">
     <span class='ocr_line' id='line_1_4' title="bbox 346 372 3581 455; baseline -0.003 -14"><span class='ocrx_word' id='word_1_10' title='bbox 346 383 615 455; x_wconf 78' lang='lat' dir='ltr'><strong>Apparuit</strong></span> <span class='ocrx_word' id='word_1_11' title='bbox 645 392 825 437; x_wconf 87' lang='lat' dir='ltr'><strong>autem</strong></span> <span class='ocrx_word' id='word_1_12' title='bbox 858 397 954 453; x_wconf 91' lang='lat' dir='ltr'><strong>per</strong></span> <span class='ocrx_word' id='word_1_13' title='bbox 984 396 1178 451; x_wconf 90' lang='lat' dir='ltr'><strong>corpus</strong></span> <span class='ocrx_word' id='word_1_14' title='bbox 1208 382 1253 435; x_wconf 91' lang='lat' dir='ltr'><strong>is</strong></span> <span class='ocrx_word' id='word_1_15' title='bbox 1278 382 1368 450; x_wconf 89' lang='lat' dir='ltr'><strong>qui</strong></span> <span class='ocrx_word' id='word_1_16' title='bbox 1393 393 1512 437; x_wconf 91' lang='lat' dir='ltr'><strong>erat</strong></span> <span class='ocrx_word' id='word_1_17' title='bbox 1535 392 1738 437; x_wconf 69' lang='lat' dir='ltr'><strong>naturae</strong></span> <span class='ocrx_word' id='word_1_18' title='bbox 1780 382 1915 434; x_wconf 88' lang='lat' dir='ltr'><strong>iuvi-</strong></span> <span class='ocrx_word' id='word_1_19' title='bbox 1941 400 1988 454; x_wconf 64' lang='grc' dir='ltr'><strong>Α</strong></span> <span class='ocrx_word' id='word_1_20' title='bbox 2022 390 2128 432; x_wconf 85' lang='lat' dir='ltr'><strong>tnr.</strong></span> <span class='ocrx_word' id='word_1_21' title='bbox 2172 377 2394 431; x_wconf 82' lang='lat' dir='ltr'><strong>Audebo</strong></span> <span class='ocrx_word' id='word_1_22' title='bbox 2429 389 2560 429; x_wconf 84' lang='lat' dir='ltr'><strong>sane</strong></span> <span class='ocrx_word' id='word_1_23' title='bbox 2588 374 2768 429; x_wconf 82' lang='lat' dir='ltr'><strong>dicere</strong></span> <span class='ocrx_word' id='word_1_24' title='bbox 2799 388 2923 427; x_wconf 83' lang='lat' dir='ltr'><strong>vera</strong></span> <span class='ocrx_word' id='word_1_25' title='bbox 2959 392 2977 427; x_wconf 60' lang='grc' dir='ltr'><em>ξ</em></span> <span class='ocrx_word' id='word_1_26' title='bbox 3009 372 3131 442; x_wconf 83' lang='lat' dir='ltr'><strong>quia</strong></span> <span class='ocrx_word' id='word_1_27' title='bbox 3163 388 3264 426; x_wconf 91' lang='lat' dir='ltr'><strong>non</strong></span> <span class='ocrx_word' id='word_1_28' title='bbox 3290 374 3461 427; x_wconf 86' lang='lat' dir='ltr'><strong>solum</strong></span> <span class='ocrx_word' id='word_1_29' title='bbox 3497 377 3581 430; x_wconf 91' lang='lat' dir='ltr'><strong>ni-</strong></span> 
     </span>
    </p>
   </div>
   <div class='ocr_carea' id='block_1_5' title="bbox 346 474 1908 548">
    <p class='ocr_par' dir='ltr' id='par_1_5' title="bbox 346 474 1908 548">
     <span class='ocr_line' id='line_1_5' title="bbox 346 474 1908 548; baseline -0.004 -15"><span class='ocrx_word' id='word_1_30' title='bbox 346 478 523 533; x_wconf 86' lang='lat' dir='ltr'><strong>sibilis</strong></span> <span class='ocrx_word' id='word_1_31' title='bbox 545 477 676 548; x_wconf 82' lang='grc'>(67).</span> <span class='ocrx_word' id='word_1_32' title='bbox 700 475 1052 545; x_wconf 87' lang='lat' dir='ltr'><strong>Congaudens</strong></span> <span class='ocrx_word' id='word_1_33' title='bbox 1081 474 1246 545; x_wconf 90' lang='lat' dir='ltr'><strong>igitur</strong></span> <span class='ocrx_word' id='word_1_34' title='bbox 1273 475 1426 530; x_wconf 85' lang='lat' dir='ltr'><strong>nobis</strong></span> <span class='ocrx_word' id='word_1_35' title='bbox 1450 474 1685 529; x_wconf 81' lang='lat' dir='ltr'><strong>Joannes</strong></span> <span class='ocrx_word' id='word_1_36' title='bbox 1707 486 1761 529; x_wconf 90' lang='lat' dir='ltr'><strong>et</strong></span> <span class='ocrx_word' id='word_1_37' title='bbox 1785 476 1908 539; x_wconf 92' lang='lat' dir='ltr'><strong>sihi,</strong></span> 
     </span>
    </p>
   </div>
   <div class='ocr_carea' id='block_1_6' title="bbox 345 568 1913 638">
    <p class='ocr_par' dir='ltr' id='par_1_6' title="bbox 345 568 1913 638">
     <span class='ocr_line' id='line_1_6' title="bbox 345 568 1913 638; baseline -0.004 -11"><span class='ocrx_word' id='word_1_38' title='bbox 345 586 539 627; x_wconf 86' lang='lat' dir='ltr'><strong>omnes</strong></span> <span class='ocrx_word' id='word_1_39' title='bbox 563 571 705 625; x_wconf 89' lang='lat' dir='ltr'><strong>enim</strong></span> <span class='ocrx_word' id='word_1_40' title='bbox 740 569 1047 638; x_wconf 87' lang='lat' dir='ltr'><strong>indigebant</strong></span> <span class='ocrx_word' id='word_1_41' title='bbox 1085 568 1311 623; x_wconf 83' lang='lat' dir='ltr'><strong>salutem</strong></span> <span class='ocrx_word' id='word_1_42' title='bbox 1355 584 1473 638; x_wconf 83' lang='lat' dir='ltr'><strong>quae</strong></span> <span class='ocrx_word' id='word_1_43' title='bbox 1517 585 1546 623; x_wconf 88' lang='lat' dir='ltr'><strong>a</strong></span> <span class='ocrx_word' id='word_1_44' title='bbox 1579 568 1805 623; x_wconf 88' lang='lat' dir='ltr'><strong>Domino</strong></span> <span class='ocrx_word' id='word_1_45' title='bbox 1829 578 1913 622; x_wconf 89' lang='lat' dir='ltr'><strong>est</strong></span> 
     </span>
    </p>
   </div>
   <div class='ocr_carea' id='block_1_7' title="bbox 348 659 1914 735">
    <p class='ocr_par' dir='ltr' id='par_1_7' title="bbox 348 659 1914 735">
     <span class='ocr_line' id='line_1_7' title="bbox 348 659 1914 735; baseline -0.003 -18"><span class='ocrx_word' id='word_1_46' title='bbox 348 663 489 735; x_wconf 88' lang='lat'><strong>(68),</strong></span> <span class='ocrx_word' id='word_1_47' title='bbox 534 659 926 730; x_wconf 82' lang='lat' dir='ltr'><strong>evangelizans,</strong></span> <span class='ocrx_word' id='word_1_48' title='bbox 977 668 1032 714; x_wconf 93' lang='lat' dir='ltr'><strong>et</strong></span> <span class='ocrx_word' id='word_1_49' title='bbox 1078 661 1423 730; x_wconf 81' lang='lat' dir='ltr'><strong>semetipsum</strong></span> <span class='ocrx_word' id='word_1_50' title='bbox 1474 669 1527 713; x_wconf 90' lang='lat' dir='ltr'><strong>et</strong></span> <span class='ocrx_word' id='word_1_51' title='bbox 1578 674 1695 725; x_wconf 92' lang='lat' dir='ltr'><strong>nos,</strong></span> <span class='ocrx_word' id='word_1_52' title='bbox 1719 660 1914 728; x_wconf 90' lang='lat' dir='ltr'><strong>gaudio</strong></span> 
     </span>
    </p>
   </div>
   <div class='ocr_carea' id='block_1_8' title="bbox 349 752 1911 825">
    <p class='ocr_par' dir='ltr' id='par_1_8' title="bbox 349 752 1911 825">
     <span class='ocr_line' id='line_1_8' title="bbox 349 752 1911 825; baseline -0.001 -18"><span class='ocrx_word' id='word_1_53' title='bbox 349 755 589 825; x_wconf 78' lang='lat' dir='ltr'><strong>gaudens</strong></span> <span class='ocrx_word' id='word_1_54' title='bbox 616 753 683 807; x_wconf 86' lang='lat' dir='ltr'><strong>ob</strong></span> <span class='ocrx_word' id='word_1_55' title='bbox 712 753 1059 821; x_wconf 67' lang='lat' dir='ltr'><strong>praesentiam</strong></span> <span class='ocrx_word' id='word_1_56' title='bbox 1093 754 1307 822; x_wconf 80' lang='lat' dir='ltr'><strong>sponsi,</strong></span> <span class='ocrx_word' id='word_1_57' title='bbox 1332 754 1491 814; x_wconf 86' lang='lat' dir='ltr'><strong>Ecce,</strong></span> <span class='ocrx_word' id='word_1_58' title='bbox 1530 753 1723 820; x_wconf 89' lang='lat' dir='ltr'><strong>inquit,</strong></span> <span class='ocrx_word' id='word_1_59' title='bbox 1770 752 1911 820; x_wconf 91' lang='lat' dir='ltr'><strong>quod</strong></span> 
     </span>
    </p>
   </div>
   <div class='ocr_carea' id='block_1_9' title="bbox 350 844 1911 915">
    <p class='ocr_par' dir='ltr' id='par_1_9' title="bbox 350 844 1911 915">
     <span class='ocr_line' id='line_1_9' title="bbox 350 844 1911 915; baseline -0.003 -14"><span class='ocrx_word' id='word_1_60' title='bbox 350 846 785 913; x_wconf 78' lang='lat' dir='ltr'><strong>exspectabatur,</strong></span> <span class='ocrx_word' id='word_1_61' title='bbox 831 860 962 899; x_wconf 88' lang='lat' dir='ltr'><strong>ecce</strong></span> <span class='ocrx_word' id='word_1_62' title='bbox 1012 860 1160 915; x_wconf 88' lang='lat' dir='ltr'><strong>spes,</strong></span> <span class='ocrx_word' id='word_1_63' title='bbox 1206 860 1333 900; x_wconf 88' lang='lat' dir='ltr'><strong>ecce</strong></span> <span class='ocrx_word' id='word_1_64' title='bbox 1370 846 1538 900; x_wconf 87' lang='lat' dir='ltr'><strong>salus.</strong></span> <span class='ocrx_word' id='word_1_65' title='bbox 1593 845 1726 912; x_wconf 86' lang='lat' dir='ltr'><strong>Spes</strong></span> <span class='ocrx_word' id='word_1_66' title='bbox 1770 844 1911 897; x_wconf 89' lang='lat' dir='ltr'><strong>bona</strong></span> 
     </span>
    </p>
   </div>
   <div class='ocr_carea' id='block_1_10' title="bbox 350 936 1914 1004">
    <p class='ocr_par' dir='ltr' id='par_1_10' title="bbox 350 936 1914 1004">
     <span class='ocr_line' id='line_1_10' title="bbox 350 936 1914 1004; baseline -0.003 -13"><span class='ocrx_word' id='word_1_67' title='bbox 350 936 656 991; x_wconf 89' lang='lat' dir='ltr'><strong>hominibus</strong></span> <span class='ocrx_word' id='word_1_68' title='bbox 689 944 1027 1004; x_wconf 84' lang='lat' dir='ltr'><strong>assumptum</strong></span> <span class='ocrx_word' id='word_1_69' title='bbox 1075 945 1317 989; x_wconf 89' lang='lat' dir='ltr'><strong>nostrmn</strong></span> <span class='ocrx_word' id='word_1_70' title='bbox 1361 944 1444 989; x_wconf 88' lang='lat' dir='ltr'><strong>est</strong></span> <span class='ocrx_word' id='word_1_71' title='bbox 1493 949 1714 1002; x_wconf 90' lang='lat' dir='ltr'><strong>corpus,</strong></span> <span class='ocrx_word' id='word_1_72' title='bbox 1751 948 1914 988; x_wconf 75' lang='lat' dir='ltr'><strong>vene-</strong></span> 
     </span>
    </p>
   </div>
   <div class='ocr_carea' id='block_1_11' title="bbox 352 1024 1907 1087">
    <p class='ocr_par' dir='ltr' id='par_1_11' title="bbox 352 1024 1907 1087">
     <span class='ocr_line' id='line_1_11' title="bbox 352 1024 1907 1087; baseline -0.003 -6"><span class='ocrx_word' id='word_1_73' title='bbox 352 1042 478 1081; x_wconf 83' lang='lat' dir='ltr'><strong>num</strong></span> <span class='ocrx_word' id='word_1_74' title='bbox 513 1024 841 1079; x_wconf 81' lang='lat' dir='ltr'><strong>exstinctum</strong></span> <span class='ocrx_word' id='word_1_75' title='bbox 879 1034 961 1080; x_wconf 89' lang='lat' dir='ltr'><strong>est</strong></span> <span class='ocrx_word' id='word_1_76' title='bbox 1017 1025 1238 1087; x_wconf 85' lang='lat' dir='ltr'><strong>diaboli,</strong></span> <span class='ocrx_word' id='word_1_77' title='bbox 1277 1025 1627 1079; x_wconf 79' lang='lat' dir='ltr'><strong>inertificatns</strong></span> <span class='ocrx_word' id='word_1_78' title='bbox 1671 1033 1753 1078; x_wconf 90' lang='lat' dir='ltr'><strong>est</strong></span> <span class='ocrx_word' id='word_1_79' title='bbox 1796 1039 1907 1078; x_wconf 89' lang='lat' dir='ltr'><strong>ser-</strong></span> 
     </span>
    </p>
   </div>
   <div class='ocr_carea' id='block_1_12' title="bbox 352 1112 1910 1185">
    <p class='ocr_par' dir='ltr' id='par_1_12' title="bbox 352 1112 1910 1185">
     <span class='ocr_line' id='line_1_12' title="bbox 352 1112 1910 1185; baseline -0.001 -18"><span class='ocrx_word' id='word_1_80' title='bbox 352 1132 482 1185; x_wconf 87' lang='lat' dir='ltr'><strong>pens</strong></span> <span class='ocrx_word' id='word_1_81' title='bbox 513 1134 526 1169; x_wconf 92' lang='lat'><strong>:</strong></span> <span class='ocrx_word' id='word_1_82' title='bbox 555 1116 711 1171; x_wconf 86' lang='lat' dir='ltr'><strong>fortis</strong></span> <span class='ocrx_word' id='word_1_83' title='bbox 755 1115 899 1169; x_wconf 89' lang='lat' dir='ltr'><strong>enim</strong></span> <span class='ocrx_word' id='word_1_84' title='bbox 950 1123 1037 1168; x_wconf 91' lang='lat' dir='ltr'><strong>est</strong></span> <span class='ocrx_word' id='word_1_85' title='bbox 1079 1115 1167 1184; x_wconf 89' lang='lat' dir='ltr'><strong>qui</strong></span> <span class='ocrx_word' id='word_1_86' title='bbox 1218 1115 1527 1183; x_wconf 77' lang='lat' dir='ltr'><strong>assumpsit.</strong></span> <span class='ocrx_word' id='word_1_87' title='bbox 1571 1114 1711 1169; x_wconf 87' lang='lat' dir='ltr'><strong>Ecce</strong></span> <span class='ocrx_word' id='word_1_88' title='bbox 1767 1112 1910 1181; x_wconf 81' lang='lat' dir='ltr'><strong>quod</strong></span> 
     </span>
    </p>
   </div>
   <div class='ocr_carea' id='block_1_13' title="bbox 351 1204 1913 1276">
    <p class='ocr_par' dir='ltr' id='par_1_13' title="bbox 351 1204 1913 1276">
     <span class='ocr_line' id='line_1_13' title="bbox 351 1204 1913 1276; baseline -0.004 -13"><span class='ocrx_word' id='word_1_89' title='bbox 351 1206 789 1276; x_wconf 74' lang='lat' dir='ltr'><strong>exspectabatur,</strong></span> <span class='ocrx_word' id='word_1_90' title='bbox 830 1221 954 1260; x_wconf 89' lang='lat' dir='ltr'><strong>ecce</strong></span> <span class='ocrx_word' id='word_1_91' title='bbox 978 1206 1118 1274; x_wconf 88' lang='lat' dir='ltr'><strong>quod</strong></span> <span class='ocrx_word' id='word_1_92' title='bbox 1143 1207 1483 1275; x_wconf 84' lang='lat' dir='ltr'><strong>sperabatur,</strong></span> <span class='ocrx_word' id='word_1_93' title='bbox 1520 1220 1646 1260; x_wconf 89' lang='lat' dir='ltr'><strong>ecce</strong></span> <span class='ocrx_word' id='word_1_94' title='bbox 1683 1204 1913 1258; x_wconf 89' lang='lat' dir='ltr'><strong>admira-</strong></span> 
     </span>
    </p>
   </div>
   <div class='ocr_carea' id='block_1_14' title="bbox 353 1296 1912 1367">
    <p class='ocr_par' dir='ltr' id='par_1_14' title="bbox 353 1296 1912 1367">
     <span class='ocr_line' id='line_1_14' title="bbox 353 1296 1912 1367; baseline -0.003 -13"><span class='ocrx_word' id='word_1_95' title='bbox 353 1302 425 1354; x_wconf 88' lang='lat' dir='ltr'><strong>tio</strong></span> <span class='ocrx_word' id='word_1_96' title='bbox 457 1318 471 1354; x_wconf 92' lang='lat'><strong>:</strong></span> <span class='ocrx_word' id='word_1_97' title='bbox 501 1299 728 1353; x_wconf 85' lang='lat' dir='ltr'><strong>solvitur</strong></span> <span class='ocrx_word' id='word_1_98' title='bbox 751 1297 862 1367; x_wconf 73' lang='lat' dir='ltr'><strong>jam</strong></span> <span class='ocrx_word' id='word_1_99' title='bbox 900 1307 1199 1363; x_wconf 89' lang='lat' dir='ltr'><strong>peccatum,</strong></span> <span class='ocrx_word' id='word_1_100' title='bbox 1240 1296 1565 1351; x_wconf 82' lang='lat' dir='ltr'><strong>interficitur</strong></span> <span class='ocrx_word' id='word_1_101' title='bbox 1593 1311 1760 1359; x_wconf 90' lang='lat' dir='ltr'><strong>mors,</strong></span> <span class='ocrx_word' id='word_1_102' title='bbox 1800 1297 1912 1362; x_wconf 86' lang='lat' dir='ltr'><strong>pel-</strong></span> 
     </span>
    </p>
   </div>
   <div class='ocr_carea' id='block_1_15' title="bbox 353 1390 1912 1461">
    <p class='ocr_par' dir='ltr' id='par_1_15' title="bbox 353 1390 1912 1461">
     <span class='ocr_line' id='line_1_15' title="bbox 353 1390 1912 1461; baseline -0.003 -14"><span class='ocrx_word' id='word_1_103' title='bbox 353 1395 483 1447; x_wconf 87' lang='lat' dir='ltr'><strong>litur</strong></span> <span class='ocrx_word' id='word_1_104' title='bbox 506 1393 816 1459; x_wconf 88' lang='lat' dir='ltr'><strong>corruptela</strong></span> <span class='ocrx_word' id='word_1_105' title='bbox 846 1405 861 1444; x_wconf 92' lang='lat'><strong>:</strong></span> <span class='ocrx_word' id='word_1_106' title='bbox 895 1390 1027 1444; x_wconf 81' lang='lat' dir='ltr'><strong>Ecce</strong></span> <span class='ocrx_word' id='word_1_107' title='bbox 1070 1406 1233 1461; x_wconf 75' lang='lat' dir='ltr'><strong>agnus</strong></span> <span class='ocrx_word' id='word_1_108' title='bbox 1262 1390 1385 1453; x_wconf 79' lang='lat' dir='ltr'><strong>Dei,</strong></span> <span class='ocrx_word' id='word_1_109' title='bbox 1415 1393 1503 1460; x_wconf 84' lang='lat' dir='ltr'><strong>qui</strong></span> <span class='ocrx_word' id='word_1_110' title='bbox 1532 1391 1666 1443; x_wconf 79' lang='lat' dir='ltr'><strong>tollit</strong></span> <span class='ocrx_word' id='word_1_111' title='bbox 1701 1403 1912 1459; x_wconf 84' lang='lat' dir='ltr'><strong>peccata</strong></span> 
     </span>
    </p>
   </div>
   <div class='ocr_carea' id='block_1_16' title="bbox 351 1481 1909 1551">
    <p class='ocr_par' dir='ltr' id='par_1_16' title="bbox 351 1481 1909 1551">
     <span class='ocr_line' id='line_1_16' title="bbox 351 1481 1909 1551; baseline -0.002 -14"><span class='ocrx_word' id='word_1_112' title='bbox 351 1483 535 1538; x_wconf 78' lang='lat' dir='ltr'><strong>mundi</strong></span> <span class='ocrx_word' id='word_1_113' title='bbox 559 1483 628 1535; x_wconf 76' lang='lat'><strong>”.</strong></span> <span class='ocrx_word' id='word_1_114' title='bbox 677 1481 814 1548; x_wconf 85' lang='lat' dir='ltr'><strong>Quid</strong></span> <span class='ocrx_word' id='word_1_115' title='bbox 864 1482 1070 1550; x_wconf 90' lang='lat' dir='ltr'><strong>inquit,</strong></span> <span class='ocrx_word' id='word_1_116' title='bbox 1117 1496 1215 1551; x_wconf 91' lang='lat' dir='ltr'><strong>ego</strong></span> <span class='ocrx_word' id='word_1_117' title='bbox 1277 1481 1461 1535; x_wconf 86' lang='lat' dir='ltr'><strong>laboro</strong></span> <span class='ocrx_word' id='word_1_118' title='bbox 1503 1486 1555 1534; x_wconf 93' lang='lat' dir='ltr'><strong>in</strong></span> <span class='ocrx_word' id='word_1_119' title='bbox 1599 1481 1909 1549; x_wconf 67' lang='lat' dir='ltr'><strong>paenitentia</strong></span> 
     </span>
    </p>
   </div>
   <div class='ocr_carea' id='block_1_17' title="bbox 349 1568 1913 1639">
    <p class='ocr_par' dir='ltr' id='par_1_17' title="bbox 349 1568 1913 1639">
     <span class='ocr_line' id='line_1_17' title="bbox 349 1568 1913 1639; baseline -0.001 -15"><span class='ocrx_word' id='word_1_120' title='bbox 349 1568 672 1639; x_wconf 81' lang='lat' dir='ltr'><strong>haptizans?</strong></span> <span class='ocrx_word' id='word_1_121' title='bbox 700 1568 851 1638; x_wconf 88' lang='lat' dir='ltr'><strong>quid,</strong></span> <span class='ocrx_word' id='word_1_122' title='bbox 881 1568 1097 1621; x_wconf 81' lang='lat' dir='ltr'><strong>insudo?</strong></span> <span class='ocrx_word' id='word_1_123' title='bbox 1125 1568 1444 1636; x_wconf 86' lang='lat' dir='ltr'><strong>baptismum</strong></span> <span class='ocrx_word' id='word_1_124' title='bbox 1472 1569 1611 1621; x_wconf 90' lang='lat' dir='ltr'><strong>enim</strong></span> <span class='ocrx_word' id='word_1_125' title='bbox 1647 1570 1786 1638; x_wconf 90' lang='lat' dir='ltr'><strong>quod</strong></span> <span class='ocrx_word' id='word_1_126' title='bbox 1817 1584 1913 1637; x_wconf 89' lang='lat' dir='ltr'><strong>per</strong></span> 
     </span>
    </p>
   </div>
   <div class='ocr_carea' id='block_1_18' title="bbox 352 1659 1909 1730">
    <p class='ocr_par' dir='ltr' id='par_1_18' title="bbox 352 1659 1909 1730">
     <span class='ocr_line' id='line_1_18' title="bbox 352 1659 1909 1730; baseline -0.001 -15"><span class='ocrx_word' id='word_1_127' title='bbox 352 1659 613 1715; x_wconf 79' lang='lat' dir='ltr'><strong>Joannem</strong></span> <span class='ocrx_word' id='word_1_128' title='bbox 643 1659 893 1724; x_wconf 81' lang='lat' dir='ltr'><strong>dabatur,</strong></span> <span class='ocrx_word' id='word_1_129' title='bbox 939 1675 1041 1713; x_wconf 90' lang='lat' dir='ltr'><strong>non</strong></span> <span class='ocrx_word' id='word_1_130' title='bbox 1075 1671 1193 1713; x_wconf 91' lang='lat' dir='ltr'><strong>erat</strong></span> <span class='ocrx_word' id='word_1_131' title='bbox 1239 1660 1487 1713; x_wconf 89' lang='lat' dir='ltr'><strong>idoneum</strong></span> <span class='ocrx_word' id='word_1_132' title='bbox 1522 1661 1588 1713; x_wconf 91' lang='lat' dir='ltr'><strong>ad</strong></span> <span class='ocrx_word' id='word_1_133' title='bbox 1634 1661 1909 1730; x_wconf 89' lang='lat' dir='ltr'><strong>purgatio-</strong></span> 
     </span>
    </p>
   </div>
   <div class='ocr_carea' id='block_1_19' title="bbox 2017 463 3580 532">
    <p class='ocr_par' dir='ltr' id='par_1_19' title="bbox 2017 463 3580 532">
     <span class='ocr_line' id='line_1_19' title="bbox 2017 463 3580 532; baseline -0.006 -9"><span class='ocrx_word' id='word_1_134' title='bbox 2017 469 2090 523; x_wconf 90' lang='lat' dir='ltr'><strong>hil</strong></span> <span class='ocrx_word' id='word_1_135' title='bbox 2133 468 2255 521; x_wconf 88' lang='lat' dir='ltr'><strong>mali</strong></span> <span class='ocrx_word' id='word_1_136' title='bbox 2308 466 2373 518; x_wconf 89' lang='lat' dir='ltr'><strong>ad</strong></span> <span class='ocrx_word' id='word_1_137' title='bbox 2406 465 2835 518; x_wconf 86' lang='lat' dir='ltr'><strong>additamentum</strong></span> <span class='ocrx_word' id='word_1_138' title='bbox 2870 463 3093 532; x_wconf 87' lang='lat' dir='ltr'><strong>suscipit</strong></span> <span class='ocrx_word' id='word_1_139' title='bbox 3126 463 3214 517; x_wconf 88' lang='lat' dir='ltr'><strong>illa</strong></span> <span class='ocrx_word' id='word_1_140' title='bbox 3249 474 3460 530; x_wconf 81' lang='lat' dir='ltr'><strong>natura,</strong></span> <span class='ocrx_word' id='word_1_141' title='bbox 3488 469 3580 520; x_wconf 80' lang='lat' dir='ltr'><strong>sed</strong></span> 
     </span>
    </p>
   </div>
   <div class='ocr_carea' id='block_1_20' title="bbox 2013 555 3581 626">
    <p class='ocr_par' dir='ltr' id='par_1_20' title="bbox 2013 555 3581 626">
     <span class='ocr_line' id='line_1_20' title="bbox 2013 555 3581 626; baseline -0.002 -12"><span class='ocrx_word' id='word_1_142' title='bbox 2013 575 2117 615; x_wconf 91' lang='lat' dir='ltr'><strong>nec</strong></span> <span class='ocrx_word' id='word_1_143' title='bbox 2148 557 2297 613; x_wconf 88' lang='lat' dir='ltr'><strong>boni.</strong></span> <span class='ocrx_word' id='word_1_144' title='bbox 2345 556 2401 610; x_wconf 88' lang='lat' dir='ltr'><strong>Si</strong></span> <span class='ocrx_word' id='word_1_145' title='bbox 2427 570 2557 626; x_wconf 87' lang='lat' dir='ltr'><strong>ergo</strong></span> <span class='ocrx_word' id='word_1_146' title='bbox 2587 555 2784 608; x_wconf 91' lang='lat' dir='ltr'><strong>malum</strong></span> <span class='ocrx_word' id='word_1_147' title='bbox 2814 570 2915 608; x_wconf 91' lang='lat' dir='ltr'><strong>non</strong></span> <span class='ocrx_word' id='word_1_148' title='bbox 2944 556 3203 626; x_wconf 87' lang='lat' dir='ltr'><strong>suscepit,</strong></span> <span class='ocrx_word' id='word_1_149' title='bbox 3236 556 3359 625; x_wconf 87' lang='lat' dir='ltr'><strong>quia</strong></span> <span class='ocrx_word' id='word_1_150' title='bbox 3392 556 3581 611; x_wconf 88' lang='lat' dir='ltr'><strong>lumini</strong></span> 
     </span>
    </p>
   </div>
   <div class='ocr_carea' id='block_1_21' title="bbox 2014 647 3584 718">
    <p class='ocr_par' dir='ltr' id='par_1_21' title="bbox 2014 647 3584 718">
     <span class='ocr_line' id='line_1_21' title="bbox 2014 647 3584 718; baseline -0.003 -13"><span class='ocrx_word' id='word_1_151' title='bbox 2014 651 2249 705; x_wconf 66' lang='lat' dir='ltr'><strong>tenebrae</strong></span> <span class='ocrx_word' id='word_1_152' title='bbox 2278 662 2382 702; x_wconf 88' lang='lat' dir='ltr'><strong>non</strong></span> <span class='ocrx_word' id='word_1_153' title='bbox 2416 647 2810 718; x_wconf 83' lang='lat' dir='ltr'><strong>permiscentur</strong></span> <span class='ocrx_word' id='word_1_154' title='bbox 2845 664 2858 699; x_wconf 91' lang='lat'><strong>:</strong></span> <span class='ocrx_word' id='word_1_155' title='bbox 2898 649 3093 701; x_wconf 81' lang='lat' dir='ltr'><strong>bonum</strong></span> <span class='ocrx_word' id='word_1_156' title='bbox 3145 657 3320 701; x_wconf 91' lang='lat' dir='ltr'><strong>autem</strong></span> <span class='ocrx_word' id='word_1_157' title='bbox 3375 648 3584 702; x_wconf 87' lang='lat' dir='ltr'><strong>addita-</strong></span> 
     </span>
    </p>
   </div>
   <div class='ocr_carea' id='block_1_22' title="bbox 2014 737 3582 808">
    <p class='ocr_par' dir='ltr' id='par_1_22' title="bbox 2014 737 3582 808">
     <span class='ocr_line' id='line_1_22' title="bbox 2014 737 3582 808; baseline -0.003 -13"><span class='ocrx_word' id='word_1_158' title='bbox 2014 752 2252 795; x_wconf 82' lang='lat' dir='ltr'><strong>mentum</strong></span> <span class='ocrx_word' id='word_1_159' title='bbox 2303 756 2408 794; x_wconf 91' lang='lat' dir='ltr'><strong>non</strong></span> <span class='ocrx_word' id='word_1_160' title='bbox 2446 739 2690 808; x_wconf 82' lang='lat' dir='ltr'><strong>indiget,</strong></span> <span class='ocrx_word' id='word_1_161' title='bbox 2722 739 2846 807; x_wconf 83' lang='lat' dir='ltr'><strong>quia</strong></span> <span class='ocrx_word' id='word_1_162' title='bbox 2882 737 3178 805; x_wconf 81' lang='lat' dir='ltr'><strong>perfectum</strong></span> <span class='ocrx_word' id='word_1_163' title='bbox 3228 740 3410 807; x_wconf 81' lang='lat' dir='ltr'><strong>genuit</strong></span> <span class='ocrx_word' id='word_1_164' title='bbox 3457 754 3582 806; x_wconf 88' lang='lat' dir='ltr'><strong>per-</strong></span> 
     </span>
    </p>
   </div>
   <div class='ocr_carea' id='block_1_23' title="bbox 2012 828 3584 899">
    <p class='ocr_par' dir='ltr' id='par_1_23' title="bbox 2012 828 3584 899">
     <span class='ocr_line' id='line_1_23' title="bbox 2012 828 3584 899; baseline -0.002 -13"><span class='ocrx_word' id='word_1_165' title='bbox 2012 834 2225 887; x_wconf 82' lang='lat' dir='ltr'><strong>fectus:</strong></span> <span class='ocrx_word' id='word_1_166' title='bbox 2261 847 2363 885; x_wconf 91' lang='lat' dir='ltr'><strong>non</strong></span> <span class='ocrx_word' id='word_1_167' title='bbox 2406 840 2491 885; x_wconf 89' lang='lat' dir='ltr'><strong>est</strong></span> <span class='ocrx_word' id='word_1_168' title='bbox 2536 829 2804 899; x_wconf 86' lang='lat' dir='ltr'><strong>promotio</strong></span> <span class='ocrx_word' id='word_1_169' title='bbox 2830 830 3082 883; x_wconf 87' lang='lat' dir='ltr'><strong>derelicta</strong></span> <span class='ocrx_word' id='word_1_170' title='bbox 3120 828 3413 883; x_wconf 62' lang='lat' dir='ltr'><strong>filim-Non</strong></span> <span class='ocrx_word' id='word_1_171' title='bbox 3443 844 3584 884; x_wconf 87' lang='lat' dir='ltr'><strong>nunc</strong></span> 
     </span>
    </p>
   </div>
   <div class='ocr_carea' id='block_1_24' title="bbox 2012 921 3587 990">
    <p class='ocr_par' dir='ltr' id='par_1_24' title="bbox 2012 921 3587 990">
     <span class='ocr_line' id='line_1_24' title="bbox 2012 921 3587 990; baseline -0.004 -9"><span class='ocrx_word' id='word_1_172' title='bbox 2012 927 2152 989; x_wconf 92' lang='lat' dir='ltr'><strong>dico,</strong></span> <span class='ocrx_word' id='word_1_173' title='bbox 2187 926 2279 978; x_wconf 84' lang='lat' dir='ltr'><strong>sed</strong></span> <span class='ocrx_word' id='word_1_174' title='bbox 2320 938 2417 978; x_wconf 89' lang='lat' dir='ltr'><strong>nec</strong></span> <span class='ocrx_word' id='word_1_175' title='bbox 2454 933 2608 976; x_wconf 85' lang='lat' dir='ltr'><strong>antea</strong></span> <span class='ocrx_word' id='word_1_176' title='bbox 2650 941 2663 976; x_wconf 92' lang='lat'><strong>:</strong></span> <span class='ocrx_word' id='word_1_177' title='bbox 2702 922 2976 990; x_wconf 84' lang='lat' dir='ltr'><strong>perfectus</strong></span> <span class='ocrx_word' id='word_1_178' title='bbox 3017 921 3160 974; x_wconf 86' lang='lat' dir='ltr'><strong>enim</strong></span> <span class='ocrx_word' id='word_1_179' title='bbox 3207 932 3287 975; x_wconf 91' lang='lat' dir='ltr'><strong>est</strong></span> <span class='ocrx_word' id='word_1_180' title='bbox 3316 931 3502 984; x_wconf 84' lang='lat' dir='ltr'><strong>natus,</strong></span> <span class='ocrx_word' id='word_1_181' title='bbox 3531 928 3587 975; x_wconf 88' lang='lat' dir='ltr'><strong>et</strong></span> 
     </span>
    </p>
   </div>
   <div class='ocr_carea' id='block_1_25' title="bbox 2012 1013 3586 1082">
    <p class='ocr_par' dir='ltr' id='par_1_25' title="bbox 2012 1013 3586 1082">
     <span class='ocr_line' id='line_1_25' title="bbox 2012 1013 3586 1082; baseline -0.006 -7"><span class='ocrx_word' id='word_1_182' title='bbox 2012 1020 2133 1075; x_wconf 82' lang='lat' dir='ltr'><strong>ideo</strong></span> <span class='ocrx_word' id='word_1_183' title='bbox 2172 1018 2306 1072; x_wconf 90' lang='lat' dir='ltr'><strong>nihil</strong></span> <span class='ocrx_word' id='word_1_184' title='bbox 2345 1015 2696 1072; x_wconf 87' lang='lat' dir='ltr'><strong>additamenti</strong></span> <span class='ocrx_word' id='word_1_185' title='bbox 2728 1014 2939 1082; x_wconf 87' lang='lat' dir='ltr'><strong>accipit,</strong></span> <span class='ocrx_word' id='word_1_186' title='bbox 2974 1014 3103 1067; x_wconf 80' lang='lat' dir='ltr'><strong>nihil</strong></span> <span class='ocrx_word' id='word_1_187' title='bbox 3145 1013 3416 1081; x_wconf 83' lang='lat' dir='ltr'><strong>acquirit:</strong></span> <span class='ocrx_word' id='word_1_188' title='bbox 3463 1028 3586 1081; x_wconf 58' lang='lat' dir='ltr'><strong>pero</strong></span> 
     </span>
    </p>
   </div>
   <div class='ocr_carea' id='block_1_26' title="bbox 2017 1105 3586 1189">
    <p class='ocr_par' dir='ltr' id='par_1_26' title="bbox 2017 1105 3586 1189">
     <span class='ocr_line' id='line_1_26' title="bbox 2017 1105 3586 1189; baseline -0.003 -26"><span class='ocrx_word' id='word_1_189' title='bbox 2017 1110 2192 1164; x_wconf 88' lang='lat' dir='ltr'><strong>fectus</strong></span> <span class='ocrx_word' id='word_1_190' title='bbox 2226 1110 2369 1163; x_wconf 89' lang='lat' dir='ltr'><strong>enim</strong></span> <span class='ocrx_word' id='word_1_191' title='bbox 2419 1117 2506 1161; x_wconf 90' lang='lat' dir='ltr'><strong>est</strong></span> <span class='ocrx_word' id='word_1_192' title='bbox 2567 1108 2849 1177; x_wconf 82' lang='lat' dir='ltr'><strong>progenies</strong></span> <span class='ocrx_word' id='word_1_193' title='bbox 2876 1107 3121 1189; x_wconf 38' lang='lat' dir='ltr'><strong>‘perfecti</strong></span> <span class='ocrx_word' id='word_1_194' title='bbox 3155 1105 3290 1176; x_wconf 79' lang='lat'><strong>(69),</strong></span> <span class='ocrx_word' id='word_1_195' title='bbox 3333 1105 3586 1160; x_wconf 89' lang='lat' dir='ltr'><strong>omnibus</strong></span> 
     </span>
    </p>
   </div>
   <div class='ocr_carea' id='block_1_27' title="bbox 2019 1190 3583 1272">
    <p class='ocr_par' dir='ltr' id='par_1_27' title="bbox 2019 1190 3583 1272">
     <span class='ocr_line' id='line_1_27' title="bbox 2019 1190 3583 1272; baseline -0.005 -14"><span class='ocrx_word' id='word_1_196' title='bbox 2019 1206 2236 1272; x_wconf 83' lang='lat' dir='ltr'><strong>quidem</strong></span> <span class='ocrx_word' id='word_1_197' title='bbox 2269 1203 2538 1258; x_wconf 75' lang='lat' dir='ltr'><strong>suliiciens</strong></span> <span class='ocrx_word' id='word_1_198' title='bbox 2567 1204 2787 1265; x_wconf 90' lang='lat' dir='ltr'><strong>donare,</strong></span> <span class='ocrx_word' id='word_1_199' title='bbox 2822 1190 2937 1271; x_wconf 84' lang='lat' dir='ltr'><strong>ipse</strong></span> <span class='ocrx_word' id='word_1_200' title='bbox 2970 1209 3147 1253; x_wconf 86' lang='lat' dir='ltr'><strong>autem</strong></span> <span class='ocrx_word' id='word_1_201' title='bbox 3178 1214 3283 1253; x_wconf 86' lang='lat' dir='ltr'><strong>non</strong></span> <span class='ocrx_word' id='word_1_202' title='bbox 3316 1198 3583 1268; x_wconf 78' lang='lat' dir='ltr'><strong>indigens,</strong></span> 
     </span>
    </p>
   </div>
   <div class='ocr_carea' id='block_1_28' title="bbox 2014 1290 3587 1365">
    <p class='ocr_par' dir='ltr' id='par_1_28' title="bbox 2014 1290 3587 1365">
     <span class='ocr_line' id='line_1_28' title="bbox 2014 1290 3587 1365; baseline -0.004 -16"><span class='ocrx_word' id='word_1_203' title='bbox 2014 1296 2144 1350; x_wconf 85' lang='lat' dir='ltr'><strong>nihil</strong></span> <span class='ocrx_word' id='word_1_204' title='bbox 2177 1298 2244 1351; x_wconf 87' lang='lat' dir='ltr'><strong>ab</strong></span> <span class='ocrx_word' id='word_1_205' title='bbox 2275 1297 2358 1350; x_wconf 91' lang='lat' dir='ltr'><strong>his</strong></span> <span class='ocrx_word' id='word_1_206' title='bbox 2400 1311 2519 1365; x_wconf 67' lang='lat' dir='ltr'><strong>quae</strong></span> <span class='ocrx_word' id='word_1_207' title='bbox 2571 1293 2699 1347; x_wconf 81' lang='lat' dir='ltr'><strong>fecit</strong></span> <span class='ocrx_word' id='word_1_208' title='bbox 2728 1294 2895 1349; x_wconf 87' lang='lat' dir='ltr'><strong>Filius</strong></span> <span class='ocrx_word' id='word_1_209' title='bbox 2934 1292 3140 1360; x_wconf 87' lang='lat' dir='ltr'><strong>accepit</strong></span> <span class='ocrx_word' id='word_1_210' title='bbox 3174 1310 3186 1345; x_wconf 92' lang='lat'><strong>:</strong></span> <span class='ocrx_word' id='word_1_211' title='bbox 3217 1293 3340 1360; x_wconf 88' lang='lat' dir='ltr'><strong>quia</strong></span> <span class='ocrx_word' id='word_1_212' title='bbox 3389 1290 3587 1344; x_wconf 84' lang='lat' dir='ltr'><strong>antici-</strong></span> 
     </span>
    </p>
   </div>
   <div class='ocr_carea' id='block_1_29' title="bbox 2012 1380 3585 1456">
    <p class='ocr_par' dir='ltr' id='par_1_29' title="bbox 2012 1380 3585 1456">
     <span class='ocr_line' id='line_1_29' title="bbox 2012 1380 3585 1456; baseline -0.004 -17"><span class='ocrx_word' id='word_1_213' title='bbox 2012 1402 2144 1454; x_wconf 91' lang='lat' dir='ltr'><strong>pans</strong></span> <span class='ocrx_word' id='word_1_214' title='bbox 2167 1385 2281 1456; x_wconf 76' lang='lat' dir='ltr'><strong>(7U)</strong></span> <span class='ocrx_word' id='word_1_215' title='bbox 2307 1387 2484 1441; x_wconf 84' lang='lat' dir='ltr'><strong>omnia</strong></span> <span class='ocrx_word' id='word_1_216' title='bbox 2526 1386 2685 1440; x_wconf 89' lang='lat' dir='ltr'><strong>habet</strong></span> <span class='ocrx_word' id='word_1_217' title='bbox 2732 1384 2831 1440; x_wconf 93' lang='lat' dir='ltr'><strong>sibi</strong></span> <span class='ocrx_word' id='word_1_218' title='bbox 2859 1384 2979 1438; x_wconf 90' lang='lat' dir='ltr'><strong>data</strong></span> <span class='ocrx_word' id='word_1_219' title='bbox 3010 1399 3041 1437; x_wconf 91' lang='lat' dir='ltr'><strong>a</strong></span> <span class='ocrx_word' id='word_1_220' title='bbox 3074 1382 3251 1436; x_wconf 81' lang='lat' dir='ltr'><strong>Patre.</strong></span> <span class='ocrx_word' id='word_1_221' title='bbox 3315 1380 3428 1435; x_wconf 86' lang='lat' dir='ltr'><strong>Non</strong></span> <span class='ocrx_word' id='word_1_222' title='bbox 3464 1395 3585 1434; x_wconf 90' lang='lat' dir='ltr'><strong>cum</strong></span> 
     </span>
    </p>
   </div>
   <div class='ocr_carea' id='block_1_30' title="bbox 2012 1475 3588 1546">
    <p class='ocr_par' dir='ltr' id='par_1_30' title="bbox 2012 1475 3588 1546">
     <span class='ocr_line' id='line_1_30' title="bbox 2012 1475 3588 1546; baseline -0.002 -16"><span class='ocrx_word' id='word_1_223' title='bbox 2012 1479 2276 1546; x_wconf 69' lang='lat' dir='ltr'><strong>apparuit,</strong></span> <span class='ocrx_word' id='word_1_224' title='bbox 2316 1488 2441 1533; x_wconf 90' lang='lat' dir='ltr'><strong>tunc</strong></span> <span class='ocrx_word' id='word_1_225' title='bbox 2475 1488 2530 1533; x_wconf 89' lang='lat' dir='ltr'><strong>et</strong></span> <span class='ocrx_word' id='word_1_226' title='bbox 2578 1478 2785 1542; x_wconf 75' lang='lat' dir='ltr'><strong>Filius;</strong></span> <span class='ocrx_word' id='word_1_227' title='bbox 2836 1491 2943 1531; x_wconf 89' lang='lat' dir='ltr'><strong>non</strong></span> <span class='ocrx_word' id='word_1_228' title='bbox 2966 1490 3088 1531; x_wconf 90' lang='lat' dir='ltr'><strong>eum</strong></span> <span class='ocrx_word' id='word_1_229' title='bbox 3126 1475 3424 1537; x_wconf 88' lang='lat' dir='ltr'><strong>nobiscum,</strong></span> <span class='ocrx_word' id='word_1_230' title='bbox 3462 1484 3588 1527; x_wconf 93' lang='lat' dir='ltr'><strong>tunc</strong></span> 
     </span>
    </p>
   </div>
   <div class='ocr_carea' id='block_1_31' title="bbox 2011 1566 3586 1640">
    <p class='ocr_par' dir='ltr' id='par_1_31' title="bbox 2011 1566 3586 1640">
     <span class='ocr_line' id='line_1_31' title="bbox 2011 1566 3586 1640; baseline -0.004 -15"><span class='ocrx_word' id='word_1_231' title='bbox 2011 1581 2067 1625; x_wconf 89' lang='lat' dir='ltr'><strong>et</strong></span> <span class='ocrx_word' id='word_1_232' title='bbox 2108 1574 2245 1640; x_wconf 83' lang='lat' dir='ltr'><strong>apud</strong></span> <span class='ocrx_word' id='word_1_233' title='bbox 2301 1574 2465 1627; x_wconf 89' lang='lat' dir='ltr'><strong>Deum</strong></span> <span class='ocrx_word' id='word_1_234' title='bbox 2510 1574 2648 1627; x_wconf 90' lang='lat' dir='ltr'><strong>:sed</strong></span> <span class='ocrx_word' id='word_1_235' title='bbox 2695 1571 3143 1640; x_wconf 85' lang='lat' dir='ltr'><strong>quemadmodum</strong></span> <span class='ocrx_word' id='word_1_236' title='bbox 3204 1570 3258 1622; x_wconf 93' lang='lat' dir='ltr'><strong>in</strong></span> <span class='ocrx_word' id='word_1_237' title='bbox 3321 1566 3586 1637; x_wconf 90' lang='lat' dir='ltr'><strong>principio</strong></span> 
     </span>
    </p>
   </div>
   <div class='ocr_carea' id='block_1_32' title="bbox 2012 1656 3589 1731">
    <p class='ocr_par' dir='ltr' id='par_1_32' title="bbox 2012 1656 3589 1731">
     <span class='ocr_line' id='line_1_32' title="bbox 2012 1656 3589 1731; baseline -0.002 -17"><span class='ocrx_word' id='word_1_238' title='bbox 2012 1673 2127 1714; x_wconf 90' lang='lat' dir='ltr'><strong>erat</strong></span> <span class='ocrx_word' id='word_1_239' title='bbox 2164 1661 2417 1726; x_wconf 71' lang='lat' dir='ltr'><strong>Verbum,</strong></span> <span class='ocrx_word' id='word_1_240' title='bbox 2480 1663 2532 1716; x_wconf 92' lang='lat' dir='ltr'><strong>in</strong></span> <span class='ocrx_word' id='word_1_241' title='bbox 2599 1662 2862 1731; x_wconf 83' lang='lat' dir='ltr'><strong>principio</strong></span> <span class='ocrx_word' id='word_1_242' title='bbox 2923 1669 3066 1725; x_wconf 85' lang='lat' dir='ltr'><strong>erat,</strong></span> <span class='ocrx_word' id='word_1_243' title='bbox 3138 1674 3239 1713; x_wconf 93' lang='lat' dir='ltr'><strong>non</strong></span> <span class='ocrx_word' id='word_1_244' title='bbox 3298 1656 3589 1711; x_wconf 72' lang='lat' dir='ltr'><strong>tamenin</strong></span> 
     </span>
    </p>
   </div>
   <div class='ocr_carea' id='block_1_33' title="bbox 354 1735 3585 1823">
    <p class='ocr_par' dir='ltr' id='par_1_33' title="bbox 354 1735 3585 1823">
     <span class='ocr_line' id='line_1_33' title="bbox 354 1735 3585 1823; baseline -0.001 -19"><span class='ocrx_word' id='word_1_245' title='bbox 354 1767 518 1817; x_wconf 91' lang='lat' dir='ltr'><strong>nem;</strong></span> <span class='ocrx_word' id='word_1_246' title='bbox 570 1752 691 1820; x_wconf 89' lang='lat' dir='ltr'><strong>quia</strong></span> <span class='ocrx_word' id='word_1_247' title='bbox 737 1766 840 1806; x_wconf 91' lang='lat' dir='ltr'><strong>non</strong></span> <span class='ocrx_word' id='word_1_248' title='bbox 899 1752 1262 1806; x_wconf 91' lang='lat' dir='ltr'><strong>remissionem</strong></span> <span class='ocrx_word' id='word_1_249' title='bbox 1306 1760 1652 1818; x_wconf 87' lang='lat' dir='ltr'><strong>peccatorum</strong></span> <span class='ocrx_word' id='word_1_250' title='bbox 1701 1760 1910 1819; x_wconf 84' lang='lat' dir='ltr'><strong>poterat</strong></span> <span class='ocrx_word' id='word_1_251' title='bbox 1939 1735 1982 1789; x_wconf 80' lang='grc' dir='ltr'><strong>Β</strong></span> <span class='ocrx_word' id='word_1_252' title='bbox 2011 1754 2316 1808; x_wconf 81' lang='lat' dir='ltr'><strong>novissimis</strong></span> <span class='ocrx_word' id='word_1_253' title='bbox 2363 1756 2732 1823; x_wconf 88' lang='lat' dir='ltr'><strong>temporibus:</strong></span> <span class='ocrx_word' id='word_1_254' title='bbox 2778 1755 2830 1807; x_wconf 92' lang='lat' dir='ltr'><strong>in</strong></span> <span class='ocrx_word' id='word_1_255' title='bbox 2894 1752 3181 1823; x_wconf 87' lang='lat' dir='ltr'><strong>principio,</strong></span> <span class='ocrx_word' id='word_1_256' title='bbox 3243 1764 3346 1803; x_wconf 93' lang='lat' dir='ltr'><strong>non</strong></span> <span class='ocrx_word' id='word_1_257' title='bbox 3409 1759 3585 1802; x_wconf 89' lang='lat' dir='ltr'><strong>tamen</strong></span> 
     </span>
    </p>
   </div>
   <div class='ocr_carea' id='block_1_34' title="bbox 354 1843 1912 1913">
    <p class='ocr_par' dir='ltr' id='par_1_34' title="bbox 354 1843 1912 1913">
     <span class='ocr_line' id='line_1_34' title="bbox 354 1843 1912 1913; baseline -0.001 -13"><span class='ocrx_word' id='word_1_258' title='bbox 354 1843 588 1900; x_wconf 79' lang='lat' dir='ltr'><strong>Joannes</strong></span> <span class='ocrx_word' id='word_1_259' title='bbox 617 1845 765 1911; x_wconf 91' lang='lat' dir='ltr'><strong>dare,</strong></span> <span class='ocrx_word' id='word_1_260' title='bbox 797 1848 888 1901; x_wconf 89' lang='lat' dir='ltr'><strong>sed</strong></span> <span class='ocrx_word' id='word_1_261' title='bbox 922 1846 1239 1899; x_wconf 87' lang='lat' dir='ltr'><strong>hortabatur</strong></span> <span class='ocrx_word' id='word_1_262' title='bbox 1267 1845 1331 1898; x_wconf 89' lang='lat' dir='ltr'><strong>ad</strong></span> <span class='ocrx_word' id='word_1_263' title='bbox 1358 1845 1745 1913; x_wconf 76' lang='lat' dir='ltr'><strong>ptenitentiam.</strong></span> <span class='ocrx_word' id='word_1_264' title='bbox 1784 1844 1912 1899; x_wconf 87' lang='lat' dir='ltr'><strong>Ser-</strong></span> 
     </span>
    </p>
   </div>
   <div class='ocr_carea' id='block_1_35' title="bbox 354 1939 1911 2011">
    <p class='ocr_par' dir='ltr' id='par_1_35' title="bbox 354 1939 1911 2011">
     <span class='ocr_line' id='line_1_35' title="bbox 354 1939 1911 2011; baseline 0.003 -21"><span class='ocrx_word' id='word_1_265' title='bbox 354 1955 456 1994; x_wconf 86' lang='lat' dir='ltr'><strong>vus</strong></span> <span class='ocrx_word' id='word_1_266' title='bbox 498 1940 641 1994; x_wconf 89' lang='lat' dir='ltr'><strong>enim</strong></span> <span class='ocrx_word' id='word_1_267' title='bbox 670 1949 824 2006; x_wconf 88' lang='lat' dir='ltr'><strong>erat,</strong></span> <span class='ocrx_word' id='word_1_268' title='bbox 869 1948 923 1994; x_wconf 91' lang='lat' dir='ltr'><strong>et</strong></span> <span class='ocrx_word' id='word_1_269' title='bbox 972 1956 1076 1995; x_wconf 92' lang='lat' dir='ltr'><strong>non</strong></span> <span class='ocrx_word' id='word_1_270' title='bbox 1108 1949 1320 2011; x_wconf 87' lang='lat' dir='ltr'><strong>poterat</strong></span> <span class='ocrx_word' id='word_1_271' title='bbox 1358 1942 1601 1995; x_wconf 88' lang='lat' dir='ltr'><strong>donare:</strong></span> <span class='ocrx_word' id='word_1_272' title='bbox 1636 1939 1734 1994; x_wconf 92' lang='lat' dir='ltr'><strong>soli</strong></span> <span class='ocrx_word' id='word_1_273' title='bbox 1767 1941 1911 1994; x_wconf 89' lang='lat' dir='ltr'><strong>enim</strong></span> 
     </span>
    </p>
   </div>
   <div class='ocr_carea' id='block_1_36' title="bbox 357 2030 1910 2100">
    <p class='ocr_par' dir='ltr' id='par_1_36' title="bbox 357 2030 1910 2100">
     <span class='ocr_line' id='line_1_36' title="bbox 357 2030 1910 2100; baseline -0.001 -16"><span class='ocrx_word' id='word_1_274' title='bbox 357 2030 583 2085; x_wconf 91' lang='lat' dir='ltr'><strong>Domino</strong></span> <span class='ocrx_word' id='word_1_275' title='bbox 613 2031 736 2086; x_wconf 89' lang='lat' dir='ltr'><strong>licet</strong></span> <span class='ocrx_word' id='word_1_276' title='bbox 773 2047 866 2086; x_wconf 90' lang='lat' dir='ltr'><strong>sua</strong></span> <span class='ocrx_word' id='word_1_277' title='bbox 895 2031 1118 2087; x_wconf 89' lang='lat' dir='ltr'><strong>donare.</strong></span> <span class='ocrx_word' id='word_1_278' title='bbox 1143 2032 1305 2098; x_wconf 84' lang='lat' dir='ltr'><strong>Quid,</strong></span> <span class='ocrx_word' id='word_1_279' title='bbox 1335 2032 1532 2099; x_wconf 86' lang='lat' dir='ltr'><strong>inquit,</strong></span> <span class='ocrx_word' id='word_1_280' title='bbox 1559 2031 1774 2100; x_wconf 86' lang='lat' dir='ltr'><strong>baptizo</strong></span> <span class='ocrx_word' id='word_1_281' title='bbox 1799 2031 1910 2097; x_wconf 91' lang='lat' dir='ltr'><strong>jam</strong></span> 
     </span>
    </p>
   </div>
   <div class='ocr_carea' id='block_1_37' title="bbox 356 2121 1917 2192">
    <p class='ocr_par' dir='ltr' id='par_1_37' title="bbox 356 2121 1917 2192">
     <span class='ocr_line' id='line_1_37' title="bbox 356 2121 1917 2192; baseline -0.001 -16"><span class='ocrx_word' id='word_1_282' title='bbox 356 2136 455 2191; x_wconf 85' lang='lat' dir='ltr'><strong>ego</strong></span> <span class='ocrx_word' id='word_1_283' title='bbox 481 2121 545 2175; x_wconf 88' lang='lat' dir='ltr'><strong>ad</strong></span> <span class='ocrx_word' id='word_1_284' title='bbox 578 2124 944 2190; x_wconf 63' lang='lat' dir='ltr'><strong>paenitentiam</strong></span> <span class='ocrx_word' id='word_1_285' title='bbox 970 2124 994 2176; x_wconf 85' lang='lat'><strong>?</strong></span> <span class='ocrx_word' id='word_1_286' title='bbox 1021 2124 1160 2177; x_wconf 84' lang='lat' dir='ltr'><strong>Ecce</strong></span> <span class='ocrx_word' id='word_1_287' title='bbox 1189 2124 1278 2192; x_wconf 88' lang='lat' dir='ltr'><strong>qui</strong></span> <span class='ocrx_word' id='word_1_288' title='bbox 1312 2124 1486 2189; x_wconf 91' lang='lat' dir='ltr'><strong>tollit,</strong></span> <span class='ocrx_word' id='word_1_289' title='bbox 1512 2138 1639 2178; x_wconf 88' lang='lat' dir='ltr'><strong>ecce</strong></span> <span class='ocrx_word' id='word_1_290' title='bbox 1664 2123 1753 2192; x_wconf 87' lang='lat' dir='ltr'><strong>qui</strong></span> <span class='ocrx_word' id='word_1_291' title='bbox 1784 2136 1917 2176; x_wconf 82' lang='lat' dir='ltr'><strong>exu-</strong></span> 
     </span>
    </p>
   </div>
   <div class='ocr_carea' id='block_1_38' title="bbox 357 2214 1916 2284">
    <p class='ocr_par' dir='ltr' id='par_1_38' title="bbox 357 2214 1916 2284">
     <span class='ocr_line' id='line_1_38' title="bbox 357 2214 1916 2284; baseline -0.001 -16"><span class='ocrx_word' id='word_1_292' title='bbox 357 2214 447 2276; x_wconf 86' lang='lat' dir='ltr'><strong>rit,</strong></span> <span class='ocrx_word' id='word_1_293' title='bbox 475 2215 567 2282; x_wconf 89' lang='lat' dir='ltr'><strong>qui</strong></span> <span class='ocrx_word' id='word_1_294' title='bbox 602 2214 860 2279; x_wconf 89' lang='lat' dir='ltr'><strong>eradicat,</strong></span> <span class='ocrx_word' id='word_1_295' title='bbox 899 2216 989 2284; x_wconf 91' lang='lat' dir='ltr'><strong>qui</strong></span> <span class='ocrx_word' id='word_1_296' title='bbox 1024 2216 1235 2284; x_wconf 89' lang='lat' dir='ltr'><strong>penitus</strong></span> <span class='ocrx_word' id='word_1_297' title='bbox 1259 2214 1440 2270; x_wconf 85' lang='lat' dir='ltr'><strong>evellit</strong></span> <span class='ocrx_word' id='word_1_298' title='bbox 1474 2224 1775 2283; x_wconf 90' lang='lat' dir='ltr'><strong>peccatum,</strong></span> <span class='ocrx_word' id='word_1_299' title='bbox 1810 2229 1916 2267; x_wconf 91' lang='lat' dir='ltr'><strong>non</strong></span> 
     </span>
    </p>
   </div>
   <div class='ocr_carea' id='block_1_39' title="bbox 356 2305 1917 2375">
    <p class='ocr_par' dir='ltr' id='par_1_39' title="bbox 356 2305 1917 2375">
     <span class='ocr_line' id='line_1_39' title="bbox 356 2305 1917 2375; baseline 0.001 -18"><span class='ocrx_word' id='word_1_300' title='bbox 356 2305 512 2358; x_wconf 87' lang='lat' dir='ltr'><strong>unius</strong></span> <span class='ocrx_word' id='word_1_301' title='bbox 561 2315 653 2359; x_wconf 90' lang='lat' dir='ltr'><strong>aut</strong></span> <span class='ocrx_word' id='word_1_302' title='bbox 704 2307 939 2375; x_wconf 88' lang='lat' dir='ltr'><strong>quinque</strong></span> <span class='ocrx_word' id='word_1_303' title='bbox 984 2315 1080 2359; x_wconf 74' lang='lat' dir='ltr'><strong>aut</strong></span> <span class='ocrx_word' id='word_1_304' title='bbox 1126 2322 1219 2360; x_wconf 80' lang='lat' dir='ltr'><strong>sex</strong></span> <span class='ocrx_word' id='word_1_305' title='bbox 1276 2306 1554 2361; x_wconf 89' lang='lat' dir='ltr'><strong>hominum</strong></span> <span class='ocrx_word' id='word_1_306' title='bbox 1604 2306 1695 2374; x_wconf 91' lang='lat' dir='ltr'><strong>qui</strong></span> <span class='ocrx_word' id='word_1_307' title='bbox 1741 2321 1770 2358; x_wconf 86' lang='lat' dir='ltr'><strong>a</strong></span> <span class='ocrx_word' id='word_1_308' title='bbox 1832 2320 1917 2359; x_wconf 89' lang='lat' dir='ltr'><strong>me</strong></span> 
     </span>
    </p>
   </div>
   <div class='ocr_carea' id='block_1_40' title="bbox 358 2396 1916 2468">
    <p class='ocr_par' dir='ltr' id='par_1_40' title="bbox 358 2396 1916 2468">
     <span class='ocr_line' id='line_1_40' title="bbox 358 2396 1916 2468; baseline -0.001 -18"><span class='ocrx_word' id='word_1_309' title='bbox 358 2398 726 2467; x_wconf 82' lang='lat' dir='ltr'><strong>haptizantur,</strong></span> <span class='ocrx_word' id='word_1_310' title='bbox 760 2401 854 2453; x_wconf 90' lang='lat' dir='ltr'><strong>sed</strong></span> <span class='ocrx_word' id='word_1_311' title='bbox 892 2399 1076 2464; x_wconf 86' lang='lat' dir='ltr'><strong>totius,</strong></span> <span class='ocrx_word' id='word_1_312' title='bbox 1105 2399 1300 2468; x_wconf 90' lang='lat' dir='ltr'><strong>inquit,</strong></span> <span class='ocrx_word' id='word_1_313' title='bbox 1332 2398 1539 2452; x_wconf 88' lang='lat' dir='ltr'><strong>nnmdi.</strong></span> <span class='ocrx_word' id='word_1_314' title='bbox 1575 2396 1746 2450; x_wconf 85' lang='lat' dir='ltr'><strong>Homo</strong></span> <span class='ocrx_word' id='word_1_315' title='bbox 1772 2396 1916 2450; x_wconf 90' lang='lat' dir='ltr'><strong>enim</strong></span> 
     </span>
    </p>
   </div>
   <div class='ocr_carea' id='block_1_41' title="bbox 355 2489 1917 2558">
    <p class='ocr_par' dir='ltr' id='par_1_41' title="bbox 355 2489 1917 2558">
     <span class='ocr_line' id='line_1_41' title="bbox 355 2489 1917 2558; baseline -0.003 -15"><span class='ocrx_word' id='word_1_316' title='bbox 355 2505 459 2543; x_wconf 91' lang='lat' dir='ltr'><strong>non</strong></span> <span class='ocrx_word' id='word_1_317' title='bbox 490 2499 701 2556; x_wconf 86' lang='lat' dir='ltr'><strong>poterat</strong></span> <span class='ocrx_word' id='word_1_318' title='bbox 727 2490 888 2544; x_wconf 91' lang='lat' dir='ltr'><strong>totius</strong></span> <span class='ocrx_word' id='word_1_319' title='bbox 916 2490 1098 2545; x_wconf 90' lang='lat' dir='ltr'><strong>mundi</strong></span> <span class='ocrx_word' id='word_1_320' title='bbox 1136 2501 1354 2558; x_wconf 82' lang='lat' dir='ltr'><strong>peccata</strong></span> <span class='ocrx_word' id='word_1_321' title='bbox 1400 2489 1605 2551; x_wconf 83' lang='lat' dir='ltr'><strong>tollere,</strong></span> <span class='ocrx_word' id='word_1_322' title='bbox 1646 2489 1770 2554; x_wconf 87' lang='lat' dir='ltr'><strong>quia</strong></span> <span class='ocrx_word' id='word_1_323' title='bbox 1798 2504 1917 2541; x_wconf 84' lang='lat' dir='ltr'><strong>om-</strong></span> 
     </span>
    </p>
   </div>
   <div class='ocr_carea' id='block_1_42' title="bbox 355 2578 1918 2649">
    <p class='ocr_par' dir='ltr' id='par_1_42' title="bbox 355 2578 1918 2649">
     <span class='ocr_line' id='line_1_42' title="bbox 355 2578 1918 2649; baseline -0.001 -15"><span class='ocrx_word' id='word_1_324' title='bbox 355 2595 451 2635; x_wconf 88' lang='lat' dir='ltr'><strong>nes</strong></span> <span class='ocrx_word' id='word_1_325' title='bbox 492 2581 739 2635; x_wconf 91' lang='lat' dir='ltr'><strong>homines</strong></span> <span class='ocrx_word' id='word_1_326' title='bbox 778 2598 843 2635; x_wconf 81' lang='lat' dir='ltr'><strong>ex</strong></span> <span class='ocrx_word' id='word_1_327' title='bbox 872 2581 1065 2645; x_wconf 88' lang='lat' dir='ltr'><strong>Adam,</strong></span> <span class='ocrx_word' id='word_1_328' title='bbox 1101 2590 1155 2636; x_wconf 89' lang='lat' dir='ltr'><strong>et</strong></span> <span class='ocrx_word' id='word_1_329' title='bbox 1202 2596 1307 2634; x_wconf 89' lang='lat' dir='ltr'><strong>non</strong></span> <span class='ocrx_word' id='word_1_330' title='bbox 1343 2595 1407 2635; x_wconf 77' lang='lat' dir='ltr'><strong>ex</strong></span> <span class='ocrx_word' id='word_1_331' title='bbox 1446 2580 1573 2637; x_wconf 83' lang='lat' dir='ltr'><strong>Deo.</strong></span> <span class='ocrx_word' id='word_1_332' title='bbox 1648 2578 1760 2633; x_wconf 87' lang='lat' dir='ltr'><strong>Non</strong></span> <span class='ocrx_word' id='word_1_333' title='bbox 1791 2578 1918 2649; x_wconf 86' lang='lat' dir='ltr'><strong>quia</strong></span> 
     </span>
    </p>
   </div>
   <div class='ocr_carea' id='block_1_43' title="bbox 354 2670 1915 2741">
    <p class='ocr_par' dir='ltr' id='par_1_43' title="bbox 354 2670 1915 2741">
     <span class='ocr_line' id='line_1_43' title="bbox 354 2670 1915 2741; baseline -0.001 -16"><span class='ocrx_word' id='word_1_334' title='bbox 354 2680 433 2725; x_wconf 88' lang='lat' dir='ltr'><strong>est</strong></span> <span class='ocrx_word' id='word_1_335' title='bbox 474 2672 670 2741; x_wconf 85' lang='lat' dir='ltr'><strong>aliquis</strong></span> <span class='ocrx_word' id='word_1_336' title='bbox 702 2672 791 2739; x_wconf 89' lang='lat' dir='ltr'><strong>qni</strong></span> <span class='ocrx_word' id='word_1_337' title='bbox 848 2688 950 2724; x_wconf 94' lang='lat' dir='ltr'><strong>non</strong></span> <span class='ocrx_word' id='word_1_338' title='bbox 984 2680 1066 2725; x_wconf 90' lang='lat' dir='ltr'><strong>est</strong></span> <span class='ocrx_word' id='word_1_339' title='bbox 1114 2686 1144 2724; x_wconf 89' lang='lat' dir='ltr'><strong>a</strong></span> <span class='ocrx_word' id='word_1_340' title='bbox 1178 2670 1287 2724; x_wconf 88' lang='lat' dir='ltr'><strong>Deo</strong></span> <span class='ocrx_word' id='word_1_341' title='bbox 1319 2681 1532 2725; x_wconf 91' lang='lat' dir='ltr'><strong>creatus</strong></span> <span class='ocrx_word' id='word_1_342' title='bbox 1575 2686 1669 2739; x_wconf 89' lang='lat' dir='ltr'><strong>per</strong></span> <span class='ocrx_word' id='word_1_343' title='bbox 1697 2670 1915 2737; x_wconf 83' lang='lat' dir='ltr'><strong>Filium,</strong></span> 
     </span>
    </p>
   </div>
   <div class='ocr_carea' id='block_1_44' title="bbox 356 2760 1917 2832">
    <p class='ocr_par' dir='ltr' id='par_1_44' title="bbox 356 2760 1917 2832">
     <span class='ocr_line' id='line_1_44' title="bbox 356 2760 1917 2832; baseline 0.002 -17"><span class='ocrx_word' id='word_1_344' title='bbox 356 2763 454 2816; x_wconf 89' lang='lat' dir='ltr'><strong>sed</strong></span> <span class='ocrx_word' id='word_1_345' title='bbox 484 2764 661 2816; x_wconf 91' lang='lat' dir='ltr'><strong>omnis</strong></span> <span class='ocrx_word' id='word_1_346' title='bbox 690 2762 853 2816; x_wconf 83' lang='lat' dir='ltr'><strong>homo</strong></span> <span class='ocrx_word' id='word_1_347' title='bbox 880 2763 1079 2831; x_wconf 86' lang='lat' dir='ltr'><strong>quique</strong></span> <span class='ocrx_word' id='word_1_348' title='bbox 1111 2764 1391 2832; x_wconf 84' lang='lat' dir='ltr'><strong>progenies</strong></span> <span class='ocrx_word' id='word_1_349' title='bbox 1420 2760 1546 2816; x_wconf 61' lang='lat' dir='ltr'><strong>Adae</strong></span> <span class='ocrx_word' id='word_1_350' title='bbox 1578 2772 1691 2826; x_wconf 87' lang='lat' dir='ltr'><strong>est,</strong></span> <span class='ocrx_word' id='word_1_351' title='bbox 1724 2772 1772 2818; x_wconf 87' lang='lat' dir='ltr'><strong>et</strong></span> <span class='ocrx_word' id='word_1_352' title='bbox 1811 2778 1917 2818; x_wconf 89' lang='lat' dir='ltr'><strong>non</strong></span> 
     </span>
    </p>
   </div>
   <div class='ocr_carea' id='block_1_45' title="bbox 356 2855 1915 2924">
    <p class='ocr_par' dir='ltr' id='par_1_45' title="bbox 356 2855 1915 2924">
     <span class='ocr_line' id='line_1_45' title="bbox 356 2855 1915 2924; baseline 0.001 -15"><span class='ocrx_word' id='word_1_353' title='bbox 356 2856 655 2909; x_wconf 85' lang='lat' dir='ltr'><strong>nativitatis</strong></span> <span class='ocrx_word' id='word_1_354' title='bbox 686 2856 922 2924; x_wconf 84' lang='lat' dir='ltr'><strong>peccatis</strong></span> <span class='ocrx_word' id='word_1_355' title='bbox 950 2855 1211 2924; x_wconf 88' lang='lat' dir='ltr'><strong>subjacet.</strong></span> <span class='ocrx_word' id='word_1_356' title='bbox 1241 2856 1349 2911; x_wconf 94' lang='lat' dir='ltr'><strong>Nos</strong></span> <span class='ocrx_word' id='word_1_357' title='bbox 1376 2856 1517 2909; x_wconf 91' lang='lat' dir='ltr'><strong>enim</strong></span> <span class='ocrx_word' id='word_1_358' title='bbox 1551 2857 1602 2909; x_wconf 91' lang='lat' dir='ltr'><strong>in</strong></span> <span class='ocrx_word' id='word_1_359' title='bbox 1639 2856 1747 2911; x_wconf 88' lang='lat' dir='ltr'><strong>ictu</strong></span> <span class='ocrx_word' id='word_1_360' title='bbox 1779 2864 1834 2910; x_wconf 90' lang='lat' dir='ltr'><strong>et</strong></span> <span class='ocrx_word' id='word_1_361' title='bbox 1864 2857 1915 2909; x_wconf 90' lang='lat' dir='ltr'><strong>in</strong></span> 
     </span>
    </p>
   </div>
   <div class='ocr_carea' id='block_1_46' title="bbox 356 2946 1921 3018">
    <p class='ocr_par' dir='ltr' id='par_1_46' title="bbox 356 2946 1921 3018">
     <span class='ocr_line' id='line_1_46' title="bbox 356 2946 1921 3018; baseline 0.001 -19"><span class='ocrx_word' id='word_1_362' title='bbox 356 2946 548 3014; x_wconf 77' lang='lat' dir='ltr'><strong>exigua</strong></span> <span class='ocrx_word' id='word_1_363' title='bbox 592 2946 693 3001; x_wconf 89' lang='lat' dir='ltr'><strong>hac</strong></span> <span class='ocrx_word' id='word_1_364' title='bbox 727 2947 829 2999; x_wconf 62' lang='lat' dir='ltr'><strong>vita</strong></span> <span class='ocrx_word' id='word_1_365' title='bbox 877 2948 1152 3001; x_wconf 88' lang='lat' dir='ltr'><strong>constituti</strong></span> <span class='ocrx_word' id='word_1_366' title='bbox 1200 2963 1483 3016; x_wconf 86' lang='lat' dir='ltr'><strong>peccamus</strong></span> <span class='ocrx_word' id='word_1_367' title='bbox 1542 2958 1594 3002; x_wconf 91' lang='lat' dir='ltr'><strong>et</strong></span> <span class='ocrx_word' id='word_1_368' title='bbox 1644 2947 1822 3018; x_wconf 88' lang='lat' dir='ltr'><strong>lingua</strong></span> <span class='ocrx_word' id='word_1_369' title='bbox 1863 2954 1921 3001; x_wconf 92' lang='lat' dir='ltr'><strong>et</strong></span> 
     </span>
    </p>
   </div>
   <div class='ocr_carea' id='block_1_47' title="bbox 357 3036 1919 3108">
    <p class='ocr_par' dir='ltr' id='par_1_47' title="bbox 357 3036 1919 3108">
     <span class='ocr_line' id='line_1_47' title="bbox 357 3036 1919 3108; baseline 0.002 -18"><span class='ocrx_word' id='word_1_370' title='bbox 357 3038 589 3092; x_wconf 79' lang='lat' dir='ltr'><strong>actibus;</strong></span> <span class='ocrx_word' id='word_1_371' title='bbox 638 3036 738 3104; x_wconf 88' lang='lat' dir='ltr'><strong>Qui</strong></span> <span class='ocrx_word' id='word_1_372' title='bbox 783 3049 959 3093; x_wconf 88' lang='lat' dir='ltr'><strong>autem</strong></span> <span class='ocrx_word' id='word_1_373' title='bbox 990 3048 1265 3108; x_wconf 88' lang='lat' dir='ltr'><strong>peccatum</strong></span> <span class='ocrx_word' id='word_1_374' title='bbox 1301 3048 1413 3093; x_wconf 86' lang='lat' dir='ltr'><strong>non</strong></span> <span class='ocrx_word' id='word_1_375' title='bbox 1442 3039 1589 3103; x_wconf 89' lang='lat' dir='ltr'><strong>fecit,</strong></span> <span class='ocrx_word' id='word_1_376' title='bbox 1623 3055 1797 3108; x_wconf 89' lang='lat' dir='ltr'><strong>neque</strong></span> <span class='ocrx_word' id='word_1_377' title='bbox 1823 3038 1919 3093; x_wconf 88' lang='lat' dir='ltr'><strong>do-</strong></span> 
     </span>
    </p>
   </div>
   <div class='ocr_carea' id='block_1_48' title="bbox 359 3129 1918 3204">
    <p class='ocr_par' dir='ltr' id='par_1_48' title="bbox 359 3129 1918 3204">
     <span class='ocr_line' id='line_1_48' title="bbox 359 3129 1918 3204; baseline 0.004 -23"><span class='ocrx_word' id='word_1_378' title='bbox 359 3129 469 3182; x_wconf 87' lang='lat' dir='ltr'><strong>lum</strong></span> <span class='ocrx_word' id='word_1_379' title='bbox 503 3130 691 3186; x_wconf 88' lang='lat' dir='ltr'><strong>habuit</strong></span> <span class='ocrx_word' id='word_1_380' title='bbox 732 3133 781 3186; x_wconf 93' lang='lat' dir='ltr'><strong>in</strong></span> <span class='ocrx_word' id='word_1_381' title='bbox 811 3146 906 3187; x_wconf 91' lang='lat' dir='ltr'><strong>ore</strong></span> <span class='ocrx_word' id='word_1_382' title='bbox 938 3148 1054 3198; x_wconf 90' lang='lat' dir='ltr'><strong>suo,</strong></span> <span class='ocrx_word' id='word_1_383' title='bbox 1091 3143 1147 3187; x_wconf 93' lang='lat' dir='ltr'><strong>ut</strong></span> <span class='ocrx_word' id='word_1_384' title='bbox 1187 3148 1361 3201; x_wconf 89' lang='lat' dir='ltr'><strong>neque</strong></span> <span class='ocrx_word' id='word_1_385' title='bbox 1390 3150 1554 3204; x_wconf 92' lang='lat' dir='ltr'><strong>opere</strong></span> <span class='ocrx_word' id='word_1_386' title='bbox 1592 3149 1766 3202; x_wconf 91' lang='lat' dir='ltr'><strong>neque</strong></span> <span class='ocrx_word' id='word_1_387' title='bbox 1798 3149 1918 3189; x_wconf 86' lang='lat' dir='ltr'><strong>ser—</strong></span> 
     </span>
    </p>
   </div>
   <div class='ocr_carea' id='block_1_49' title="bbox 360 3222 1916 3294">
    <p class='ocr_par' dir='ltr' id='par_1_49' title="bbox 360 3222 1916 3294">
     <span class='ocr_line' id='line_1_49' title="bbox 360 3222 1916 3294; baseline 0.003 -23"><span class='ocrx_word' id='word_1_388' title='bbox 360 3233 519 3273; x_wconf 84' lang='lat' dir='ltr'><strong>mone</strong></span> <span class='ocrx_word' id='word_1_389' title='bbox 552 3230 819 3289; x_wconf 88' lang='lat' dir='ltr'><strong>peccaret,</strong></span> <span class='ocrx_word' id='word_1_390' title='bbox 869 3222 981 3290; x_wconf 90' lang='lat' dir='ltr'><strong>ipsa</strong></span> <span class='ocrx_word' id='word_1_391' title='bbox 1026 3222 1231 3290; x_wconf 77' lang='lat' dir='ltr'><strong>iustitia</strong></span> <span class='ocrx_word' id='word_1_392' title='bbox 1266 3232 1368 3278; x_wconf 91' lang='lat' dir='ltr'><strong>est.</strong></span> <span class='ocrx_word' id='word_1_393' title='bbox 1420 3222 1518 3290; x_wconf 86' lang='lat' dir='ltr'><strong>Qui</strong></span> <span class='ocrx_word' id='word_1_394' title='bbox 1554 3238 1685 3294; x_wconf 84' lang='lat' dir='ltr'><strong>ergo</strong></span> <span class='ocrx_word' id='word_1_395' title='bbox 1709 3223 1916 3293; x_wconf 85' lang='lat' dir='ltr'><strong>jnstitia</strong></span> 
     </span>
    </p>
   </div>
   <div class='ocr_carea' id='block_1_50' title="bbox 360 3309 1917 3383">
    <p class='ocr_par' dir='ltr' id='par_1_50' title="bbox 360 3309 1917 3383">
     <span class='ocr_line' id='line_1_50' title="bbox 360 3309 1917 3383; baseline 0.005 -22"><span class='ocrx_word' id='word_1_396' title='bbox 360 3309 581 3376; x_wconf 82' lang='lat' dir='ltr'><strong>propria</strong></span> <span class='ocrx_word' id='word_1_397' title='bbox 608 3325 712 3364; x_wconf 91' lang='lat' dir='ltr'><strong>non</strong></span> <span class='ocrx_word' id='word_1_398' title='bbox 747 3311 979 3365; x_wconf 86' lang='lat' dir='ltr'><strong>habebat</strong></span> <span class='ocrx_word' id='word_1_399' title='bbox 1004 3324 1245 3381; x_wconf 90' lang='lat' dir='ltr'><strong>peccata,</strong></span> <span class='ocrx_word' id='word_1_400' title='bbox 1274 3317 1447 3383; x_wconf 91' lang='lat' dir='ltr'><strong>potuit</strong></span> <span class='ocrx_word' id='word_1_401' title='bbox 1480 3315 1664 3368; x_wconf 91' lang='lat' dir='ltr'><strong>mundi</strong></span> <span class='ocrx_word' id='word_1_402' title='bbox 1698 3326 1917 3383; x_wconf 89' lang='lat' dir='ltr'><strong>peccata</strong></span> 
     </span>
    </p>
   </div>
   <div class='ocr_carea' id='block_1_51' title="bbox 356 3400 1915 3476">
    <p class='ocr_par' dir='ltr' id='par_1_51' title="bbox 356 3400 1915 3476">
     <span class='ocr_line' id='line_1_51' title="bbox 356 3400 1915 3476; baseline 0.004 -23"><span class='ocrx_word' id='word_1_403' title='bbox 356 3407 570 3466; x_wconf 87' lang='lat' dir='ltr'><strong>portare</strong></span> <span class='ocrx_word' id='word_1_404' title='bbox 605 3416 619 3453; x_wconf 95' lang='lat'><strong>:</strong></span> <span class='ocrx_word' id='word_1_405' title='bbox 651 3400 741 3468; x_wconf 92' lang='lat' dir='ltr'><strong>qui</strong></span> <span class='ocrx_word' id='word_1_406' title='bbox 776 3413 1001 3470; x_wconf 70' lang='lat' dir='ltr'><strong>aegrotat</strong></span> <span class='ocrx_word' id='word_1_407' title='bbox 1040 3403 1182 3458; x_wconf 91' lang='lat' dir='ltr'><strong>enim</strong></span> <span class='ocrx_word' id='word_1_408' title='bbox 1213 3405 1381 3459; x_wconf 86' lang='lat' dir='ltr'><strong>alium</strong></span> <span class='ocrx_word' id='word_1_409' title='bbox 1435 3420 1632 3461; x_wconf 89' lang='lat' dir='ltr'><strong>sanare</strong></span> <span class='ocrx_word' id='word_1_410' title='bbox 1676 3421 1780 3460; x_wconf 92' lang='lat' dir='ltr'><strong>non</strong></span> <span class='ocrx_word' id='word_1_411' title='bbox 1820 3422 1915 3476; x_wconf 87' lang='lat' dir='ltr'><strong>po-</strong></span> 
     </span>
    </p>
   </div>
   <div class='ocr_carea' id='block_1_52' title="bbox 356 3492 1919 3565">
    <p class='ocr_par' dir='ltr' id='par_1_52' title="bbox 356 3492 1919 3565">
     <span class='ocr_line' id='line_1_52' title="bbox 356 3492 1919 3565; baseline 0.004 -21"><span class='ocrx_word' id='word_1_412' title='bbox 356 3498 493 3545; x_wconf 84' lang='lat' dir='ltr'><strong>test:</strong></span> <span class='ocrx_word' id='word_1_413' title='bbox 519 3498 573 3544; x_wconf 89' lang='lat' dir='ltr'><strong>et</strong></span> <span class='ocrx_word' id='word_1_414' title='bbox 601 3492 690 3559; x_wconf 90' lang='lat' dir='ltr'><strong>qui</strong></span> <span class='ocrx_word' id='word_1_415' title='bbox 722 3494 957 3563; x_wconf 85' lang='lat' dir='ltr'><strong>peccatis</strong></span> <span class='ocrx_word' id='word_1_416' title='bbox 984 3493 1248 3563; x_wconf 89' lang='lat' dir='ltr'><strong>subjacet,</strong></span> <span class='ocrx_word' id='word_1_417' title='bbox 1273 3494 1449 3551; x_wconf 89' lang='lat' dir='ltr'><strong>aliena</strong></span> <span class='ocrx_word' id='word_1_418' title='bbox 1480 3505 1699 3565; x_wconf 82' lang='lat' dir='ltr'><strong>portare</strong></span> <span class='ocrx_word' id='word_1_419' title='bbox 1725 3498 1919 3552; x_wconf 90' lang='lat' dir='ltr'><strong>delicta</strong></span> 
     </span>
    </p>
   </div>
   <div class='ocr_carea' id='block_1_53' title="bbox 352 3582 1922 3660">
    <p class='ocr_par' dir='ltr' id='par_1_53' title="bbox 352 3582 1922 3660">
     <span class='ocr_line' id='line_1_53' title="bbox 352 3582 1922 3660; baseline 0.008 -27"><span class='ocrx_word' id='word_1_420' title='bbox 352 3597 461 3635; x_wconf 92' lang='lat' dir='ltr'><strong>non</strong></span> <span class='ocrx_word' id='word_1_421' title='bbox 507 3591 708 3651; x_wconf 88' lang='lat' dir='ltr'><strong>potest.</strong></span> <span class='ocrx_word' id='word_1_422' title='bbox 754 3582 855 3650; x_wconf 88' lang='lat' dir='ltr'><strong>Qui</strong></span> <span class='ocrx_word' id='word_1_423' title='bbox 895 3596 1076 3640; x_wconf 90' lang='lat' dir='ltr'><strong>autem</strong></span> <span class='ocrx_word' id='word_1_424' title='bbox 1126 3602 1232 3641; x_wconf 90' lang='lat' dir='ltr'><strong>non</strong></span> <span class='ocrx_word' id='word_1_425' title='bbox 1286 3591 1548 3657; x_wconf 80' lang='lat' dir='ltr'><strong>peccavit,</strong></span> <span class='ocrx_word' id='word_1_426' title='bbox 1593 3604 1767 3660; x_wconf 90' lang='lat' dir='ltr'><strong>neque</strong></span> <span class='ocrx_word' id='word_1_427' title='bbox 1817 3592 1922 3647; x_wconf 85' lang='lat' dir='ltr'><strong>scit</strong></span> 
     </span>
    </p>
   </div>
   <div class='ocr_carea' id='block_1_54' title="bbox 352 3677 1917 3742">
    <p class='ocr_par' dir='ltr' id='par_1_54' title="bbox 352 3677 1917 3742">
     <span class='ocr_line' id='line_1_54' title="bbox 352 3677 1917 3742; baseline 0.005 -14"><span class='ocrx_word' id='word_1_428' title='bbox 352 3684 631 3742; x_wconf 90' lang='lat' dir='ltr'><strong>peccatum</strong></span> <span class='ocrx_word' id='word_1_429' title='bbox 657 3716 673 3741; x_wconf 93' lang='lat'><strong>,</strong></span> <span class='ocrx_word' id='word_1_430' title='bbox 712 3677 812 3731; x_wconf 92' lang='lat' dir='ltr'><strong>iste</strong></span> <span class='ocrx_word' id='word_1_431' title='bbox 847 3692 944 3732; x_wconf 90' lang='lat' dir='ltr'><strong>sua</strong></span> <span class='ocrx_word' id='word_1_432' title='bbox 976 3678 1179 3734; x_wconf 89' lang='lat' dir='ltr'><strong>virtute</strong></span> <span class='ocrx_word' id='word_1_433' title='bbox 1216 3680 1440 3734; x_wconf 90' lang='lat' dir='ltr'><strong>aliorum</strong></span> <span class='ocrx_word' id='word_1_434' title='bbox 1470 3683 1699 3737; x_wconf 89' lang='lat' dir='ltr'><strong>assumit</strong></span> <span class='ocrx_word' id='word_1_435' title='bbox 1726 3692 1781 3737; x_wconf 90' lang='lat' dir='ltr'><strong>et</strong></span> <span class='ocrx_word' id='word_1_436' title='bbox 1814 3682 1917 3738; x_wconf 90' lang='lat' dir='ltr'><strong>tol-</strong></span> 
     </span>
    </p>
   </div>
   <div class='ocr_carea' id='block_1_55' title="bbox 352 3765 1917 3841">
    <p class='ocr_par' dir='ltr' id='par_1_55' title="bbox 352 3765 1917 3841">
     <span class='ocr_line' id='line_1_55' title="bbox 352 3765 1917 3841; baseline 0.006 -22"><span class='ocrx_word' id='word_1_437' title='bbox 352 3765 416 3819; x_wconf 93' lang='lat' dir='ltr'><strong>lit</strong></span> <span class='ocrx_word' id='word_1_438' title='bbox 461 3777 763 3836; x_wconf 89' lang='lat' dir='ltr'><strong>peccatum.</strong></span> <span class='ocrx_word' id='word_1_439' title='bbox 800 3769 1057 3824; x_wconf 84' lang='lat' dir='ltr'><strong>Dominus</strong></span> <span class='ocrx_word' id='word_1_440' title='bbox 1100 3771 1243 3825; x_wconf 90' lang='lat' dir='ltr'><strong>enim</strong></span> <span class='ocrx_word' id='word_1_441' title='bbox 1282 3772 1589 3841; x_wconf 90' lang='lat' dir='ltr'><strong>baptizatur</strong></span> <span class='ocrx_word' id='word_1_442' title='bbox 1628 3790 1657 3826; x_wconf 92' lang='lat' dir='ltr'><strong>a</strong></span> <span class='ocrx_word' id='word_1_443' title='bbox 1689 3772 1917 3839; x_wconf 85' lang='lat' dir='ltr'><strong>Joanne,</strong></span> 
     </span>
    </p>
   </div>
   <div class='ocr_carea' id='block_1_56' title="bbox 352 3860 1921 3921">
    <p class='ocr_par' dir='ltr' id='par_1_56' title="bbox 352 3860 1921 3921">
     <span class='ocr_line' id='line_1_56' title="bbox 352 3860 1921 3921; baseline 0.002 -7"><span class='ocrx_word' id='word_1_444' title='bbox 352 3869 408 3914; x_wconf 86' lang='lat' dir='ltr'><strong>et</strong></span> <span class='ocrx_word' id='word_1_445' title='bbox 437 3860 665 3915; x_wconf 89' lang='lat' dir='ltr'><strong>assumit</strong></span> <span class='ocrx_word' id='word_1_446' title='bbox 695 3860 921 3915; x_wconf 89' lang='lat' dir='ltr'><strong>aliorum</strong></span> <span class='ocrx_word' id='word_1_447' title='bbox 951 3862 1144 3917; x_wconf 88' lang='lat' dir='ltr'><strong>delicta</strong></span> <span class='ocrx_word' id='word_1_448' title='bbox 1181 3879 1199 3921; x_wconf 15' lang='lat'><strong>:,</strong></span> <span class='ocrx_word' id='word_1_449' title='bbox 1233 3875 1510 3915; x_wconf 89' lang='lat' dir='ltr'><strong>assumens</strong></span> <span class='ocrx_word' id='word_1_450' title='bbox 1550 3864 1921 3917; x_wconf 82' lang='lat' dir='ltr'><strong>autemanfert</strong></span> 
     </span>
    </p>
   </div>
   <div class='ocr_carea' id='block_1_57' title="bbox 351 3952 1914 4025">
    <p class='ocr_par' dir='ltr' id='par_1_57' title="bbox 351 3952 1914 4025">
     <span class='ocr_line' id='line_1_57' title="bbox 351 3952 1914 4025; baseline 0.002 -20"><span class='ocrx_word' id='word_1_451' title='bbox 351 3968 414 4005; x_wconf 87' lang='lat' dir='ltr'><strong>ea</strong></span> <span class='ocrx_word' id='word_1_452' title='bbox 442 3966 561 4020; x_wconf 67' lang='lat' dir='ltr'><strong>quae</strong></span> <span class='ocrx_word' id='word_1_453' title='bbox 583 3954 838 4020; x_wconf 90' lang='lat' dir='ltr'><strong>suscepit.</strong></span> <span class='ocrx_word' id='word_1_454' title='bbox 872 3952 1106 4008; x_wconf 87' lang='lat' dir='ltr'><strong>Intueris</strong></span> <span class='ocrx_word' id='word_1_455' title='bbox 1138 3955 1299 4009; x_wconf 89' lang='lat' dir='ltr'><strong>istum</strong></span> <span class='ocrx_word' id='word_1_456' title='bbox 1332 3954 1598 4009; x_wconf 87' lang='lat' dir='ltr'><strong>visibilem</strong></span> <span class='ocrx_word' id='word_1_457' title='bbox 1631 3956 1797 4010; x_wconf 91' lang='lat' dir='ltr'><strong>solem</strong></span> <span class='ocrx_word' id='word_1_458' title='bbox 1824 3956 1914 4025; x_wconf 88' lang='lat' dir='ltr'><strong>qui</strong></span> 
     </span>
    </p>
   </div>
   <div class='ocr_carea' id='block_1_58' title="bbox 354 4041 1918 4111">
    <p class='ocr_par' dir='ltr' id='par_1_58' title="bbox 354 4041 1918 4111">
     <span class='ocr_line' id='line_1_58' title="bbox 354 4041 1918 4111; baseline 0.004 -15"><span class='ocrx_word' id='word_1_459' title='bbox 354 4058 450 4111; x_wconf 88' lang='lat' dir='ltr'><strong>per</strong></span> <span class='ocrx_word' id='word_1_460' title='bbox 478 4041 647 4098; x_wconf 89' lang='lat' dir='ltr'><strong>Deum</strong></span> <span class='ocrx_word' id='word_1_461' title='bbox 693 4043 871 4101; x_wconf 81' lang='lat' dir='ltr'><strong>factus</strong></span> <span class='ocrx_word' id='word_1_462' title='bbox 908 4046 1030 4100; x_wconf 81' lang='lat' dir='ltr'><strong>est?</strong></span> <span class='ocrx_word' id='word_1_463' title='bbox 1064 4046 1163 4099; x_wconf 91' lang='lat' dir='ltr'><strong>iste</strong></span> <span class='ocrx_word' id='word_1_464' title='bbox 1197 4046 1279 4099; x_wconf 93' lang='lat' dir='ltr'><strong>sol</strong></span> <span class='ocrx_word' id='word_1_465' title='bbox 1312 4046 1545 4101; x_wconf 84' lang='lat' dir='ltr'><strong>visibilis</strong></span> <span class='ocrx_word' id='word_1_466' title='bbox 1591 4056 1736 4102; x_wconf 89' lang='lat' dir='ltr'><strong>certe</strong></span> <span class='ocrx_word' id='word_1_467' title='bbox 1781 4063 1918 4103; x_wconf 92' lang='lat' dir='ltr'><strong>unus</strong></span> 
     </span>
    </p>
   </div>
   <div class='ocr_carea' id='block_1_59' title="bbox 352 4136 1919 4206">
    <p class='ocr_par' dir='ltr' id='par_1_59' title="bbox 352 4136 1919 4206">
     <span class='ocr_line' id='line_1_59' title="bbox 352 4136 1919 4206; baseline 0.003 -19"><span class='ocrx_word' id='word_1_468' title='bbox 352 4143 439 4188; x_wconf 79' lang='lat' dir='ltr'><strong>est</strong></span> <span class='ocrx_word' id='word_1_469' title='bbox 460 4149 523 4190; x_wconf 76' lang='lat' dir='ltr'><strong>ex</strong></span> <span class='ocrx_word' id='word_1_470' title='bbox 556 4136 808 4191; x_wconf 88' lang='lat' dir='ltr'><strong>omnibus</strong></span> <span class='ocrx_word' id='word_1_471' title='bbox 842 4153 961 4206; x_wconf 71' lang='lat' dir='ltr'><strong>qua:</strong></span> <span class='ocrx_word' id='word_1_472' title='bbox 994 4153 1089 4205; x_wconf 90' lang='lat' dir='ltr'><strong>per</strong></span> <span class='ocrx_word' id='word_1_473' title='bbox 1118 4136 1312 4191; x_wconf 85' lang='lat' dir='ltr'><strong>Filium</strong></span> <span class='ocrx_word' id='word_1_474' title='bbox 1344 4136 1483 4192; x_wconf 86' lang='lat' dir='ltr'><strong>facta</strong></span> <span class='ocrx_word' id='word_1_475' title='bbox 1509 4151 1654 4193; x_wconf 90' lang='lat' dir='ltr'><strong>sunt.</strong></span> <span class='ocrx_word' id='word_1_476' title='bbox 1701 4140 1804 4193; x_wconf 80' lang='lat' dir='ltr'><strong>Iste</strong></span> <span class='ocrx_word' id='word_1_477' title='bbox 1829 4156 1919 4193; x_wconf 89' lang='lat' dir='ltr'><strong>or-</strong></span> 
     </span>
    </p>
   </div>
   <div class='ocr_carea' id='block_1_60' title="bbox 357 4229 1918 4299">
    <p class='ocr_par' dir='ltr' id='par_1_60' title="bbox 357 4229 1918 4299">
     <span class='ocr_line' id='line_1_60' title="bbox 357 4229 1918 4299; baseline 0.004 -19"><span class='ocrx_word' id='word_1_478' title='bbox 357 4239 440 4282; x_wconf 89' lang='lat' dir='ltr'><strong>tus</strong></span> <span class='ocrx_word' id='word_1_479' title='bbox 469 4229 658 4284; x_wconf 86' lang='lat' dir='ltr'><strong>sordes</strong></span> <span class='ocrx_word' id='word_1_480' title='bbox 686 4229 968 4299; x_wconf 84' lang='lat' dir='ltr'><strong>contingit,</strong></span> <span class='ocrx_word' id='word_1_481' title='bbox 1012 4239 1068 4283; x_wconf 90' lang='lat' dir='ltr'><strong>et</strong></span> <span class='ocrx_word' id='word_1_482' title='bbox 1116 4229 1316 4284; x_wconf 86' lang='lat' dir='ltr'><strong>fetores</strong></span> <span class='ocrx_word' id='word_1_483' title='bbox 1362 4239 1415 4285; x_wconf 89' lang='lat' dir='ltr'><strong>et</strong></span> <span class='ocrx_word' id='word_1_484' title='bbox 1449 4246 1680 4288; x_wconf 75' lang='lat' dir='ltr'><strong>ctenum.</strong></span> <span class='ocrx_word' id='word_1_485' title='bbox 1730 4230 1798 4286; x_wconf 88' lang='lat' dir='ltr'><strong>Et</strong></span> <span class='ocrx_word' id='word_1_486' title='bbox 1828 4232 1918 4287; x_wconf 87' lang='lat' dir='ltr'><strong>illa</strong></span> 
     </span>
    </p>
   </div>
   <div class='ocr_carea' id='block_1_61' title="bbox 354 4319 1917 4390">
    <p class='ocr_par' dir='ltr' id='par_1_61' title="bbox 354 4319 1917 4390">
     <span class='ocr_line' id='line_1_61' title="bbox 354 4319 1917 4390; baseline 0.006 -20"><span class='ocrx_word' id='word_1_487' title='bbox 354 4319 565 4387; x_wconf 88' lang='lat' dir='ltr'><strong>quidem</strong></span> <span class='ocrx_word' id='word_1_488' title='bbox 591 4336 709 4390; x_wconf 68' lang='lat' dir='ltr'><strong>qua:</strong></span> <span class='ocrx_word' id='word_1_489' title='bbox 735 4321 931 4376; x_wconf 88' lang='lat' dir='ltr'><strong>habent</strong></span> <span class='ocrx_word' id='word_1_490' title='bbox 978 4321 1200 4377; x_wconf 80' lang='lat' dir='ltr'><strong>fetorem</strong></span> <span class='ocrx_word' id='word_1_491' title='bbox 1233 4322 1481 4376; x_wconf 88' lang='lat' dir='ltr'><strong>liberata</strong></span> <span class='ocrx_word' id='word_1_492' title='bbox 1544 4322 1753 4386; x_wconf 82' lang='lat' dir='ltr'><strong>fetore;</strong></span> <span class='ocrx_word' id='word_1_493' title='bbox 1804 4325 1917 4390; x_wconf 88' lang='lat' dir='ltr'><strong>ipse</strong></span> 
     </span>
    </p>
   </div>
   <div class='ocr_carea' id='block_1_62' title="bbox 2014 1842 3585 1920">
    <p class='ocr_par' dir='ltr' id='par_1_62' title="bbox 2014 1842 3585 1920">
     <span class='ocr_line' id='line_1_62' title="bbox 2014 1842 3585 1920; baseline -0.004 -18"><span class='ocrx_word' id='word_1_494' title='bbox 2014 1859 2134 1916; x_wconf 92' lang='lat' dir='ltr'><strong>post</strong></span> <span class='ocrx_word' id='word_1_495' title='bbox 2168 1850 2361 1903; x_wconf 70' lang='lat' dir='ltr'><strong>saecula</strong></span> <span class='ocrx_word' id='word_1_496' title='bbox 2412 1866 2531 1920; x_wconf 64' lang='lat' dir='ltr'><strong>quae</strong></span> <span class='ocrx_word' id='word_1_497' title='bbox 2580 1866 2673 1920; x_wconf 90' lang='lat' dir='ltr'><strong>per</strong></span> <span class='ocrx_word' id='word_1_498' title='bbox 2705 1851 2876 1919; x_wconf 85' lang='lat' dir='ltr'><strong>ipsum</strong></span> <span class='ocrx_word' id='word_1_499' title='bbox 2926 1848 3064 1902; x_wconf 79' lang='lat' dir='ltr'><strong>facta</strong></span> <span class='ocrx_word' id='word_1_500' title='bbox 3116 1856 3258 1902; x_wconf 90' lang='lat' dir='ltr'><strong>sunt.</strong></span> <span class='ocrx_word' id='word_1_501' title='bbox 3319 1844 3372 1897; x_wconf 91' lang='lat' dir='ltr'><strong>In</strong></span> <span class='ocrx_word' id='word_1_502' title='bbox 3431 1842 3585 1912; x_wconf 90' lang='lat' dir='ltr'><strong>prin-</strong></span> 
     </span>
    </p>
   </div>
   <div class='ocr_carea' id='block_1_63' title="bbox 2012 1937 3587 2011">
    <p class='ocr_par' dir='ltr' id='par_1_63' title="bbox 2012 1937 3587 2011">
     <span class='ocr_line' id='line_1_63' title="bbox 2012 1937 3587 2011; baseline -0.003 -17"><span class='ocrx_word' id='word_1_503' title='bbox 2012 1941 2152 2009; x_wconf 90' lang='lat' dir='ltr'><strong>cipio</strong></span> <span class='ocrx_word' id='word_1_504' title='bbox 2190 1952 2314 1995; x_wconf 88' lang='lat' dir='ltr'><strong>ante</strong></span> <span class='ocrx_word' id='word_1_505' title='bbox 2369 1958 2554 1996; x_wconf 74' lang='lat' dir='ltr'><strong>nimies</strong></span> <span class='ocrx_word' id='word_1_506' title='bbox 2600 1944 2738 2011; x_wconf 89' lang='lat' dir='ltr'><strong>apud</strong></span> <span class='ocrx_word' id='word_1_507' title='bbox 2790 1943 3000 2003; x_wconf 87' lang='lat' dir='ltr'><strong>Deum,</strong></span> <span class='ocrx_word' id='word_1_508' title='bbox 3049 1949 3171 1993; x_wconf 89' lang='lat' dir='ltr'><strong>ante</strong></span> <span class='ocrx_word' id='word_1_509' title='bbox 3217 1937 3424 1993; x_wconf 77' lang='lat' dir='ltr'><strong>etelos:</strong></span> <span class='ocrx_word' id='word_1_510' title='bbox 3479 1949 3587 1989; x_wconf 87' lang='lat' dir='ltr'><strong>non</strong></span> 
     </span>
    </p>
   </div>
   <div class='ocr_carea' id='block_1_64' title="bbox 2013 2029 3587 2094">
    <p class='ocr_par' dir='ltr' id='par_1_64' title="bbox 2013 2029 3587 2094">
     <span class='ocr_line' id='line_1_64' title="bbox 2013 2029 3587 2094; baseline -0.004 -6"><span class='ocrx_word' id='word_1_511' title='bbox 2013 2036 2156 2088; x_wconf 92' lang='lat' dir='ltr'><strong>enim</strong></span> <span class='ocrx_word' id='word_1_512' title='bbox 2210 2037 2540 2091; x_wconf 87' lang='lat' dir='ltr'><strong>necessarios</strong></span> <span class='ocrx_word' id='word_1_513' title='bbox 2606 2036 2833 2090; x_wconf 85' lang='lat' dir='ltr'><strong>habebat</strong></span> <span class='ocrx_word' id='word_1_514' title='bbox 2879 2036 3045 2090; x_wconf 75' lang='lat' dir='ltr'><strong>ccelos</strong></span> <span class='ocrx_word' id='word_1_515' title='bbox 3084 2034 3150 2086; x_wconf 90' lang='lat' dir='ltr'><strong>ad</strong></span> <span class='ocrx_word' id='word_1_516' title='bbox 3200 2029 3587 2094; x_wconf 87' lang='lat' dir='ltr'><strong>habitandum;</strong></span> 
     </span>
    </p>
   </div>
   <div class='ocr_carea' id='block_1_65' title="bbox 2016 2115 3586 2196">
    <p class='ocr_par' dir='ltr' id='par_1_65' title="bbox 2016 2115 3586 2196">
     <span class='ocr_line' id='line_1_65' title="bbox 2016 2115 3586 2196; baseline -0.007 -14"><span class='ocrx_word' id='word_1_517' title='bbox 2016 2129 2277 2196; x_wconf 90' lang='lat' dir='ltr'><strong>siquidem</strong></span> <span class='ocrx_word' id='word_1_518' title='bbox 2338 2143 2436 2183; x_wconf 88' lang='lat' dir='ltr'><strong>nec</strong></span> <span class='ocrx_word' id='word_1_519' title='bbox 2490 2140 2615 2181; x_wconf 89' lang='lat' dir='ltr'><strong>tunc</strong></span> <span class='ocrx_word' id='word_1_520' title='bbox 2669 2142 2788 2181; x_wconf 89' lang='lat' dir='ltr'><strong>eum</strong></span> <span class='ocrx_word' id='word_1_521' title='bbox 2848 2126 3046 2180; x_wconf 86' lang='lat' dir='ltr'><strong>factum</strong></span> <span class='ocrx_word' id='word_1_522' title='bbox 3100 2132 3185 2177; x_wconf 87' lang='lat' dir='ltr'><strong>est</strong></span> <span class='ocrx_word' id='word_1_523' title='bbox 3245 2120 3467 2182; x_wconf 66' lang='lat' dir='ltr'><strong>caelum,</strong></span> <span class='ocrx_word' id='word_1_524' title='bbox 3517 2115 3586 2171; x_wconf 84' lang='lat' dir='ltr'><strong>ad</strong></span> 
     </span>
    </p>
   </div>
   <div class='ocr_carea' id='block_1_66' title="bbox 2017 2208 3577 2285">
    <p class='ocr_par' dir='ltr' id='par_1_66' title="bbox 2017 2208 3577 2285">
     <span class='ocr_line' id='line_1_66' title="bbox 2017 2208 3577 2285; baseline -0.008 -12"><span class='ocrx_word' id='word_1_525' title='bbox 2017 2235 2171 2275; x_wconf 90' lang='lat' dir='ltr'><strong>usum</strong></span> <span class='ocrx_word' id='word_1_526' title='bbox 2208 2220 2404 2274; x_wconf 86' lang='lat' dir='ltr'><strong>factum</strong></span> <span class='ocrx_word' id='word_1_527' title='bbox 2430 2230 2512 2275; x_wconf 85' lang='lat' dir='ltr'><strong>est</strong></span> <span class='ocrx_word' id='word_1_528' title='bbox 2536 2220 2651 2285; x_wconf 85' lang='lat' dir='ltr'><strong>Dei,</strong></span> <span class='ocrx_word' id='word_1_529' title='bbox 2681 2219 2772 2273; x_wconf 86' lang='lat' dir='ltr'><strong>sed</strong></span> <span class='ocrx_word' id='word_1_530' title='bbox 2797 2218 2861 2271; x_wconf 91' lang='lat' dir='ltr'><strong>ad</strong></span> <span class='ocrx_word' id='word_1_531' title='bbox 2888 2217 3205 2272; x_wconf 82' lang='lat' dir='ltr'><strong>beneficium</strong></span> <span class='ocrx_word' id='word_1_532' title='bbox 3235 2213 3403 2283; x_wconf 87' lang='lat' dir='ltr'><strong>ipsius</strong></span> <span class='ocrx_word' id='word_1_533' title='bbox 3426 2208 3577 2273; x_wconf 74' lang='lat' dir='ltr'><strong>cmli,</strong></span> 
     </span>
    </p>
   </div>
   <div class='ocr_carea' id='block_1_67' title="bbox 2016 2298 3586 2379">
    <p class='ocr_par' dir='ltr' id='par_1_67' title="bbox 2016 2298 3586 2379">
     <span class='ocr_line' id='line_1_67' title="bbox 2016 2298 3586 2379; baseline -0.006 -15"><span class='ocrx_word' id='word_1_534' title='bbox 2016 2322 2071 2365; x_wconf 92' lang='lat' dir='ltr'><strong>et</strong></span> <span class='ocrx_word' id='word_1_535' title='bbox 2101 2325 2285 2364; x_wconf 90' lang='lat' dir='ltr'><strong>eorum</strong></span> <span class='ocrx_word' id='word_1_536' title='bbox 2311 2312 2399 2379; x_wconf 91' lang='lat' dir='ltr'><strong>qui</strong></span> <span class='ocrx_word' id='word_1_537' title='bbox 2426 2312 2527 2365; x_wconf 90' lang='lat' dir='ltr'><strong>sub</strong></span> <span class='ocrx_word' id='word_1_538' title='bbox 2555 2310 2694 2364; x_wconf 85' lang='lat' dir='ltr'><strong>coelo</strong></span> <span class='ocrx_word' id='word_1_539' title='bbox 2730 2318 2852 2363; x_wconf 91' lang='lat' dir='ltr'><strong>sunt</strong></span> <span class='ocrx_word' id='word_1_540' title='bbox 2878 2316 3116 2363; x_wconf 89' lang='lat' dir='ltr'><strong>creatum</strong></span> <span class='ocrx_word' id='word_1_541' title='bbox 3145 2315 3227 2360; x_wconf 90' lang='lat' dir='ltr'><strong>est</strong></span> <span class='ocrx_word' id='word_1_542' title='bbox 3253 2304 3470 2359; x_wconf 66' lang='lat' dir='ltr'><strong>caelum.</strong></span> <span class='ocrx_word' id='word_1_543' title='bbox 3518 2298 3586 2355; x_wconf 86' lang='lat' dir='ltr'><strong>Iu</strong></span> 
     </span>
    </p>
   </div>
   <div class='ocr_carea' id='block_1_68' title="bbox 2020 2398 3587 2473">
    <p class='ocr_par' dir='ltr' id='par_1_68' title="bbox 2020 2398 3587 2473">
     <span class='ocr_line' id='line_1_68' title="bbox 2020 2398 3587 2473; baseline -0.006 -18"><span class='ocrx_word' id='word_1_544' title='bbox 2020 2405 2275 2473; x_wconf 81' lang='lat' dir='ltr'><strong>principio</strong></span> <span class='ocrx_word' id='word_1_545' title='bbox 2313 2415 2423 2456; x_wconf 83' lang='lat' dir='ltr'><strong>erat</strong></span> <span class='ocrx_word' id='word_1_546' title='bbox 2454 2418 2472 2457; x_wconf 90' lang='lat'><strong>:</strong></span> <span class='ocrx_word' id='word_1_547' title='bbox 2520 2418 2671 2457; x_wconf 84' lang='lat' dir='ltr'><strong>serva</strong></span> <span class='ocrx_word' id='word_1_548' title='bbox 2706 2404 2848 2472; x_wconf 86' lang='lat' dir='ltr'><strong>quod</strong></span> <span class='ocrx_word' id='word_1_549' title='bbox 2874 2412 2991 2455; x_wconf 90' lang='lat' dir='ltr'><strong>erat</strong></span> <span class='ocrx_word' id='word_1_550' title='bbox 3016 2400 3146 2470; x_wconf 81' lang='lat' dir='ltr'><strong>(7i).</strong></span> <span class='ocrx_word' id='word_1_551' title='bbox 3187 2398 3240 2452; x_wconf 92' lang='lat' dir='ltr'><strong>Si</strong></span> <span class='ocrx_word' id='word_1_552' title='bbox 3268 2398 3409 2450; x_wconf 89' lang='lat' dir='ltr'><strong>enim</strong></span> <span class='ocrx_word' id='word_1_553' title='bbox 3443 2403 3497 2449; x_wconf 88' lang='lat' dir='ltr'><strong>et</strong></span> <span class='ocrx_word' id='word_1_554' title='bbox 3528 2401 3587 2446; x_wconf 82' lang='lat' dir='ltr'><strong>lu</strong></span> 
     </span>
    </p>
   </div>
   <div class='ocr_carea' id='block_1_69' title="bbox 2019 2489 3593 2563">
    <p class='ocr_par' dir='ltr' id='par_1_69' title="bbox 2019 2489 3593 2563">
     <span class='ocr_line' id='line_1_69' title="bbox 2019 2489 3593 2563; baseline -0.004 -15"><span class='ocrx_word' id='word_1_555' title='bbox 2019 2510 2126 2550; x_wconf 94' lang='lat' dir='ltr'><strong>non</strong></span> <span class='ocrx_word' id='word_1_556' title='bbox 2163 2496 2388 2557; x_wconf 80' lang='lat' dir='ltr'><strong>dixeris,</strong></span> <span class='ocrx_word' id='word_1_557' title='bbox 2418 2495 2568 2559; x_wconf 84' lang='lat' dir='ltr'><strong>Erat,</strong></span> <span class='ocrx_word' id='word_1_558' title='bbox 2604 2494 2693 2549; x_wconf 88' lang='lat' dir='ltr'><strong>ille</strong></span> <span class='ocrx_word' id='word_1_559' title='bbox 2718 2494 2932 2563; x_wconf 87' lang='lat' dir='ltr'><strong>quidem</strong></span> <span class='ocrx_word' id='word_1_560' title='bbox 2976 2503 3157 2545; x_wconf 90' lang='lat' dir='ltr'><strong>manet</strong></span> <span class='ocrx_word' id='word_1_561' title='bbox 3181 2489 3322 2559; x_wconf 88' lang='lat' dir='ltr'><strong>quod</strong></span> <span class='ocrx_word' id='word_1_562' title='bbox 3350 2497 3489 2554; x_wconf 89' lang='lat' dir='ltr'><strong>erat,</strong></span> <span class='ocrx_word' id='word_1_563' title='bbox 3534 2498 3593 2542; x_wconf 84' lang='lat' dir='ltr'><strong>tu</strong></span> 
     </span>
    </p>
   </div>
   <div class='ocr_carea' id='block_1_70' title="bbox 2018 2578 3593 2646">
    <p class='ocr_par' dir='ltr' id='par_1_70' title="bbox 2018 2578 3593 2646">
     <span class='ocr_line' id='line_1_70' title="bbox 2018 2578 3593 2646; baseline -0.007 -4"><span class='ocrx_word' id='word_1_564' title='bbox 2018 2600 2197 2642; x_wconf 86' lang='lat' dir='ltr'><strong>autem</strong></span> <span class='ocrx_word' id='word_1_565' title='bbox 2243 2586 2587 2641; x_wconf 78' lang='lat' dir='ltr'><strong>fraudaveris</strong></span> <span class='ocrx_word' id='word_1_566' title='bbox 2635 2594 2693 2638; x_wconf 90' lang='lat' dir='ltr'><strong>ut</strong></span> <span class='ocrx_word' id='word_1_567' title='bbox 2740 2586 2840 2639; x_wconf 90' lang='lat' dir='ltr'><strong>sis.</strong></span> <span class='ocrx_word' id='word_1_568' title='bbox 2898 2584 3012 2637; x_wconf 75' lang='lat' dir='ltr'><strong>Non</strong></span> <span class='ocrx_word' id='word_1_569' title='bbox 3065 2582 3209 2636; x_wconf 86' lang='lat' dir='ltr'><strong>enim</strong></span> <span class='ocrx_word' id='word_1_570' title='bbox 3244 2596 3310 2635; x_wconf 81' lang='lat' dir='ltr'><strong>ex</strong></span> <span class='ocrx_word' id='word_1_571' title='bbox 3349 2578 3431 2632; x_wconf 89' lang='lat' dir='ltr'><strong>his</strong></span> <span class='ocrx_word' id='word_1_572' title='bbox 3474 2593 3593 2646; x_wconf 65' lang='lat' dir='ltr'><strong>qua</strong></span> 
     </span>
    </p>
   </div>
   <div class='ocr_carea' id='block_1_71' title="bbox 2020 2668 3593 2747">
    <p class='ocr_par' dir='ltr' id='par_1_71' title="bbox 2020 2668 3593 2747">
     <span class='ocr_line' id='line_1_71' title="bbox 2020 2668 3593 2747; baseline -0.008 -12"><span class='ocrx_word' id='word_1_573' title='bbox 2020 2681 2250 2735; x_wconf 89' lang='lat' dir='ltr'><strong>dicimus</strong></span> <span class='ocrx_word' id='word_1_574' title='bbox 2288 2678 2591 2734; x_wconf 76' lang='lat' dir='ltr'><strong>efﬁciuntur</strong></span> <span class='ocrx_word' id='word_1_575' title='bbox 2636 2678 2850 2747; x_wconf 86' lang='lat' dir='ltr'><strong>ncgotia</strong></span> <span class='ocrx_word' id='word_1_576' title='bbox 2900 2691 3076 2729; x_wconf 84' lang='lat' dir='ltr'><strong>rerum</strong></span> <span class='ocrx_word' id='word_1_577' title='bbox 3109 2693 3123 2729; x_wconf 89' lang='lat'><strong>:</strong></span> <span class='ocrx_word' id='word_1_578' title='bbox 3158 2674 3249 2727; x_wconf 90' lang='lat' dir='ltr'><strong>sed</strong></span> <span class='ocrx_word' id='word_1_579' title='bbox 3287 2672 3329 2724; x_wconf 86' lang='lat' dir='ltr'><strong>si</strong></span> <span class='ocrx_word' id='word_1_580' title='bbox 3358 2668 3593 2725; x_wconf 81' lang='lat' dir='ltr'><strong>confessi</strong></span> 
     </span>
    </p>
   </div>
   <div class='ocr_carea' id='block_1_72' title="bbox 2019 2759 3591 2828">
    <p class='ocr_par' dir='ltr' id='par_1_72' title="bbox 2019 2759 3591 2828">
     <span class='ocr_line' id='line_1_72' title="bbox 2019 2759 3591 2828; baseline -0.006 -5"><span class='ocrx_word' id='word_1_581' title='bbox 2019 2769 2280 2825; x_wconf 86' lang='lat' dir='ltr'><strong>fuerimus</strong></span> <span class='ocrx_word' id='word_1_582' title='bbox 2322 2778 2380 2821; x_wconf 89' lang='lat' dir='ltr'><strong>ut</strong></span> <span class='ocrx_word' id='word_1_583' title='bbox 2407 2783 2465 2822; x_wconf 89' lang='lat' dir='ltr'><strong>se</strong></span> <span class='ocrx_word' id='word_1_584' title='bbox 2495 2783 2582 2822; x_wconf 88' lang='lat' dir='ltr'><strong>res</strong></span> <span class='ocrx_word' id='word_1_585' title='bbox 2621 2768 2822 2822; x_wconf 87' lang='lat' dir='ltr'><strong>habere</strong></span> <span class='ocrx_word' id='word_1_586' title='bbox 2844 2765 3113 2828; x_wconf 90' lang='lat' dir='ltr'><strong>videntur,</strong></span> <span class='ocrx_word' id='word_1_587' title='bbox 3149 2763 3494 2816; x_wconf 81' lang='lat' dir='ltr'><strong>salvabimnr.</strong></span> <span class='ocrx_word' id='word_1_588' title='bbox 3531 2759 3591 2814; x_wconf 86' lang='lat' dir='ltr'><strong>Si</strong></span> 
     </span>
    </p>
   </div>
   <div class='ocr_carea' id='block_1_73' title="bbox 2022 2850 3593 2923">
    <p class='ocr_par' dir='ltr' id='par_1_73' title="bbox 2022 2850 3593 2923">
     <span class='ocr_line' id='line_1_73' title="bbox 2022 2850 3593 2923; baseline -0.006 -9"><span class='ocrx_word' id='word_1_589' title='bbox 2022 2870 2206 2915; x_wconf 87' lang='lat' dir='ltr'><strong>autem</strong></span> <span class='ocrx_word' id='word_1_590' title='bbox 2237 2859 2527 2915; x_wconf 87' lang='lat' dir='ltr'><strong>delirantes</strong></span> <span class='ocrx_word' id='word_1_591' title='bbox 2570 2874 2673 2911; x_wconf 90' lang='lat' dir='ltr'><strong>non</strong></span> <span class='ocrx_word' id='word_1_592' title='bbox 2726 2866 2783 2910; x_wconf 94' lang='lat' dir='ltr'><strong>ut</strong></span> <span class='ocrx_word' id='word_1_593' title='bbox 2833 2871 2891 2910; x_wconf 91' lang='lat' dir='ltr'><strong>se</strong></span> <span class='ocrx_word' id='word_1_594' title='bbox 2926 2854 3088 2908; x_wconf 89' lang='lat' dir='ltr'><strong>habet</strong></span> <span class='ocrx_word' id='word_1_595' title='bbox 3125 2853 3394 2923; x_wconf 82' lang='lat' dir='ltr'><strong>negotium</strong></span> <span class='ocrx_word' id='word_1_596' title='bbox 3430 2850 3593 2904; x_wconf 87' lang='lat' dir='ltr'><strong>locuti</strong></span> 
     </span>
    </p>
   </div>
   <div class='ocr_carea' id='block_1_74' title="bbox 2022 2942 3591 3020">
    <p class='ocr_par' dir='ltr' id='par_1_74' title="bbox 2022 2942 3591 3020">
     <span class='ocr_line' id='line_1_74' title="bbox 2022 2942 3591 3020; baseline -0.008 -14"><span class='ocrx_word' id='word_1_597' title='bbox 2022 2952 2319 3017; x_wconf 90' lang='lat' dir='ltr'><strong>fuerimus;</strong></span> <span class='ocrx_word' id='word_1_598' title='bbox 2352 2949 2482 3020; x_wconf 62' lang='lat' dir='ltr'><strong>ipsae</strong></span> <span class='ocrx_word' id='word_1_599' title='bbox 2525 2950 2741 3017; x_wconf 87' lang='lat' dir='ltr'><strong>quidem</strong></span> <span class='ocrx_word' id='word_1_600' title='bbox 2784 2964 2869 3003; x_wconf 89' lang='lat' dir='ltr'><strong>res</strong></span> <span class='ocrx_word' id='word_1_601' title='bbox 2896 2956 3131 3006; x_wconf 84' lang='lat' dir='ltr'><strong>manent.</strong></span> <span class='ocrx_word' id='word_1_602' title='bbox 3172 2961 3270 2999; x_wconf 92' lang='lat' dir='ltr'><strong>nos</strong></span> <span class='ocrx_word' id='word_1_603' title='bbox 3294 2951 3470 2997; x_wconf 85' lang='lat' dir='ltr'><strong>autem</strong></span> <span class='ocrx_word' id='word_1_604' title='bbox 3505 2942 3591 3009; x_wconf 85' lang='lat' dir='ltr'><strong>ju-</strong></span> 
     </span>
    </p>
   </div>
   <div class='ocr_carea' id='block_1_75' title="bbox 2023 3034 3590 3107">
    <p class='ocr_par' dir='ltr' id='par_1_75' title="bbox 2023 3034 3590 3107">
     <span class='ocr_line' id='line_1_75' title="bbox 2023 3034 3590 3107; baseline -0.009 -9"><span class='ocrx_word' id='word_1_605' title='bbox 2023 3043 2341 3098; x_wconf 87' lang='lat' dir='ltr'><strong>dicahimur.</strong></span> <span class='ocrx_word' id='word_1_606' title='bbox 2394 3042 2545 3107; x_wconf 83' lang='lat' dir='ltr'><strong>Erat,</strong></span> <span class='ocrx_word' id='word_1_607' title='bbox 2577 3051 2631 3095; x_wconf 93' lang='lat' dir='ltr'><strong>et</strong></span> <span class='ocrx_word' id='word_1_608' title='bbox 2660 3049 2802 3104; x_wconf 86' lang='lat' dir='ltr'><strong>erat,</strong></span> <span class='ocrx_word' id='word_1_609' title='bbox 2831 3051 2885 3094; x_wconf 91' lang='lat' dir='ltr'><strong>et</strong></span> <span class='ocrx_word' id='word_1_610' title='bbox 2918 3049 3056 3094; x_wconf 90' lang='lat' dir='ltr'><strong>erat.</strong></span> <span class='ocrx_word' id='word_1_611' title='bbox 3093 3037 3165 3090; x_wconf 81' lang='grc' dir='ltr'><strong>1η</strong></span> <span class='ocrx_word' id='word_1_612' title='bbox 3198 3034 3454 3106; x_wconf 81' lang='lat' dir='ltr'><strong>principio</strong></span> <span class='ocrx_word' id='word_1_613' title='bbox 3478 3043 3590 3087; x_wconf 87' lang='lat' dir='ltr'><strong>erat</strong></span> 
     </span>
    </p>
   </div>
   <div class='ocr_carea' id='block_1_76' title="bbox 2033 3124 3590 3194">
    <p class='ocr_par' dir='ltr' id='par_1_76' title="bbox 2033 3124 3590 3194">
     <span class='ocr_line' id='line_1_76' title="bbox 2033 3124 3590 3194; baseline -0.006 -8"><span class='ocrx_word' id='word_1_614' title='bbox 2033 3134 2252 3188; x_wconf 83' lang='lat' dir='ltr'><strong>Verbum</strong></span> <span class='ocrx_word' id='word_1_615' title='bbox 2290 3148 2308 3187; x_wconf 90' lang='lat'><strong>:</strong></span> <span class='ocrx_word' id='word_1_616' title='bbox 2348 3149 2473 3189; x_wconf 88' lang='lat' dir='ltr'><strong>ecce</strong></span> <span class='ocrx_word' id='word_1_617' title='bbox 2510 3134 2673 3187; x_wconf 87' lang='lat' dir='ltr'><strong>semel</strong></span> <span class='ocrx_word' id='word_1_618' title='bbox 2723 3144 2882 3188; x_wconf 86' lang='lat' dir='ltr'><strong>erat:</strong></span> <span class='ocrx_word' id='word_1_619' title='bbox 2920 3143 2968 3186; x_wconf 83' lang='lat' dir='ltr'><strong>et</strong></span> <span class='ocrx_word' id='word_1_620' title='bbox 3016 3130 3241 3185; x_wconf 81' lang='lat' dir='ltr'><strong>Verbum</strong></span> <span class='ocrx_word' id='word_1_621' title='bbox 3291 3138 3403 3181; x_wconf 87' lang='lat' dir='ltr'><strong>erat</strong></span> <span class='ocrx_word' id='word_1_622' title='bbox 3448 3124 3590 3194; x_wconf 80' lang='lat' dir='ltr'><strong>apud</strong></span> 
     </span>
    </p>
   </div>
   <div class='ocr_carea' id='block_1_77' title="bbox 2023 3218 3589 3296">
    <p class='ocr_par' dir='ltr' id='par_1_77' title="bbox 2023 3218 3589 3296">
     <span class='ocr_line' id='line_1_77' title="bbox 2023 3218 3589 3296; baseline -0.006 -18"><span class='ocrx_word' id='word_1_623' title='bbox 2023 3224 2185 3279; x_wconf 86' lang='lat' dir='ltr'><strong>Deum</strong></span> <span class='ocrx_word' id='word_1_624' title='bbox 2203 3226 2270 3288; x_wconf 80' lang='grc'><strong>⁸⁵,</strong></span> <span class='ocrx_word' id='word_1_625' title='bbox 2308 3234 2364 3279; x_wconf 92' lang='lat' dir='ltr'><strong>et</strong></span> <span class='ocrx_word' id='word_1_626' title='bbox 2392 3225 2582 3279; x_wconf 88' lang='lat' dir='ltr'><strong>iterum</strong></span> <span class='ocrx_word' id='word_1_627' title='bbox 2616 3225 2727 3296; x_wconf 74' lang='lat'><strong>(7&#39;2)</strong></span> <span class='ocrx_word' id='word_1_628' title='bbox 2781 3233 2937 3280; x_wconf 84' lang='lat' dir='ltr'><strong>erat:</strong></span> <span class='ocrx_word' id='word_1_629' title='bbox 2971 3232 3019 3277; x_wconf 85' lang='lat' dir='ltr'><strong>et</strong></span> <span class='ocrx_word' id='word_1_630' title='bbox 3043 3223 3180 3276; x_wconf 80' lang='lat' dir='ltr'><strong>Deus</strong></span> <span class='ocrx_word' id='word_1_631' title='bbox 3196 3230 3307 3275; x_wconf 85' lang='lat' dir='ltr'><strong>erat</strong></span> <span class='ocrx_word' id='word_1_632' title='bbox 3333 3218 3589 3273; x_wconf 80' lang='lat' dir='ltr'><strong>Verbum:</strong></span> 
     </span>
    </p>
   </div>
   <div class='ocr_carea' id='block_1_78' title="bbox 2019 3312 3590 3384">
    <p class='ocr_par' dir='ltr' id='par_1_78' title="bbox 2019 3312 3590 3384">
     <span class='ocr_line' id='line_1_78' title="bbox 2019 3312 3590 3384; baseline -0.004 -11"><span class='ocrx_word' id='word_1_633' title='bbox 2019 3332 2147 3373; x_wconf 89' lang='lat' dir='ltr'><strong>ecce</strong></span> <span class='ocrx_word' id='word_1_634' title='bbox 2181 3318 2338 3372; x_wconf 89' lang='lat' dir='ltr'><strong>tertio</strong></span> <span class='ocrx_word' id='word_1_635' title='bbox 2369 3327 2507 3372; x_wconf 88' lang='lat' dir='ltr'><strong>erat.</strong></span> <span class='ocrx_word' id='word_1_636' title='bbox 2552 3316 2652 3371; x_wconf 85' lang='lat' dir='ltr'><strong>Hic</strong></span> <span class='ocrx_word' id='word_1_637' title='bbox 2685 3327 2795 3371; x_wconf 87' lang='lat' dir='ltr'><strong>erat</strong></span> <span class='ocrx_word' id='word_1_638' title='bbox 2835 3318 2890 3370; x_wconf 78' lang='lat' dir='ltr'><strong>in</strong></span> <span class='ocrx_word' id='word_1_639' title='bbox 2936 3316 3191 3384; x_wconf 80' lang='lat' dir='ltr'><strong>principio</strong></span> <span class='ocrx_word' id='word_1_640' title='bbox 3225 3314 3364 3382; x_wconf 83' lang='lat' dir='ltr'><strong>apud</strong></span> <span class='ocrx_word' id='word_1_641' title='bbox 3405 3312 3590 3366; x_wconf 85' lang='lat' dir='ltr'><strong>Deum.</strong></span> 
     </span>
    </p>
   </div>
   <div class='ocr_carea' id='block_1_79' title="bbox 2017 3402 3593 3476">
    <p class='ocr_par' dir='ltr' id='par_1_79' title="bbox 2017 3402 3593 3476">
     <span class='ocr_line' id='line_1_79' title="bbox 2017 3402 3593 3476; baseline -0.005 -14"><span class='ocrx_word' id='word_1_642' title='bbox 2017 3408 2147 3462; x_wconf 83' lang='lat' dir='ltr'><strong>Post</strong></span> <span class='ocrx_word' id='word_1_643' title='bbox 2178 3416 2410 3476; x_wconf 90' lang='lat' dir='ltr'><strong>quatuor</strong></span> <span class='ocrx_word' id='word_1_644' title='bbox 2452 3408 2550 3461; x_wconf 86' lang='lat' dir='ltr'><strong>has</strong></span> <span class='ocrx_word' id='word_1_645' title='bbox 2590 3423 2752 3462; x_wconf 86' lang='lat' dir='ltr'><strong>voces</strong></span> <span class='ocrx_word' id='word_1_646' title='bbox 2795 3407 2972 3460; x_wconf 85' lang='lat' dir='ltr'><strong>adhuc</strong></span> <span class='ocrx_word' id='word_1_647' title='bbox 3007 3406 3224 3459; x_wconf 81' lang='lat' dir='ltr'><strong>dubitas</strong></span> <span class='ocrx_word' id='word_1_648' title='bbox 3256 3405 3397 3472; x_wconf 84' lang='lat' dir='ltr'><strong>quod</strong></span> <span class='ocrx_word' id='word_1_649' title='bbox 3435 3402 3593 3457; x_wconf 83' lang='lat' dir='ltr'><strong>erat?</strong></span> 
     </span>
    </p>
   </div>
   <div class='ocr_carea' id='block_1_80' title="bbox 2018 3492 3595 3564">
    <p class='ocr_par' dir='ltr' id='par_1_80' title="bbox 2018 3492 3595 3564">
     <span class='ocr_line' id='line_1_80' title="bbox 2018 3492 3595 3564; baseline -0.004 -10"><span class='ocrx_word' id='word_1_650' title='bbox 2018 3510 2073 3554; x_wconf 89' lang='lat' dir='ltr'><strong>et</strong></span> <span class='ocrx_word' id='word_1_651' title='bbox 2110 3500 2324 3564; x_wconf 89' lang='lat' dir='ltr'><strong>iterum,</strong></span> <span class='ocrx_word' id='word_1_652' title='bbox 2352 3496 2473 3551; x_wconf 85' lang='lat' dir='ltr'><strong>Vita</strong></span> <span class='ocrx_word' id='word_1_653' title='bbox 2511 3508 2647 3561; x_wconf 91' lang='lat' dir='ltr'><strong>erat,</strong></span> <span class='ocrx_word' id='word_1_654' title='bbox 2679 3507 2735 3552; x_wconf 91' lang='lat' dir='ltr'><strong>et</strong></span> <span class='ocrx_word' id='word_1_655' title='bbox 2762 3498 2872 3551; x_wconf 90' lang='lat' dir='ltr'><strong>vita</strong></span> <span class='ocrx_word' id='word_1_656' title='bbox 2911 3504 3027 3550; x_wconf 91' lang='lat' dir='ltr'><strong>erat</strong></span> <span class='ocrx_word' id='word_1_657' title='bbox 3061 3495 3152 3549; x_wconf 78' lang='lat' dir='ltr'><strong>lux</strong></span> <span class='ocrx_word' id='word_1_658' title='bbox 3185 3495 3481 3548; x_wconf 89' lang='lat' dir='ltr'><strong>hominum.</strong></span> <span class='ocrx_word' id='word_1_659' title='bbox 3532 3492 3595 3547; x_wconf 86' lang='lat' dir='ltr'><strong>Si</strong></span> 
     </span>
    </p>
   </div>
   <div class='ocr_carea' id='block_1_81' title="bbox 2019 3586 3589 3661">
    <p class='ocr_par' dir='ltr' id='par_1_81' title="bbox 2019 3586 3589 3661">
     <span class='ocr_line' id='line_1_81' title="bbox 2019 3586 3589 3661; baseline -0.006 -15"><span class='ocrx_word' id='word_1_660' title='bbox 2019 3591 2150 3646; x_wconf 90' lang='lat' dir='ltr'><strong>dicit</strong></span> <span class='ocrx_word' id='word_1_661' title='bbox 2181 3589 2529 3661; x_wconf 88' lang='lat' dir='ltr'><strong>evangelista,</strong></span> <span class='ocrx_word' id='word_1_662' title='bbox 2575 3590 2668 3657; x_wconf 89' lang='lat' dir='ltr'><strong>qui</strong></span> <span class='ocrx_word' id='word_1_663' title='bbox 2710 3605 2776 3644; x_wconf 80' lang='lat' dir='ltr'><strong>ex</strong></span> <span class='ocrx_word' id='word_1_664' title='bbox 2817 3597 3034 3656; x_wconf 91' lang='lat' dir='ltr'><strong>pectore</strong></span> <span class='ocrx_word' id='word_1_665' title='bbox 3069 3586 3279 3642; x_wconf 91' lang='lat' dir='ltr'><strong>Domini</strong></span> <span class='ocrx_word' id='word_1_666' title='bbox 3328 3587 3589 3649; x_wconf 89' lang='lat' dir='ltr'><strong>haurivit,</strong></span> 
     </span>
    </p>
   </div>
   <div class='ocr_carea' id='block_1_82' title="bbox 2020 3678 3596 3750">
    <p class='ocr_par' dir='ltr' id='par_1_82' title="bbox 2020 3678 3596 3750">
     <span class='ocr_line' id='line_1_82' title="bbox 2020 3678 3596 3750; baseline -0.003 -15"><span class='ocrx_word' id='word_1_667' title='bbox 2020 3680 2174 3748; x_wconf 73' lang='lat' dir='ltr'><strong>Erat,</strong></span> <span class='ocrx_word' id='word_1_668' title='bbox 2228 3690 2282 3736; x_wconf 89' lang='lat' dir='ltr'><strong>et</strong></span> <span class='ocrx_word' id='word_1_669' title='bbox 2335 3681 2437 3735; x_wconf 89' lang='lat' dir='ltr'><strong>hoc</strong></span> <span class='ocrx_word' id='word_1_670' title='bbox 2487 3680 2841 3750; x_wconf 85' lang='lat' dir='ltr'><strong>frequenter:</strong></span> <span class='ocrx_word' id='word_1_671' title='bbox 2875 3693 2940 3733; x_wconf 81' lang='lat' dir='ltr'><strong>ex</strong></span> <span class='ocrx_word' id='word_1_672' title='bbox 2986 3678 3071 3733; x_wconf 89' lang='lat' dir='ltr'><strong>his</strong></span> <span class='ocrx_word' id='word_1_673' title='bbox 3115 3692 3234 3747; x_wconf 66' lang='lat' dir='ltr'><strong>qua:</strong></span> <span class='ocrx_word' id='word_1_674' title='bbox 3275 3691 3417 3744; x_wconf 69' lang='lat' dir='ltr'><strong>saepe</strong></span> <span class='ocrx_word' id='word_1_675' title='bbox 3452 3678 3596 3731; x_wconf 83' lang='lat' dir='ltr'><strong>dicta</strong></span> 
     </span>
    </p>
   </div>
   <div class='ocr_carea' id='block_1_83' title="bbox 2019 3768 3594 3841">
    <p class='ocr_par' dir='ltr' id='par_1_83' title="bbox 2019 3768 3594 3841">
     <span class='ocr_line' id='line_1_83' title="bbox 2019 3768 3594 3841; baseline -0.003 -14"><span class='ocrx_word' id='word_1_676' title='bbox 2019 3780 2145 3827; x_wconf 90' lang='lat' dir='ltr'><strong>sunt</strong></span> <span class='ocrx_word' id='word_1_677' title='bbox 2198 3787 2265 3826; x_wconf 92' lang='lat' dir='ltr'><strong>ne</strong></span> <span class='ocrx_word' id='word_1_678' title='bbox 2310 3770 2525 3841; x_wconf 87' lang='lat' dir='ltr'><strong>quidem</strong></span> <span class='ocrx_word' id='word_1_679' title='bbox 2558 3788 2719 3826; x_wconf 91' lang='lat' dir='ltr'><strong>unum</strong></span> <span class='ocrx_word' id='word_1_680' title='bbox 2760 3781 2951 3826; x_wconf 88' lang='lat' dir='ltr'><strong>tenes:</strong></span> <span class='ocrx_word' id='word_1_681' title='bbox 2987 3779 3040 3825; x_wconf 90' lang='lat' dir='ltr'><strong>et</strong></span> <span class='ocrx_word' id='word_1_682' title='bbox 3077 3783 3235 3839; x_wconf 89' lang='lat' dir='ltr'><strong>quem</strong></span> <span class='ocrx_word' id='word_1_683' title='bbox 3281 3768 3470 3822; x_wconf 59' lang='lat' dir='ltr'><strong>laedis?</strong></span> <span class='ocrx_word' id='word_1_684' title='bbox 3501 3768 3594 3823; x_wconf 90' lang='lat' dir='ltr'><strong>llle</strong></span> 
     </span>
    </p>
   </div>
   <div class='ocr_carea' id='block_1_84' title="bbox 2019 3860 3593 3934">
    <p class='ocr_par' dir='ltr' id='par_1_84' title="bbox 2019 3860 3593 3934">
     <span class='ocr_line' id='line_1_84' title="bbox 2019 3860 3593 3934; baseline -0.005 -14"><span class='ocrx_word' id='word_1_685' title='bbox 2019 3866 2161 3920; x_wconf 90' lang='lat' dir='ltr'><strong>enim</strong></span> <span class='ocrx_word' id='word_1_686' title='bbox 2189 3864 2278 3934; x_wconf 90' lang='lat' dir='ltr'><strong>qui</strong></span> <span class='ocrx_word' id='word_1_687' title='bbox 2306 3873 2444 3931; x_wconf 89' lang='lat' dir='ltr'><strong>erat,</strong></span> <span class='ocrx_word' id='word_1_688' title='bbox 2473 3875 2576 3931; x_wconf 90' lang='lat' dir='ltr'><strong>est,</strong></span> <span class='ocrx_word' id='word_1_689' title='bbox 2605 3872 2658 3918; x_wconf 92' lang='lat' dir='ltr'><strong>et</strong></span> <span class='ocrx_word' id='word_1_690' title='bbox 2687 3879 2790 3917; x_wconf 91' lang='lat' dir='ltr'><strong>non</strong></span> <span class='ocrx_word' id='word_1_691' title='bbox 2824 3862 3057 3919; x_wconf 88' lang='lat' dir='ltr'><strong>cessavit</strong></span> <span class='ocrx_word' id='word_1_692' title='bbox 3084 3870 3141 3916; x_wconf 94' lang='lat' dir='ltr'><strong>ut</strong></span> <span class='ocrx_word' id='word_1_693' title='bbox 3166 3861 3259 3916; x_wconf 88' lang='lat' dir='ltr'><strong>sit.</strong></span> <span class='ocrx_word' id='word_1_694' title='bbox 3304 3860 3382 3914; x_wconf 85' lang='lat' dir='ltr'><strong>Tu</strong></span> <span class='ocrx_word' id='word_1_695' title='bbox 3412 3870 3593 3913; x_wconf 88' lang='lat' dir='ltr'><strong>autem</strong></span> 
     </span>
    </p>
   </div>
   <div class='ocr_carea' id='block_1_85' title="bbox 2020 3954 3591 4026">
    <p class='ocr_par' dir='ltr' id='par_1_85' title="bbox 2020 3954 3591 4026">
     <span class='ocr_line' id='line_1_85' title="bbox 2020 3954 3591 4026; baseline -0.006 -13"><span class='ocrx_word' id='word_1_696' title='bbox 2020 3975 2126 4014; x_wconf 91' lang='lat' dir='ltr'><strong>non</strong></span> <span class='ocrx_word' id='word_1_697' title='bbox 2163 3959 2269 4014; x_wconf 90' lang='lat' dir='ltr'><strong>eris</strong></span> <span class='ocrx_word' id='word_1_698' title='bbox 2310 3957 2466 4026; x_wconf 84' lang='lat' dir='ltr'><strong>ejus,</strong></span> <span class='ocrx_word' id='word_1_699' title='bbox 2519 3958 2619 4012; x_wconf 91' lang='lat' dir='ltr'><strong>nisi</strong></span> <span class='ocrx_word' id='word_1_700' title='bbox 2667 3956 2834 4011; x_wconf 86' lang='lat' dir='ltr'><strong>fueris</strong></span> <span class='ocrx_word' id='word_1_701' title='bbox 2875 3954 3153 4010; x_wconf 90' lang='lat' dir='ltr'><strong>confessus</strong></span> <span class='ocrx_word' id='word_1_702' title='bbox 3198 3954 3323 4022; x_wconf 89' lang='lat' dir='ltr'><strong>quia</strong></span> <span class='ocrx_word' id='word_1_703' title='bbox 3353 3961 3505 4017; x_wconf 89' lang='lat' dir='ltr'><strong>erat,</strong></span> <span class='ocrx_word' id='word_1_704' title='bbox 3536 3958 3591 4005; x_wconf 88' lang='lat' dir='ltr'><strong>et</strong></span> 
     </span>
    </p>
   </div>
   <div class='ocr_carea' id='block_1_86' title="bbox 2020 4044 3597 4119">
    <p class='ocr_par' dir='ltr' id='par_1_86' title="bbox 2020 4044 3597 4119">
     <span class='ocr_line' id='line_1_86' title="bbox 2020 4044 3597 4119; baseline -0.008 -11"><span class='ocrx_word' id='word_1_705' title='bbox 2020 4061 2102 4108; x_wconf 90' lang='lat' dir='ltr'><strong>est</strong></span> <span class='ocrx_word' id='word_1_706' title='bbox 2125 4061 2179 4105; x_wconf 88' lang='lat' dir='ltr'><strong>et</strong></span> <span class='ocrx_word' id='word_1_707' title='bbox 2206 4052 2309 4106; x_wconf 86' lang='lat' dir='ltr'><strong>erit</strong></span> <span class='ocrx_word' id='word_1_708' title='bbox 2344 4071 2355 4107; x_wconf 91' lang='lat'><strong>:</strong></span> <span class='ocrx_word' id='word_1_709' title='bbox 2394 4062 2445 4106; x_wconf 89' lang='lat' dir='ltr'><strong>et</strong></span> <span class='ocrx_word' id='word_1_710' title='bbox 2481 4066 2753 4119; x_wconf 86' lang='lat' dir='ltr'><strong>nunquam</strong></span> <span class='ocrx_word' id='word_1_711' title='bbox 2782 4050 3012 4104; x_wconf 89' lang='lat' dir='ltr'><strong>cessavit</strong></span> <span class='ocrx_word' id='word_1_712' title='bbox 3040 4057 3095 4102; x_wconf 89' lang='lat' dir='ltr'><strong>ut</strong></span> <span class='ocrx_word' id='word_1_713' title='bbox 3129 4062 3232 4101; x_wconf 93' lang='lat' dir='ltr'><strong>non</strong></span> <span class='ocrx_word' id='word_1_714' title='bbox 3264 4046 3354 4101; x_wconf 92' lang='lat' dir='ltr'><strong>sit.</strong></span> <span class='ocrx_word' id='word_1_715' title='bbox 3380 4044 3597 4099; x_wconf 49' lang='lat' dir='ltr'><strong>Princin</strong></span> 
     </span>
    </p>
   </div>
   <div class='ocr_carea' id='block_1_87' title="bbox 2020 4136 3589 4214">
    <p class='ocr_par' dir='ltr' id='par_1_87' title="bbox 2020 4136 3589 4214">
     <span class='ocr_line' id='line_1_87' title="bbox 2020 4136 3589 4214; baseline -0.005 -16"><span class='ocrx_word' id='word_1_716' title='bbox 2020 4146 2167 4214; x_wconf 90' lang='lat' dir='ltr'><strong>pium</strong></span> <span class='ocrx_word' id='word_1_717' title='bbox 2200 4144 2457 4212; x_wconf 82' lang='lat' dir='ltr'><strong>evangelii</strong></span> <span class='ocrx_word' id='word_1_718' title='bbox 2494 4145 2642 4209; x_wconf 90' lang='lat' dir='ltr'><strong>dicit,</strong></span> <span class='ocrx_word' id='word_1_719' title='bbox 2677 4141 2808 4196; x_wconf 83' lang='lat' dir='ltr'><strong>Erat</strong></span> <span class='ocrx_word' id='word_1_720' title='bbox 2839 4158 2856 4196; x_wconf 94' lang='lat'><strong>:</strong></span> <span class='ocrx_word' id='word_1_721' title='bbox 2899 4152 2953 4194; x_wconf 90' lang='lat' dir='ltr'><strong>et</strong></span> <span class='ocrx_word' id='word_1_722' title='bbox 2994 4149 3049 4194; x_wconf 91' lang='lat' dir='ltr'><strong>tu</strong></span> <span class='ocrx_word' id='word_1_723' title='bbox 3100 4138 3281 4195; x_wconf 88' lang='lat' dir='ltr'><strong>statim</strong></span> <span class='ocrx_word' id='word_1_724' title='bbox 3338 4136 3589 4191; x_wconf 86' lang='lat' dir='ltr'><strong>dubitas:</strong></span> 
     </span>
    </p>
   </div>
   <div class='ocr_carea' id='block_1_88' title="bbox 2020 4227 3601 4305">
    <p class='ocr_par' dir='ltr' id='par_1_88' title="bbox 2020 4227 3601 4305">
     <span class='ocr_line' id='line_1_88' title="bbox 2020 4227 3601 4305; baseline -0.005 -14"><span class='ocrx_word' id='word_1_725' title='bbox 2020 4236 2245 4291; x_wconf 83' lang='lat' dir='ltr'><strong>necdum</strong></span> <span class='ocrx_word' id='word_1_726' title='bbox 2274 4237 2483 4305; x_wconf 65' lang='lat' dir='ltr'><strong>cmpisti</strong></span> <span class='ocrx_word' id='word_1_727' title='bbox 2518 4237 2716 4305; x_wconf 85' lang='lat' dir='ltr'><strong>legere,</strong></span> <span class='ocrx_word' id='word_1_728' title='bbox 2754 4246 2809 4289; x_wconf 92' lang='lat' dir='ltr'><strong>et</strong></span> <span class='ocrx_word' id='word_1_729' title='bbox 2836 4233 3125 4291; x_wconf 76' lang='lat' dir='ltr'><strong>offendisti.</strong></span> <span class='ocrx_word' id='word_1_730' title='bbox 3160 4230 3495 4301; x_wconf 87' lang='lat' dir='ltr'><strong>Evangelista</strong></span> <span class='ocrx_word' id='word_1_731' title='bbox 3523 4227 3601 4283; x_wconf 69' lang='lat' dir='ltr'><strong>ab.</strong></span> 
     </span>
    </p>
   </div>
   <div class='ocr_carea' id='block_1_89' title="bbox 2020 4320 3589 4398">
    <p class='ocr_par' dir='ltr' id='par_1_89' title="bbox 2020 4320 3589 4398">
     <span class='ocr_line' id='line_1_89' title="bbox 2020 4320 3589 4398; baseline -0.008 -14"><span class='ocrx_word' id='word_1_732' title='bbox 2020 4330 2153 4384; x_wconf 82' lang='lat' dir='ltr'><strong>Erat</strong></span> <span class='ocrx_word' id='word_1_733' title='bbox 2183 4330 2369 4398; x_wconf 63' lang='lat' dir='ltr'><strong>etrapit,</strong></span> <span class='ocrx_word' id='word_1_734' title='bbox 2397 4340 2449 4383; x_wconf 90' lang='lat' dir='ltr'><strong>et</strong></span> <span class='ocrx_word' id='word_1_735' title='bbox 2482 4339 2533 4381; x_wconf 89' lang='lat' dir='ltr'><strong>tu</strong></span> <span class='ocrx_word' id='word_1_736' title='bbox 2568 4327 2698 4380; x_wconf 83' lang='lat' dir='ltr'><strong>Erat</strong></span> <span class='ocrx_word' id='word_1_737' title='bbox 2748 4327 3060 4382; x_wconf 86' lang='lat' dir='ltr'><strong>interimis?</strong></span> <span class='ocrx_word' id='word_1_738' title='bbox 3106 4324 3343 4380; x_wconf 83' lang='lat' dir='ltr'><strong>Necdum</strong></span> <span class='ocrx_word' id='word_1_739' title='bbox 3388 4320 3589 4389; x_wconf 83' lang='lat' dir='ltr'><strong>legisti,</strong></span> 
     </span>
    </p>
   </div>
   <div class='ocr_carea' id='block_1_90' title="bbox 352 4400 3599 4489">
    <p class='ocr_par' dir='ltr' id='par_1_90' title="bbox 352 4400 3599 4489">
     <span class='ocr_line' id='line_1_90' title="bbox 352 4400 3599 4489; baseline 0.001 -26"><span class='ocrx_word' id='word_1_740' title='bbox 352 4420 528 4466; x_wconf 87' lang='lat' dir='ltr'><strong>autem</strong></span> <span class='ocrx_word' id='word_1_741' title='bbox 554 4427 612 4468; x_wconf 86' lang='lat' dir='ltr'><strong>se</strong></span> <span class='ocrx_word' id='word_1_742' title='bbox 635 4429 738 4466; x_wconf 93' lang='lat' dir='ltr'><strong>non</strong></span> <span class='ocrx_word' id='word_1_743' title='bbox 765 4400 1080 4484; x_wconf 67' lang='lat' dir='ltr'><strong>coinquinat</strong></span> <span class='ocrx_word' id='word_1_744' title='bbox 1101 4415 1171 4468; x_wconf 85' lang='lat' dir='ltr'><strong>ab</strong></span> <span class='ocrx_word' id='word_1_745' title='bbox 1201 4414 1287 4468; x_wconf 92' lang='lat' dir='ltr'><strong>his</strong></span> <span class='ocrx_word' id='word_1_746' title='bbox 1315 4430 1435 4484; x_wconf 72' lang='lat' dir='ltr'><strong>qua:</strong></span> <span class='ocrx_word' id='word_1_747' title='bbox 1460 4417 1707 4486; x_wconf 79' lang='lat' dir='ltr'><strong>detergit.</strong></span> <span class='ocrx_word' id='word_1_748' title='bbox 1735 4415 1789 4469; x_wconf 91' lang='lat' dir='ltr'><strong>Si</strong></span> <span class='ocrx_word' id='word_1_749' title='bbox 1818 4416 1915 4483; x_wconf 83' lang='lat' dir='ltr'><strong>igi-</strong></span> <span class='ocrx_word' id='word_1_750' title='bbox 1948 4427 1991 4482; x_wconf 75' lang='grc' dir='ltr'><strong>ι)</strong></span> <span class='ocrx_word' id='word_1_751' title='bbox 2019 4430 2074 4475; x_wconf 86' lang='lat' dir='ltr'><strong>et</strong></span> <span class='ocrx_word' id='word_1_752' title='bbox 2097 4420 2450 4475; x_wconf 83' lang='lat' dir='ltr'><strong>contradicis.</strong></span> <span class='ocrx_word' id='word_1_753' title='bbox 2483 4420 2605 4473; x_wconf 74' lang='lat' dir='ltr'><strong>Erat</strong></span> <span class='ocrx_word' id='word_1_754' title='bbox 2644 4419 2695 4473; x_wconf 91' lang='lat' dir='ltr'><strong>in</strong></span> <span class='ocrx_word' id='word_1_755' title='bbox 2727 4418 2988 4489; x_wconf 90' lang='lat' dir='ltr'><strong>principio</strong></span> <span class='ocrx_word' id='word_1_756' title='bbox 3010 4427 3136 4471; x_wconf 90' lang='lat' dir='ltr'><strong>ante</strong></span> <span class='ocrx_word' id='word_1_757' title='bbox 3164 4429 3386 4471; x_wconf 91' lang='lat' dir='ltr'><strong>omnes:</strong></span> <span class='ocrx_word' id='word_1_758' title='bbox 3416 4416 3599 4467; x_wconf 86' lang='lat' dir='ltr'><strong>honos</strong></span> 
     </span>
    </p>
   </div>
   <div class='ocr_carea' id='block_1_91' title="bbox 355 4503 1913 4577">
    <p class='ocr_par' dir='ltr' id='par_1_91' title="bbox 355 4503 1913 4577">
     <span class='ocr_line' id='line_1_91' title="bbox 355 4503 1913 4577; baseline 0.002 -20"><span class='ocrx_word' id='word_1_759' title='bbox 355 4513 441 4557; x_wconf 92' lang='lat' dir='ltr'><strong>tur</strong></span> <span class='ocrx_word' id='word_1_760' title='bbox 484 4503 584 4557; x_wconf 89' lang='lat' dir='ltr'><strong>iste</strong></span> <span class='ocrx_word' id='word_1_761' title='bbox 631 4504 709 4559; x_wconf 86' lang='lat' dir='ltr'><strong>sol</strong></span> <span class='ocrx_word' id='word_1_762' title='bbox 751 4506 978 4559; x_wconf 84' lang='lat' dir='ltr'><strong>visibilis</strong></span> <span class='ocrx_word' id='word_1_763' title='bbox 1017 4506 1107 4575; x_wconf 91' lang='lat' dir='ltr'><strong>qui</strong></span> <span class='ocrx_word' id='word_1_764' title='bbox 1142 4506 1316 4560; x_wconf 92' lang='lat' dir='ltr'><strong>oritur</strong></span> <span class='ocrx_word' id='word_1_765' title='bbox 1345 4517 1400 4561; x_wconf 92' lang='lat' dir='ltr'><strong>et</strong></span> <span class='ocrx_word' id='word_1_766' title='bbox 1434 4508 1653 4571; x_wconf 89' lang='lat' dir='ltr'><strong>occidit,</strong></span> <span class='ocrx_word' id='word_1_767' title='bbox 1686 4507 1775 4577; x_wconf 89' lang='lat' dir='ltr'><strong>qui</strong></span> <span class='ocrx_word' id='word_1_768' title='bbox 1811 4523 1913 4560; x_wconf 92' lang='lat' dir='ltr'><strong>non</strong></span> 
     </span>
    </p>
   </div>
   <div class='ocr_carea' id='block_1_92' title="bbox 355 4596 1916 4669">
    <p class='ocr_par' dir='ltr' id='par_1_92' title="bbox 355 4596 1916 4669">
     <span class='ocr_line' id='line_1_92' title="bbox 355 4596 1916 4669; baseline 0.004 -20"><span class='ocrx_word' id='word_1_769' title='bbox 355 4596 407 4650; x_wconf 91' lang='lat' dir='ltr'><strong>in</strong></span> <span class='ocrx_word' id='word_1_770' title='bbox 435 4598 697 4666; x_wconf 89' lang='lat' dir='ltr'><strong>principio</strong></span> <span class='ocrx_word' id='word_1_771' title='bbox 741 4598 861 4663; x_wconf 83' lang='lat' dir='ltr'><strong>fuit,</strong></span> <span class='ocrx_word' id='word_1_772' title='bbox 889 4600 982 4653; x_wconf 87' lang='lat' dir='ltr'><strong>sed</strong></span> <span class='ocrx_word' id='word_1_773' title='bbox 1013 4609 1207 4667; x_wconf 86' lang='lat' dir='ltr'><strong>quarto</strong></span> <span class='ocrx_word' id='word_1_774' title='bbox 1252 4601 1338 4654; x_wconf 89' lang='lat' dir='ltr'><strong>die</strong></span> <span class='ocrx_word' id='word_1_775' title='bbox 1389 4616 1483 4669; x_wconf 92' lang='lat' dir='ltr'><strong>per</strong></span> <span class='ocrx_word' id='word_1_776' title='bbox 1507 4600 1701 4655; x_wconf 88' lang='lat' dir='ltr'><strong>Filium</strong></span> <span class='ocrx_word' id='word_1_777' title='bbox 1744 4601 1916 4656; x_wconf 86' lang='lat' dir='ltr'><strong>factus</strong></span> 
     </span>
    </p>
   </div>
   <div class='ocr_carea' id='block_1_93' title="bbox 352 4682 1912 4763">
    <p class='ocr_par' dir='ltr' id='par_1_93' title="bbox 352 4682 1912 4763">
     <span class='ocr_line' id='line_1_93' title="bbox 352 4682 1912 4763; baseline 0.003 -21"><span class='ocrx_word' id='word_1_778' title='bbox 352 4698 467 4753; x_wconf 86' lang='lat' dir='ltr'><strong>est;</strong></span> <span class='ocrx_word' id='word_1_779' title='bbox 507 4690 553 4744; x_wconf 86' lang='lat' dir='ltr'><strong>si</strong></span> <span class='ocrx_word' id='word_1_780' title='bbox 591 4692 693 4745; x_wconf 91' lang='lat' dir='ltr'><strong>iste</strong></span> <span class='ocrx_word' id='word_1_781' title='bbox 726 4690 808 4744; x_wconf 93' lang='lat' dir='ltr'><strong>sol</strong></span> <span class='ocrx_word' id='word_1_782' title='bbox 842 4707 943 4744; x_wconf 91' lang='lat' dir='ltr'><strong>non</strong></span> <span class='ocrx_word' id='word_1_783' title='bbox 978 4693 1214 4760; x_wconf 89' lang='lat' dir='ltr'><strong>repletur</strong></span> <span class='ocrx_word' id='word_1_784' title='bbox 1245 4694 1313 4747; x_wconf 88' lang='lat' dir='ltr'><strong>ab</strong></span> <span class='ocrx_word' id='word_1_785' title='bbox 1356 4692 1441 4747; x_wconf 90' lang='lat' dir='ltr'><strong>his</strong></span> <span class='ocrx_word' id='word_1_786' title='bbox 1486 4709 1604 4763; x_wconf 68' lang='lat' dir='ltr'><strong>qua:</strong></span> <span class='ocrx_word' id='word_1_787' title='bbox 1628 4682 1912 4760; x_wconf 80' lang='lat' dir='ltr'><strong>contingit,</strong></span> 
     </span>
    </p>
   </div>
   <div class='ocr_carea' id='block_1_94' title="bbox 352 4782 1915 4853">
    <p class='ocr_par' dir='ltr' id='par_1_94' title="bbox 352 4782 1915 4853">
     <span class='ocr_line' id='line_1_94' title="bbox 352 4782 1915 4853; baseline 0.003 -19"><span class='ocrx_word' id='word_1_788' title='bbox 352 4782 520 4836; x_wconf 88' lang='lat' dir='ltr'><strong>multo</strong></span> <span class='ocrx_word' id='word_1_789' title='bbox 549 4783 719 4853; x_wconf 84' lang='lat' dir='ltr'><strong>magis</strong></span> <span class='ocrx_word' id='word_1_790' title='bbox 748 4782 1009 4838; x_wconf 89' lang='lat' dir='ltr'><strong>Dominus</strong></span> <span class='ocrx_word' id='word_1_791' title='bbox 1031 4784 1252 4852; x_wconf 69' lang='lat' dir='ltr'><strong>iustitiae</strong></span> <span class='ocrx_word' id='word_1_792' title='bbox 1298 4786 1385 4852; x_wconf 92' lang='lat' dir='ltr'><strong>qui</strong></span> <span class='ocrx_word' id='word_1_793' title='bbox 1425 4796 1617 4853; x_wconf 81' lang='lat' dir='ltr'><strong>purgat</strong></span> <span class='ocrx_word' id='word_1_794' title='bbox 1647 4796 1700 4840; x_wconf 92' lang='lat' dir='ltr'><strong>et</strong></span> <span class='ocrx_word' id='word_1_795' title='bbox 1726 4801 1915 4839; x_wconf 88' lang='lat' dir='ltr'><strong>emun-</strong></span> 
     </span>
    </p>
   </div>
   <div class='ocr_carea' id='block_1_95' title="bbox 353 4874 1914 4941">
    <p class='ocr_par' dir='ltr' id='par_1_95' title="bbox 353 4874 1914 4941">
     <span class='ocr_line' id='line_1_95' title="bbox 353 4874 1914 4941; baseline 0.004 -15"><span class='ocrx_word' id='word_1_796' title='bbox 353 4874 465 4939; x_wconf 89' lang='lat' dir='ltr'><strong>dat,</strong></span> <span class='ocrx_word' id='word_1_797' title='bbox 501 4874 763 4928; x_wconf 86' lang='lat' dir='ltr'><strong>clariticat</strong></span> <span class='ocrx_word' id='word_1_798' title='bbox 793 4884 848 4928; x_wconf 90' lang='lat' dir='ltr'><strong>et</strong></span> <span class='ocrx_word' id='word_1_799' title='bbox 894 4875 1179 4941; x_wconf 89' lang='lat' dir='ltr'><strong>illuminat,</strong></span> <span class='ocrx_word' id='word_1_800' title='bbox 1227 4891 1335 4929; x_wconf 91' lang='lat' dir='ltr'><strong>non</strong></span> <span class='ocrx_word' id='word_1_801' title='bbox 1366 4878 1819 4930; x_wconf 76' lang='lat' dir='ltr'><strong>contmninahitur</strong></span> <span class='ocrx_word' id='word_1_802' title='bbox 1847 4880 1914 4932; x_wconf 89' lang='lat' dir='ltr'><strong>ab</strong></span> 
     </span>
    </p>
   </div>
   <div class='ocr_carea' id='block_1_96' title="bbox 351 4965 1912 5037">
    <p class='ocr_par' dir='ltr' id='par_1_96' title="bbox 351 4965 1912 5037">
     <span class='ocr_line' id='line_1_96' title="bbox 351 4965 1912 5037; baseline 0 -17"><span class='ocrx_word' id='word_1_803' title='bbox 351 4965 437 5020; x_wconf 84' lang='lat' dir='ltr'><strong>his</strong></span> <span class='ocrx_word' id='word_1_804' title='bbox 483 4981 605 5034; x_wconf 68' lang='lat' dir='ltr'><strong>quae</strong></span> <span class='ocrx_word' id='word_1_805' title='bbox 650 4968 932 5036; x_wconf 87' lang='lat' dir='ltr'><strong>contingit.</strong></span> <span class='ocrx_word' id='word_1_806' title='bbox 989 4966 1104 5021; x_wconf 90' lang='lat' dir='ltr'><strong>Non</strong></span> <span class='ocrx_word' id='word_1_807' title='bbox 1160 4976 1335 5036; x_wconf 84' lang='lat' dir='ltr'><strong>potest</strong></span> <span class='ocrx_word' id='word_1_808' title='bbox 1372 4971 1514 5020; x_wconf 89' lang='lat' dir='ltr'><strong>enim</strong></span> <span class='ocrx_word' id='word_1_809' title='bbox 1568 4968 1685 5037; x_wconf 86' lang='lat' dir='ltr'><strong>ejus</strong></span> <span class='ocrx_word' id='word_1_810' title='bbox 1722 4978 1912 5021; x_wconf 90' lang='lat' dir='ltr'><strong>natura</strong></span> 
     </span>
    </p>
   </div>
   <div class='ocr_carea' id='block_1_97' title="bbox 350 5058 1911 5130">
    <p class='ocr_par' dir='ltr' id='par_1_97' title="bbox 350 5058 1911 5130">
     <span class='ocr_line' id='line_1_97' title="bbox 350 5058 1911 5130; baseline 0.002 -19"><span class='ocrx_word' id='word_1_811' title='bbox 350 5059 735 5113; x_wconf 88' lang='lat' dir='ltr'><strong>contaminari.</strong></span> <span class='ocrx_word' id='word_1_812' title='bbox 799 5058 947 5114; x_wconf 88' lang='lat' dir='ltr'><strong>Nihil</strong></span> <span class='ocrx_word' id='word_1_813' title='bbox 1004 5060 1055 5114; x_wconf 92' lang='lat' dir='ltr'><strong>in</strong></span> <span class='ocrx_word' id='word_1_814' title='bbox 1111 5074 1232 5114; x_wconf 91' lang='lat' dir='ltr'><strong>eum</strong></span> <span class='ocrx_word' id='word_1_815' title='bbox 1301 5060 1603 5130; x_wconf 88' lang='lat' dir='ltr'><strong>ingreditur</strong></span> <span class='ocrx_word' id='word_1_816' title='bbox 1658 5060 1911 5114; x_wconf 89' lang='lat' dir='ltr'><strong>alienum.</strong></span> 
     </span>
    </p>
   </div>
   <div class='ocr_carea' id='block_1_98' title="bbox 350 5148 1915 5216">
    <p class='ocr_par' dir='ltr' id='par_1_98' title="bbox 350 5148 1915 5216">
     <span class='ocr_line' id='line_1_98' title="bbox 350 5148 1915 5216; baseline 0.004 -17"><span class='ocrx_word' id='word_1_817' title='bbox 350 5148 503 5213; x_wconf 86' lang='lat' dir='ltr'><strong>Quod</strong></span> <span class='ocrx_word' id='word_1_818' title='bbox 548 5151 692 5204; x_wconf 92' lang='lat' dir='ltr'><strong>enim</strong></span> <span class='ocrx_word' id='word_1_819' title='bbox 746 5161 901 5205; x_wconf 88' lang='lat' dir='ltr'><strong>natus</strong></span> <span class='ocrx_word' id='word_1_820' title='bbox 943 5166 1025 5206; x_wconf 90' lang='lat' dir='ltr'><strong>est</strong></span> <span class='ocrx_word' id='word_1_821' title='bbox 1076 5152 1261 5216; x_wconf 88' lang='lat' dir='ltr'><strong>semel,</strong></span> <span class='ocrx_word' id='word_1_822' title='bbox 1306 5152 1406 5207; x_wconf 92' lang='lat' dir='ltr'><strong>hoc</strong></span> <span class='ocrx_word' id='word_1_823' title='bbox 1440 5161 1493 5205; x_wconf 90' lang='lat' dir='ltr'><strong>et</strong></span> <span class='ocrx_word' id='word_1_824' title='bbox 1528 5160 1725 5205; x_wconf 89' lang='lat' dir='ltr'><strong>manet.</strong></span> <span class='ocrx_word' id='word_1_825' title='bbox 1772 5149 1915 5206; x_wconf 81' lang='lat' dir='ltr'><strong>Nihil</strong></span> 
     </span>
    </p>
   </div>
   <div class='ocr_carea' id='block_1_99' title="bbox 352 5234 1916 5312">
    <p class='ocr_par' dir='ltr' id='par_1_99' title="bbox 352 5234 1916 5312">
     <span class='ocr_line' id='line_1_99' title="bbox 352 5234 1916 5312; baseline 0.006 -23"><span class='ocrx_word' id='word_1_826' title='bbox 352 5234 525 5289; x_wconf 77' lang='lat' dir='ltr'><strong>defuit</strong></span> <span class='ocrx_word' id='word_1_827' title='bbox 575 5248 633 5291; x_wconf 95' lang='lat' dir='ltr'><strong>ut</strong></span> <span class='ocrx_word' id='word_1_828' title='bbox 662 5240 1111 5303; x_wconf 90' lang='lat' dir='ltr'><strong>introduceretur,</strong></span> <span class='ocrx_word' id='word_1_829' title='bbox 1144 5240 1273 5293; x_wconf 92' lang='lat' dir='ltr'><strong>nihil</strong></span> <span class='ocrx_word' id='word_1_830' title='bbox 1304 5240 1479 5294; x_wconf 89' lang='lat' dir='ltr'><strong>minus</strong></span> <span class='ocrx_word' id='word_1_831' title='bbox 1504 5252 1586 5295; x_wconf 91' lang='lat' dir='ltr'><strong>est</strong></span> <span class='ocrx_word' id='word_1_832' title='bbox 1624 5252 1681 5295; x_wconf 89' lang='lat' dir='ltr'><strong>ut</strong></span> <span class='ocrx_word' id='word_1_833' title='bbox 1709 5242 1916 5312; x_wconf 84' lang='lat' dir='ltr'><strong>replea-</strong></span> 
     </span>
    </p>
   </div>
   <div class='ocr_carea' id='block_1_100' title="bbox 423 5352 1227 5423">
    <p class='ocr_par' dir='ltr' id='par_1_100' title="bbox 423 5352 1227 5423">
     <span class='ocr_line' id='line_1_100' title="bbox 423 5352 1227 5423; baseline 0.004 -16"><span class='ocrx_word' id='word_1_834' title='bbox 423 5354 471 5389; x_wconf 82' lang='grc'><strong>⁸⁸</strong></span> <span class='ocrx_word' id='word_1_835' title='bbox 498 5352 652 5409; x_wconf 86' lang='lat' dir='ltr'><strong>Joan.</strong></span> <span class='ocrx_word' id='word_1_836' title='bbox 686 5372 724 5423; x_wconf 83' lang='grc' dir='ltr'><strong>ι,</strong></span> <span class='ocrx_word' id='word_1_837' title='bbox 755 5356 845 5411; x_wconf 73' lang='lat'><strong>29.</strong></span> <span class='ocrx_word' id='word_1_838' title='bbox 939 5358 984 5388; x_wconf 82' lang='grc'><strong>⁸⁸</strong></span> <span class='ocrx_word' id='word_1_839' title='bbox 1016 5356 1142 5411; x_wconf 82' lang='lat' dir='ltr'><strong>ibid.</strong></span> <span class='ocrx_word' id='word_1_840' title='bbox 1172 5358 1227 5410; x_wconf 69' lang='lat'><strong>2.</strong></span> 
     </span>
    </p>
   </div>
   <div class='ocr_carea' id='block_1_101' title="bbox 423 5508 1491 5577">
    <p class='ocr_par' dir='ltr' id='par_1_101' title="bbox 423 5508 1491 5577">
     <span class='ocr_line' id='line_1_101' title="bbox 423 5508 1491 5577; baseline 0.006 -16"><span class='ocrx_word' id='word_1_841' title='bbox 423 5508 537 5577; x_wconf 84' lang='grc'><strong>(67)</strong></span> <span class='ocrx_word' id='word_1_842' title='bbox 573 5510 669 5565; x_wconf 83' lang='lat' dir='ltr'><strong>lhs.</strong></span> <span class='ocrx_word' id='word_1_843' title='bbox 701 5510 805 5575; x_wconf 85' lang='lat' dir='ltr'><strong>Qui</strong></span> <span class='ocrx_word' id='word_1_844' title='bbox 838 5522 948 5564; x_wconf 84' lang='lat' dir='ltr'><strong>erat</strong></span> <span class='ocrx_word' id='word_1_845' title='bbox 979 5525 1169 5565; x_wconf 81' lang='lat' dir='ltr'><strong>natura</strong></span> <span class='ocrx_word' id='word_1_846' title='bbox 1198 5513 1491 5567; x_wconf 79' lang='lat' dir='ltr'><strong>invisibilis.</strong></span> 
     </span>
    </p>
   </div>
   <div class='ocr_carea' id='block_1_102' title="bbox 423 5580 1811 5650">
    <p class='ocr_par' dir='ltr' id='par_1_102' title="bbox 423 5580 1811 5650">
     <span class='ocr_line' id='line_1_102' title="bbox 423 5580 1811 5650; baseline 0.005 -20"><span class='ocrx_word' id='word_1_847' title='bbox 423 5580 535 5650; x_wconf 64' lang='lat'><strong>(68)</strong></span> <span class='ocrx_word' id='word_1_848' title='bbox 568 5580 659 5634; x_wconf 80' lang='lat' dir='ltr'><strong>Ms.</strong></span> <span class='ocrx_word' id='word_1_849' title='bbox 696 5582 1005 5648; x_wconf 82' lang='lat' dir='ltr'><strong>lndigebanl</strong></span> <span class='ocrx_word' id='word_1_850' title='bbox 1030 5585 1219 5644; x_wconf 79' lang='lat' dir='ltr'><strong>salute,</strong></span> <span class='ocrx_word' id='word_1_851' title='bbox 1250 5600 1365 5650; x_wconf 78' lang='lat' dir='ltr'><strong>qua:</strong></span> <span class='ocrx_word' id='word_1_852' title='bbox 1399 5602 1429 5634; x_wconf 90' lang='lat' dir='ltr'><strong>a</strong></span> <span class='ocrx_word' id='word_1_853' title='bbox 1470 5584 1690 5636; x_wconf 82' lang='lat' dir='ltr'><strong>Domino</strong></span> <span class='ocrx_word' id='word_1_854' title='bbox 1717 5594 1811 5637; x_wconf 78' lang='lat' dir='ltr'><strong>est.</strong></span> 
     </span>
    </p>
   </div>
   <div class='ocr_carea' id='block_1_103' title="bbox 420 5649 1745 5724">
    <p class='ocr_par' dir='ltr' id='par_1_103' title="bbox 420 5649 1745 5724">
     <span class='ocr_line' id='line_1_103' title="bbox 420 5649 1745 5724; baseline 0.006 -24"><span class='ocrx_word' id='word_1_855' title='bbox 420 5649 530 5724; x_wconf 47' lang='lat'><strong>(:59)</strong></span> <span class='ocrx_word' id='word_1_856' title='bbox 565 5650 1186 5724; x_wconf 14' lang='grc' dir='ltr'><strong>ΜςεΡενῙεειᾳῗεηξιη-εᾳι</strong></span> <span class='ocrx_word' id='word_1_857' title='bbox 1217 5649 1484 5724; x_wconf 77' lang='lat' dir='ltr'><strong>progenies</strong></span> <span class='ocrx_word' id='word_1_858' title='bbox 1510 5655 1745 5723; x_wconf 76' lang='lat' dir='ltr'><strong>perfecti.</strong></span> 
     </span>
    </p>
   </div>
   <div class='ocr_carea' id='block_1_104' title="bbox 422 5721 1221 5794">
    <p class='ocr_par' dir='ltr' id='par_1_104' title="bbox 422 5721 1221 5794">
     <span class='ocr_line' id='line_1_104' title="bbox 422 5721 1221 5794; baseline 0.006 -21"><span class='ocrx_word' id='word_1_859' title='bbox 422 5721 533 5792; x_wconf 78' lang='lat'><strong>(70)</strong></span> <span class='ocrx_word' id='word_1_860' title='bbox 562 5721 889 5791; x_wconf 72' lang='lat' dir='ltr'><strong>Anticipans.</strong></span> <span class='ocrx_word' id='word_1_861' title='bbox 910 5721 1221 5794; x_wconf 77' lang='grc' dir='ltr'><strong>Προλαὸὡν.</strong></span> 
     </span>
    </p>
   </div>
   <div class='ocr_carea' id='block_1_105' title="bbox 2018 4505 3596 4579">
    <p class='ocr_par' dir='ltr' id='par_1_105' title="bbox 2018 4505 3596 4579">
     <span class='ocr_line' id='line_1_105' title="bbox 2018 4505 3596 4579; baseline -0.003 -15"><span class='ocrx_word' id='word_1_862' title='bbox 2018 4511 2158 4565; x_wconf 90' lang='lat' dir='ltr'><strong>enim</strong></span> <span class='ocrx_word' id='word_1_863' title='bbox 2188 4520 2269 4563; x_wconf 86' lang='lat' dir='ltr'><strong>est</strong></span> <span class='ocrx_word' id='word_1_864' title='bbox 2297 4509 2483 4571; x_wconf 77' lang='lat' dir='ltr'><strong>Pater,</strong></span> <span class='ocrx_word' id='word_1_865' title='bbox 2514 4519 2568 4564; x_wconf 91' lang='lat' dir='ltr'><strong>et</strong></span> <span class='ocrx_word' id='word_1_866' title='bbox 2598 4526 2700 4563; x_wconf 90' lang='lat' dir='ltr'><strong>non</strong></span> <span class='ocrx_word' id='word_1_867' title='bbox 2728 4518 2811 4564; x_wconf 90' lang='lat' dir='ltr'><strong>est</strong></span> <span class='ocrx_word' id='word_1_868' title='bbox 2839 4510 3042 4564; x_wconf 82' lang='lat' dir='ltr'><strong>divisus</strong></span> <span class='ocrx_word' id='word_1_869' title='bbox 3077 4521 3339 4579; x_wconf 82' lang='lat' dir='ltr'><strong>generans</strong></span> <span class='ocrx_word' id='word_1_870' title='bbox 3362 4505 3549 4560; x_wconf 73' lang='lat' dir='ltr'><strong>Filium</strong></span> <span class='ocrx_word' id='word_1_871' title='bbox 3572 4520 3596 4563; x_wconf 71' lang='grc' dir='ltr'><strong>ε.</strong></span> 
     </span>
    </p>
   </div>
   <div class='ocr_carea' id='block_1_106' title="bbox 2018 4596 3584 4670">
    <p class='ocr_par' dir='ltr' id='par_1_106' title="bbox 2018 4596 3584 4670">
     <span class='ocr_line' id='line_1_106' title="bbox 2018 4596 3584 4670; baseline -0.004 -17"><span class='ocrx_word' id='word_1_872' title='bbox 2018 4613 2209 4670; x_wconf 89' lang='lat' dir='ltr'><strong>potens</strong></span> <span class='ocrx_word' id='word_1_873' title='bbox 2238 4610 2341 4663; x_wconf 88' lang='lat' dir='ltr'><strong>est,</strong></span> <span class='ocrx_word' id='word_1_874' title='bbox 2378 4611 2428 4656; x_wconf 92' lang='lat' dir='ltr'><strong>et</strong></span> <span class='ocrx_word' id='word_1_875' title='bbox 2458 4618 2559 4656; x_wconf 94' lang='lat' dir='ltr'><strong>non</strong></span> <span class='ocrx_word' id='word_1_876' title='bbox 2592 4612 2709 4654; x_wconf 89' lang='lat' dir='ltr'><strong>erat</strong></span> <span class='ocrx_word' id='word_1_877' title='bbox 2738 4602 2786 4656; x_wconf 92' lang='lat' dir='ltr'><strong>ei</strong></span> <span class='ocrx_word' id='word_1_878' title='bbox 2831 4599 3161 4669; x_wconf 78' lang='lat' dir='ltr'><strong>impossibile</strong></span> <span class='ocrx_word' id='word_1_879' title='bbox 3194 4596 3399 4667; x_wconf 89' lang='lat' dir='ltr'><strong>impleri</strong></span> <span class='ocrx_word' id='word_1_880' title='bbox 3431 4611 3584 4650; x_wconf 88' lang='lat' dir='ltr'><strong>suam</strong></span> 
     </span>
    </p>
   </div>
   <div class='ocr_carea' id='block_1_107' title="bbox 2019 4692 3589 4764">
    <p class='ocr_par' dir='ltr' id='par_1_107' title="bbox 2019 4692 3589 4764">
     <span class='ocr_line' id='line_1_107' title="bbox 2019 4692 3589 4764; baseline -0.004 -15"><span class='ocrx_word' id='word_1_881' title='bbox 2019 4695 2337 4750; x_wconf 89' lang='lat' dir='ltr'><strong>bonitatem.</strong></span> <span class='ocrx_word' id='word_1_882' title='bbox 2382 4696 2647 4764; x_wconf 82' lang='lat' dir='ltr'><strong>Tempora</strong></span> <span class='ocrx_word' id='word_1_883' title='bbox 2673 4696 2815 4751; x_wconf 89' lang='lat' dir='ltr'><strong>enim</strong></span> <span class='ocrx_word' id='word_1_884' title='bbox 2846 4705 2899 4750; x_wconf 93' lang='lat' dir='ltr'><strong>et</strong></span> <span class='ocrx_word' id='word_1_885' title='bbox 2932 4694 3122 4749; x_wconf 69' lang='lat' dir='ltr'><strong>sazcula</strong></span> <span class='ocrx_word' id='word_1_886' title='bbox 3151 4702 3205 4746; x_wconf 90' lang='lat' dir='ltr'><strong>et</strong></span> <span class='ocrx_word' id='word_1_887' title='bbox 3234 4692 3403 4760; x_wconf 89' lang='lat' dir='ltr'><strong>spatia</strong></span> <span class='ocrx_word' id='word_1_888' title='bbox 3431 4692 3589 4744; x_wconf 86' lang='lat' dir='ltr'><strong>deor-</strong></span> 
     </span>
    </p>
   </div>
   <div class='ocr_carea' id='block_1_108' title="bbox 2018 4783 3587 4859">
    <p class='ocr_par' dir='ltr' id='par_1_108' title="bbox 2018 4783 3587 4859">
     <span class='ocr_line' id='line_1_108' title="bbox 2018 4783 3587 4859; baseline -0.004 -19"><span class='ocrx_word' id='word_1_889' title='bbox 2018 4802 2134 4841; x_wconf 90' lang='lat' dir='ltr'><strong>sum</strong></span> <span class='ocrx_word' id='word_1_890' title='bbox 2168 4798 2313 4842; x_wconf 90' lang='lat' dir='ltr'><strong>sunt.</strong></span> <span class='ocrx_word' id='word_1_891' title='bbox 2360 4786 2474 4842; x_wconf 90' lang='lat' dir='ltr'><strong>Noli</strong></span> <span class='ocrx_word' id='word_1_892' title='bbox 2501 4796 2815 4859; x_wconf 86' lang='lat' dir='ltr'><strong>computare</strong></span> <span class='ocrx_word' id='word_1_893' title='bbox 2846 4786 3131 4857; x_wconf 69' lang='lat' dir='ltr'><strong>unigenilze</strong></span> <span class='ocrx_word' id='word_1_894' title='bbox 3152 4784 3224 4838; x_wconf 91' lang='lat' dir='ltr'><strong>illi</strong></span> <span class='ocrx_word' id='word_1_895' title='bbox 3258 4791 3462 4837; x_wconf 58' lang='lat' dir='ltr'><strong>natura).</strong></span> <span class='ocrx_word' id='word_1_896' title='bbox 3488 4783 3587 4834; x_wconf 61' lang='lat' dir='ltr'><strong>alio</strong></span> 
     </span>
    </p>
   </div>
   <div class='ocr_carea' id='block_1_109' title="bbox 2020 4874 3597 4954">
    <p class='ocr_par' dir='ltr' id='par_1_109' title="bbox 2020 4874 3597 4954">
     <span class='ocr_line' id='line_1_109' title="bbox 2020 4874 3597 4954; baseline -0.005 -17"><span class='ocrx_word' id='word_1_897' title='bbox 2020 4884 2149 4952; x_wconf 85' lang='lat' dir='ltr'><strong>quid</strong></span> <span class='ocrx_word' id='word_1_898' title='bbox 2182 4902 2194 4937; x_wconf 88' lang='lat'><strong>:</strong></span> <span class='ocrx_word' id='word_1_899' title='bbox 2227 4884 2359 4937; x_wconf 91' lang='lat' dir='ltr'><strong>nihil</strong></span> <span class='ocrx_word' id='word_1_900' title='bbox 2386 4899 2454 4941; x_wconf 76' lang='lat' dir='ltr'><strong>ex</strong></span> <span class='ocrx_word' id='word_1_901' title='bbox 2491 4885 2574 4939; x_wconf 89' lang='lat' dir='ltr'><strong>his</strong></span> <span class='ocrx_word' id='word_1_902' title='bbox 2605 4899 2725 4954; x_wconf 60' lang='lat' dir='ltr'><strong>quae</strong></span> <span class='ocrx_word' id='word_1_903' title='bbox 2754 4883 2898 4938; x_wconf 88' lang='lat' dir='ltr'><strong>facta</strong></span> <span class='ocrx_word' id='word_1_904' title='bbox 2946 4896 3043 4950; x_wconf 90' lang='lat' dir='ltr'><strong>per</strong></span> <span class='ocrx_word' id='word_1_905' title='bbox 3090 4880 3261 4949; x_wconf 89' lang='lat' dir='ltr'><strong>ipsum</strong></span> <span class='ocrx_word' id='word_1_906' title='bbox 3300 4886 3468 4932; x_wconf 90' lang='lat' dir='ltr'><strong>sunt:</strong></span> <span class='ocrx_word' id='word_1_907' title='bbox 3497 4874 3597 4929; x_wconf 75' lang='lat' dir='ltr'><strong>sed</strong></span> 
     </span>
    </p>
   </div>
   <div class='ocr_carea' id='block_1_110' title="bbox 2020 4970 3587 5037">
    <p class='ocr_par' dir='ltr' id='par_1_110' title="bbox 2020 4970 3587 5037">
     <span class='ocr_line' id='line_1_110' title="bbox 2020 4970 3587 5037; baseline -0.008 -8"><span class='ocrx_word' id='word_1_908' title='bbox 2020 4974 2280 5029; x_wconf 80' lang='lat' dir='ltr'><strong>confitere</strong></span> <span class='ocrx_word' id='word_1_909' title='bbox 2307 4975 2522 5029; x_wconf 89' lang='lat' dir='ltr'><strong>Patrem</strong></span> <span class='ocrx_word' id='word_1_910' title='bbox 2559 4990 2662 5029; x_wconf 92' lang='lat' dir='ltr'><strong>non</strong></span> <span class='ocrx_word' id='word_1_911' title='bbox 2711 4982 2895 5029; x_wconf 89' lang='lat' dir='ltr'><strong>natum</strong></span> <span class='ocrx_word' id='word_1_912' title='bbox 2921 5012 2936 5037; x_wconf 91' lang='lat'><strong>,</strong></span> <span class='ocrx_word' id='word_1_913' title='bbox 2980 4979 3033 5026; x_wconf 92' lang='lat' dir='ltr'><strong>et</strong></span> <span class='ocrx_word' id='word_1_914' title='bbox 3076 4970 3237 5023; x_wconf 89' lang='lat' dir='ltr'><strong>alium</strong></span> <span class='ocrx_word' id='word_1_915' title='bbox 3270 4982 3373 5021; x_wconf 93' lang='lat' dir='ltr'><strong>non</strong></span> <span class='ocrx_word' id='word_1_916' title='bbox 3404 4975 3587 5019; x_wconf 89' lang='lat' dir='ltr'><strong>natum</strong></span> 
     </span>
    </p>
   </div>
   <div class='ocr_carea' id='block_1_111' title="bbox 2019 5059 3596 5137">
    <p class='ocr_par' dir='ltr' id='par_1_111' title="bbox 2019 5059 3596 5137">
     <span class='ocr_line' id='line_1_111' title="bbox 2019 5059 3596 5137; baseline -0.004 -19"><span class='ocrx_word' id='word_1_917' title='bbox 2019 5080 2263 5135; x_wconf 84' lang='lat' dir='ltr'><strong>quaerere</strong></span> <span class='ocrx_word' id='word_1_918' title='bbox 2293 5064 2430 5132; x_wconf 88' lang='lat' dir='ltr'><strong>noli;</strong></span> <span class='ocrx_word' id='word_1_919' title='bbox 2455 5068 2579 5137; x_wconf 87' lang='lat' dir='ltr'><strong>quia</strong></span> <span class='ocrx_word' id='word_1_920' title='bbox 2607 5081 2706 5120; x_wconf 90' lang='lat' dir='ltr'><strong>nec</strong></span> <span class='ocrx_word' id='word_1_921' title='bbox 2738 5064 2999 5119; x_wconf 80' lang='lat' dir='ltr'><strong>invenies.</strong></span> <span class='ocrx_word' id='word_1_922' title='bbox 3032 5063 3304 5117; x_wconf 83' lang='lat' dir='ltr'><strong>Conﬁtere</strong></span> <span class='ocrx_word' id='word_1_923' title='bbox 3328 5059 3596 5115; x_wconf 78' lang='lat' dir='ltr'><strong>etFilium</strong></span> 
     </span>
    </p>
   </div>
   <div class='ocr_carea' id='block_1_112' title="bbox 2021 5150 3591 5225">
    <p class='ocr_par' dir='ltr' id='par_1_112' title="bbox 2021 5150 3591 5225">
     <span class='ocr_line' id='line_1_112' title="bbox 2021 5150 3591 5225; baseline -0.001 -20"><span class='ocrx_word' id='word_1_924' title='bbox 2021 5154 2351 5225; x_wconf 89' lang='lat' dir='ltr'><strong>unigenitum</strong></span> <span class='ocrx_word' id='word_1_925' title='bbox 2402 5166 2585 5209; x_wconf 90' lang='lat' dir='ltr'><strong>natum</strong></span> <span class='ocrx_word' id='word_1_926' title='bbox 2628 5172 2657 5209; x_wconf 89' lang='lat' dir='ltr'><strong>a</strong></span> <span class='ocrx_word' id='word_1_927' title='bbox 2701 5153 2913 5209; x_wconf 88' lang='lat' dir='ltr'><strong>Patre:</strong></span> <span class='ocrx_word' id='word_1_928' title='bbox 2964 5161 3020 5207; x_wconf 91' lang='lat' dir='ltr'><strong>et</strong></span> <span class='ocrx_word' id='word_1_929' title='bbox 3074 5152 3237 5206; x_wconf 79' lang='lat' dir='ltr'><strong>alium</strong></span> <span class='ocrx_word' id='word_1_930' title='bbox 3281 5150 3473 5205; x_wconf 85' lang='lat' dir='ltr'><strong>Filium</strong></span> <span class='ocrx_word' id='word_1_931' title='bbox 3524 5166 3591 5204; x_wconf 90' lang='lat' dir='ltr'><strong>ne</strong></span> 
     </span>
    </p>
   </div>
   <div class='ocr_carea' id='block_1_113' title="bbox 2020 5240 3596 5317">
    <p class='ocr_par' dir='ltr' id='par_1_113' title="bbox 2020 5240 3596 5317">
     <span class='ocr_line' id='line_1_113' title="bbox 2020 5240 3596 5317; baseline -0.003 -17"><span class='ocrx_word' id='word_1_932' title='bbox 2020 5261 2253 5316; x_wconf 66' lang='lat' dir='ltr'><strong>quaeras,</strong></span> <span class='ocrx_word' id='word_1_933' title='bbox 2281 5250 2374 5303; x_wconf 90' lang='lat' dir='ltr'><strong>sed</strong></span> <span class='ocrx_word' id='word_1_934' title='bbox 2418 5263 2540 5303; x_wconf 93' lang='lat' dir='ltr'><strong>eum</strong></span> <span class='ocrx_word' id='word_1_935' title='bbox 2571 5248 2660 5317; x_wconf 90' lang='lat' dir='ltr'><strong>qui</strong></span> <span class='ocrx_word' id='word_1_936' title='bbox 2709 5256 2792 5301; x_wconf 90' lang='lat' dir='ltr'><strong>est</strong></span> <span class='ocrx_word' id='word_1_937' title='bbox 2831 5260 2970 5301; x_wconf 89' lang='lat' dir='ltr'><strong>unus</strong></span> <span class='ocrx_word' id='word_1_938' title='bbox 3006 5242 3334 5316; x_wconf 88' lang='lat' dir='ltr'><strong>unigenitus,</strong></span> <span class='ocrx_word' id='word_1_939' title='bbox 3386 5242 3476 5314; x_wconf 88' lang='lat' dir='ltr'><strong>qui</strong></span> <span class='ocrx_word' id='word_1_940' title='bbox 3522 5240 3596 5295; x_wconf 76' lang='lat' dir='ltr'><strong>ab</strong></span> 
     </span>
    </p>
   </div>
   <div class='ocr_carea' id='block_1_114' title="bbox 2088 5509 3586 5640">
    <p class='ocr_par' dir='ltr' id='par_1_114' title="bbox 2088 5509 3586 5640">
     <span class='ocr_line' id='line_1_114' title="bbox 2088 5509 3586 5640; baseline -0.006 -70"><span class='ocrx_word' id='word_1_941' title='bbox 2088 5515 2201 5640; x_wconf 49' lang='grc' dir='ltr'><strong>(ξι)</strong></span> <span class='ocrx_word' id='word_1_942' title='bbox 2233 5516 2411 5572; x_wconf 84' lang='lat' dir='ltr'><strong>Serva.</strong></span> <span class='ocrx_word' id='word_1_943' title='bbox 2440 5515 2627 5586; x_wconf 83' lang='grc' dir='ltr'><strong>Τήρει,</strong></span> <span class='ocrx_word' id='word_1_944' title='bbox 2654 5513 2899 5568; x_wconf 85' lang='lat' dir='ltr'><strong>observa.</strong></span> <span class='ocrx_word' id='word_1_945' title='bbox 2938 5512 3029 5568; x_wconf 88' lang='lat' dir='ltr'><strong>Sic</strong></span> <span class='ocrx_word' id='word_1_946' title='bbox 3054 5510 3190 5567; x_wconf 89' lang='lat' dir='ltr'><strong>infra</strong></span> <span class='ocrx_word' id='word_1_947' title='bbox 3224 5509 3318 5568; x_wconf 88' lang='lat' dir='ltr'><strong>lib.</strong></span> <span class='ocrx_word' id='word_1_948' title='bbox 3341 5522 3405 5578; x_wconf 79' lang='grc' dir='ltr'><strong>ιι,</strong></span> <span class='ocrx_word' id='word_1_949' title='bbox 3439 5509 3586 5567; x_wconf 82' lang='lat' dir='ltr'><strong>circa</strong></span> 
     </span>
     <span class='ocr_line' id='line_1_115' title="bbox 2088 5602 2161 5640; baseline 0 0"><span class='ocrx_word' id='word_1_950' title='bbox 2088 5602 2117 5640; x_wconf 64' lang='grc' dir='ltr'><strong>Β(</strong></span> <span class='ocrx_word' id='word_1_951' title='bbox 2146 5627 2161 5640; x_wconf 77' lang='grc' dir='ltr'>ι</span> 
     </span>
    </p>
   </div>
   <div class='ocr_carea' id='block_1_115' title="bbox 2016 5601 2161 5641">
    <p class='ocr_par' dir='ltr' id='par_1_115' title="bbox 2016 5601 2161 5641">
     <span class='ocr_line' id='line_1_116' title="bbox 2016 5601 2161 5641; baseline -0.014 0"><span class='ocrx_word' id='word_1_952' title='bbox 2016 5601 2161 5641; x_wconf 79' lang='lat' dir='ltr'><strong>meo.</strong></span> 
     </span>
    </p>
   </div>
   <div class='ocr_carea' id='block_1_116' title="bbox 2090 5653 2963 5730">
    <p class='ocr_par' dir='ltr' id='par_1_116' title="bbox 2090 5653 2963 5730">
     <span class='ocr_line' id='line_1_117' title="bbox 2090 5653 2963 5730; baseline 0.003 -24"><span class='ocrx_word' id='word_1_953' title='bbox 2090 5658 2205 5730; x_wconf 60' lang='lat' dir='ltr'><strong>(72f</strong></span> <span class='ocrx_word' id='word_1_954' title='bbox 2248 5654 2303 5684; x_wconf 76' lang='lat'><strong>&quot;&#39;</strong></span> <span class='ocrx_word' id='word_1_955' title='bbox 2336 5656 2535 5709; x_wconf 54' lang='lat' dir='ltr'><strong>&quot;rum.</strong></span> <span class='ocrx_word' id='word_1_956' title='bbox 2568 5654 2725 5711; x_wconf 84' lang='lat' dir='ltr'><strong>Forte</strong></span> <span class='ocrx_word' id='word_1_957' title='bbox 2755 5670 2818 5710; x_wconf 84' lang='lat' dir='ltr'><strong>cn</strong></span> <span class='ocrx_word' id='word_1_958' title='bbox 2844 5653 2963 5709; x_wconf 80' lang='lat' dir='ltr'><strong>iter.</strong></span> 
     </span>
    </p>
   </div>
  </div>
