2025 3103
250 124 317 160 ίςὲει

230 238 351 271 ,ειτψωῑε
370 242 412 265 est
430 238 583 272 unigenilo.
607 239 674 266 nihil
696 239 785 267 simile
805 239 873 266 Filio
886 259 892 270 ,
917 239 981 266 nihil
1006 240 1031 267 ei

248 286 431 317 comparatur,
448 282 515 309 nihil
529 288 661 317 aequatur.
678 283 774 311 Omnia
788 291 849 311 eum
863 283 987 316 adorant,
998 284 1032 311 ob

250 328 380 356 honorem
399 332 427 354 ut
445 332 507 362 pote
521 329 579 364 ejus
591 330 636 364 qui
652 330 745 364 genuit
761 340 766 357 :
789 337 841 357 non
857 334 898 357 est
917 338 986 357 unus
999 338 1032 357 ex

249 373 293 400 his
304 381 364 408 quae
383 381 431 407 per
450 374 536 408 ipsum
552 380 615 402 sunt
630 383 638 402 :
660 383 712 402 non
728 380 770 403 est
785 383 817 403 ex
841 376 893 403 hoc
918 376 1030 409 mundo,

249 417 297 445 sed
317 422 345 445 et
363 418 478 445 mundus
493 426 541 453 per
563 420 661 452 ipsum.
686 419 743 447 Non
767 420 864 448 malum
879 428 940 448 cum
954 420 1033 454 Filio,

249 463 297 490 sed
318 467 347 490 et
368 463 465 492 coelum
487 472 535 499 per
550 465 658 492 Filium.
682 465 751 499 Quid
772 474 840 501 opus
856 472 898 494 est
914 467 1034 501 partibus

249 509 382 537 exhibere
403 511 528 538 naturae?
552 510 648 538 Omnia
665 520 711 546 per
730 513 814 546 ipsum
833 518 905 544 sunt.
927 518 949 539 et
970 512 1035 540 nihil

250 555 307 583 sine
325 556 379 589 ipso
392 563 402 582 :
415 560 442 582 et
468 556 545 583 tertio
564 565 571 583 :
588 556 663 590 Quod
682 557 781 584 lactant
798 563 841 584 est
863 566 910 592 per
935 559 1033 592 ipsum.

250 598 310 627 Noli
322 601 411 627 dicere
426 601 572 632 hominem,
588 610 621 629 ne
635 602 768 629 irascatur
781 602 825 637 qui
836 604 937 637 genuit.
954 603 1035 630 Joan-

252 652 301 673 nes
314 647 477 681 evangelista
489 668 496 680 ,
515 648 537 674 si
565 651 654 674 tatnett
670 647 799 680 Joannes,
819 653 847 675 et
862 656 914 675 ll0ll
930 649 974 682 qui
989 656 1036 682 per

251 689 394 725 Joannem,
419 693 527 728 scripsit
551 694 584 721 de
605 694 684 727 Filio,
698 695 806 728 scripsit
827 700 854 722 et
879 696 911 722 de
933 695 1035 722 Joanue

252 737 383 771 Baptista.
399 738 591 774 Subinterroga
608 740 690 775 igitur
701 741 925 774 quemadmodum
937 742 970 768 de
983 742 1036 769 Deo

254 782 374 817 loquitur
389 785 567 820 evangelista,
585 790 611 813 et
625 786 851 820 quemadmodum
866 787 899 814 de
913 787 1034 814 homine:

254 826 287 854 In
315 829 453 862 principio,
483 830 589 865 inquit,
618 836 673 858 erat
693 830 823 859 Verbum:
841 832 892 859 hoc
924 833 956 859 de
983 833 1037 859 Deo

583 132 716 161 EUSEBll
736 133 974 162 CxESARlENSlS
992 133 1067 162 OPP.
1088 135 1176 162 PARS
1194 135 1239 163 ιν.
1257 151 1293 157 -
1310 132 1520 163 ΒΟϐΜΔΤΙΟᾹ.

249 199 302 219 uno
317 195 357 218 est
367 191 481 224 Patre,a
498 192 555 220 solo
568 193 652 225 solus,
672 193 706 220 ab
721 201 773 220 uno
783 200 861 220 unus.
874 193 946 221 Nihil
959 193 1031 220 enim
1047 197 1070 225 Α
1084 195 1119 221 tia

1799 134 1872 162 {052

1146 204 1153 222 :
1178 200 1205 222 et
1231 194 1412 221 adorabantur
1437 194 1544 226 omnia;
1569 196 1597 220 et
1622 193 1685 228 quia
1714 193 1871 224 adorandus

1083 241 1266 274 ignorabatur,
1273 239 1433 267 oll‘ensiones
1440 245 1516 266 erant
1524 239 1599 266 nobis
1607 240 1708 267 omnia.
1716 240 1783 268 Nam
1793 247 1820 269 et
1827 242 1871 270 sol

1083 293 1135 312 non
1147 285 1324 316 illuminabat,
1336 285 1382 312 sed
1394 289 1422 312 et
1432 285 1488 319 ipse
1499 285 1575 312 nobis
1583 289 1642 312 erat
1652 284 1775 314 offensio.
1788 286 1872 314 Venit

1083 334 1172 357 autctn
1184 337 1231 365 per
1239 337 1318 365 quem
1328 330 1505 357 suntomnia:
1516 336 1567 356 non
1577 329 1662 357 solum
1671 337 1719 357 nos
1730 331 1870 364 liberavit,

1084 375 1129 403 sed
1139 380 1166 403 et
1176 375 1261 410 ipsum
1270 374 1353 402 solem
1363 375 1396 402 ab
1406 374 1515 408 ignobili
1528 375 1580 402 isto
1591 375 1695 402 honore
1703 375 1815 403 liberum
1829 377 1872 403 le-

1084 422 1130 448 cit.
1148 421 1285 448 Liberavit
1303 428 1368 449 sane
1384 421 1474 448 lunam
1493 428 1512 447 a
1528 420 1690 454 calumniis,
1712 427 1739 448 et
1762 429 1870 456 purga-

1084 467 1123 494 vit
1135 466 1227 494 stellas
1240 471 1269 494 ut
1288 474 1341 494 non
1361 467 1548 494 adorarentur.
1562 466 1590 494 Si
1605 473 1694 494 autent
1708 468 1819 503 quidam
1831 468 1870 495 ad

1086 513 1144 540 haec
1155 513 1164 522 ‘
1181 520 1266 547 usque
1282 513 1457 545 contendunt,
1468 513 1580 547 reliquia
1595 513 1724 541 malorum
1740 521 1869 541 comme-

1085 558 1246 585 tuorantium
1269 558 1439 585 beneﬁcium.
1469 558 1546 585 Nunc
1565 558 1647 593 igitur
1667 563 1693 586 et
1709 567 1802 586 aurum
1823 565 1871 587 est

1085 603 1223 630 nmudum.
1241 603 1317 630 Nunc
1327 608 1354 631 et
1372 608 1512 638 argentum
1522 603 1554 630 ad
1569 604 1595 630 id
1611 604 1682 638 quod
1691 609 1806 631 creatum
1821 611 1870 632 est

1086 650 1160 678 utile.
1181 649 1256 677 Nunc
1269 654 1444 677 atramentum
1457 655 1631 677 atramentum
1648 655 1690 678 est
1702 671 1709 682 ,
1722 655 1748 677 et
1760 650 1867 678 ferrum

1087 696 1188 722 lerruut
1201 716 1208 727 ,
1226 701 1252 722 et
1271 696 1338 730 lapis
1357 696 1440 730 lapis,
1466 700 1493 723 et
1518 696 1617 730 lignum
1643 695 1743 731 lignum
1763 702 1819 728 est.
1835 701 1868 724 et

1086 741 1157 768 Deus
1175 741 1254 768 Deus.
1267 741 1343 768 Nunc
1363 741 1529 768 daemonibus
1554 742 1711 775 increpatur
1727 746 1755 769 ut
1770 742 1866 774 decet,

1086 793 1113 815 et
1135 796 1186 815 non
1208 789 1354 815 adorantur
1368 793 1396 815 ut
1411 796 1462 814 non
1483 788 1570 815 decet.
1594 788 1672 815 Venit
1688 788 1760 815 ettitn
1778 796 1822 816 rex
1839 794 1871 816 et

1087 834 1216 861 exstinxit
1233 838 1374 868 tyrannum
1397 844 1402 860 :
1420 838 1447 860 et
1467 834 1575 867 agnovit
1595 833 1654 860 ovis
1676 838 1827 868 pastoreut,
1841 839 1872 861 et

254 872 324 900 Filio
345 874 422 902 dixit.
450 876 519 903 Dicit
541 882 568 903 et
595 876 628 904 de
643 876 758 910 Joanne,
779 876 878 904 Factus
893 884 929 904 est
949 878 1035 904 homo.
1052 884 1073 911 Β
1089 879 1171 914 fugati
1190 884 1253 905 sunt
1265 878 1329 912 lupi.
1352 878 1417 910 Quis
1426 885 1490 904 sane
1501 877 1593 904 venit?
1606 878 1697 912 utique
1713 878 1736 905 is
1749 878 1794 912 qui
1809 883 1871 905 erat

253 918 326 954 Lege
345 920 400 952 illa,
414 921 525 956 sublege
539 927 566 949 et
587 922 635 949 ista
652 931 658 949 :
673 926 699 949 et
721 923 840 949 invenies
855 923 988 957 quomodo
1005 923 1037 949 de

254 966 310 994 Deo
325 966 394 995 Filio
413 968 532 1003 loquitur
547 978 553 995 :
569 974 596 996 et
623 969 759 996 hominem
782 974 897 1004 exponet
911 969 1036 997 Joannes.

254 1013 289 1040 In
311 1013 441 1046 principio
465 1020 520 1041 erat
541 1014 652 1041 Verbum
680 1015 713 1041 de
735 1014 804 1041 Filio
822 1015 887 1042 dicit
912 1024 919 1042 :
941 1015 1038 1042 Factus

255 1057 338 1085 honto
351 1059 383 1085 de
393 1059 496 1086 Joanne
512 1060 595 1094 ponit.
615 1059 649 1086 Et
661 1059 774 1086 Verbum
788 1066 843 1086 erat
859 1061 929 1095 apud
945 1061 1036 1094 Deum,

254 1106 282 1129 et
296 1102 364 1129 Deus
381 1109 437 1130 erat
459 1103 569 1131 Verbum
580 1124 587 1136 ,
603 1106 636 1131 de
649 1105 716 1133 Filio
736 1105 863 1140 loquitttr.
884 1106 921 1132 De
935 1106 1038 1134 Joanne

255 1151 345 1174 autent
362 1156 368 1174 ς
385 1147 447 1175 Non
460 1154 515 1175 erat
530 1149 574 1176 ille
591 1149 678 1176 lumen
691 1151 726 1182 ⁸⁷,
739 1155 764 1177 et
781 1151 877 1177 ileruttt
897 1151 930 1177 de
947 1152 1039 1186 unige-

256 1193 312 1221 nito
322 1194 370 1226 ait,
388 1194 440 1221 llic
454 1200 510 1222 erat
523 1196 550 1222 in
566 1197 692 1230 principio
703 1197 773 1231 apud
785 1196 877 1223 Deum.
890 1197 926 1224 De
936 1196 1039 1225 Joanne

256 1245 357 1274 autem,
374 1240 425 1268 llic
446 1242 514 1268 venit
531 1242 565 1268 ad
583 1243 759 1269 testimonium
771 1243 804 1270 ".
830 1242 929 1277 lujuria
942 1244 1039 1278 quippe

255 1291 306 1317 est.
324 1291 352 1314 et
375 1295 530 1321 pra‘ponere
553 1289 718 1323 unigenitum
739 1290 823 1316 servis
840 1290 905 1317 suis.
926 1289 992 1316 Nam
1013 1296 1040 1318 et

256 1332 326 1366 quod
352 1332 463 1366 dicitur,
485 1334 552 1361 nihil
576 1335 600 1362 ei
627 1340 799 1370 comparatur
821 1341 867 1362 aut
897 1343 1038 1371 aequatur:

256 1384 374 1407 non‘est
398 1387 548 1415 magnum:
575 1382 623 1409 sed
649 1382 741 1416 egenis
764 1382 845 1409 etiam
875 1390 956 1416 parva
979 1387 1041 1410 sunt

257 1432 363 1460 magna.
380 1425 437 1453 Non
451 1431 493 1454 est
509 1427 582 1454 enim
598 1435 668 1455 unus
690 1435 724 1455 ex
744 1428 882 1463 prophetis
895 1428 975 1460 ﬁlius,
993 1430 1040 1456 sed

257 1478 304 1505 per
324 1480 404 1506 quem
422 1480 515 1500 omnes
531 1474 669 1508 prophetae
687 1483 694 1501 :
715 1481 768 1501 non
787 1482 855 1501 unus
869 1482 902 1501 ex
922 1475 1038 1509 regibus,

257 1521 303 1544 sed
321 1526 368 1553 per
386 1526 465 1553 quem
482 1527 575 1547 omnes
597 1527 675 1554 reges
696 1529 703 1547 :
727 1528 779 1548 non
798 1528 867 1547 unus
889 1528 922 1548 ex
948 1521 1038 1554 iustis,

257 1563 305 1589 sed
325 1563 380 1597 ipse
392 1563 498 1597 justitia
517 1575 523 1592 :
542 1573 596 1592 non
617 1573 686 1594 unus
701 1573 734 1592 ex
749 1566 846 1598 servis,
872 1566 920 1593 sed
933 1566 1038 1593 Filius:

257 1616 311 1635 non
323 1617 404 1636 unum
427 1617 459 1637 ex
479 1611 621 1644 omnibus,
640 1612 688 1639 sed
705 1620 753 1647 per
766 1619 845 1646 quem
860 1617 923 1639 sunt
935 1613 1039 1640 omnia:

258 1662 311 1682 non
324 1663 358 1682 ex
377 1656 418 1683 his
431 1657 477 1691 qui
494 1657 624 1685 assistunt
638 1663 665 1685 et
680 1658 850 1691 ministrant,
869 1659 915 1687 sed
937 1660 981 1693 qui
998 1667 1042 1687 se-

258 1700 302 1727 det
315 1701 348 1728 ad
362 1701 499 1729 dexteram
510 1703 617 1731 Patris:
637 1712 690 1731 tton
709 1712 742 1732 ex
755 1704 796 1732 his
807 1705 852 1739 qui
875 1705 1041 1740 iudicantur,

257 1746 305 1773 sed
328 1747 374 1781 qui
401 1748 521 1783 suscepit
543 1756 623 1777 omne
650 1750 781 1784 judicium
806 1752 956 1786 judicandi.
984 1750 1041 1778 Non

257 1793 363 1826 quando
377 1793 446 1828 apud
468 1801 528 1827 nos,
543 1800 605 1822 tunc
617 1800 643 1822 et
660 1797 729 1831 apud
745 1797 864 1824 Patrem.
882 1797 957 1825 Tunc
971 1797 1042 1823 enim

259 1839 311 1865 hoc
332 1838 432 1866 dictum
457 1839 643 1868 iutercidalur.
668 1842 709 1868 Ad
725 1850 774 1869 nos
797 1843 868 1869 enint
883 1842 1042 1877 dispensans

257 1884 350 1912 venit:
368 1889 432 1912 tunc
450 1886 557 1919 quando
574 1891 604 1913 ut
627 1888 696 1919 ovis,
714 1889 822 1922 quando
839 1893 866 1915 ut
879 1888 971 1922 Agnus
985 1888 1044 1917 Dei:

257 1930 287 1957 In
307 1931 443 1965 principio
464 1936 552 1958 autem
572 1937 629 1959 erat
643 1933 711 1960 Deus
726 1934 794 1968 apud
809 1934 890 1960 Deum
907 1942 914 1961 :
931 1942 991 1960 nam
1014 1938 1041 1961 et

256 1983 319 2003 cum
346 1977 416 2011 apud
444 1985 504 2009 nos,
534 1978 603 2005 Deus
627 1979 765 2006 nobiscum
784 1980 963 2007 Emmanuel:
990 1988 1041 2007 non

258 2022 327 2050 alius
345 2024 413 2058 apud
434 2023 554 2056 Patrem,
571 2025 639 2062 alius
656 2030 744 2052 autem
761 2026 900 2052 uobiscum
923 2030 950 2052 et
976 2025 1043 2053 alius

257 2073 336 2096 erat:
352 2076 464 2096 manens
484 2070 614 2104 siquidem
638 2071 663 2097 iu
691 2072 774 2105 ligura
798 2071 843 2098 Dei
867 2072 1041 2104 constitutus,

258 2114 338 2142 istam
352 2120 472 2142 nostram
495 2116 606 2150 ligarant
626 2117 696 2143 servi
725 2118 827 2151 accepit
845 2124 851 2143 :
879 2124 930 2143 non
952 2117 985 2144 ab
999 2116 1043 2143 illa

257 2160 385 2186 recedens
402 2161 481 2186 istaut
498 2161 640 2187 honoravit
656 2168 663 2186 :
686 2168 738 2187 nou
756 2163 789 2188 ab
807 2160 849 2187 illa
870 2161 978 2193 exiens,
995 2169 1043 2188 nos

1088 923 1114 950 in
1136 923 1243 949 muttdo.
1260 922 1292 949 In
1307 923 1424 954 mundo,
1447 922 1551 956 ittquit,
1568 927 1625 949 erat
1641 931 1651 949 :
1666 922 1807 957 siquidem
1824 924 1867 950 ni-

1088 969 1125 996 hil
1139 976 1252 995 vacuum
1270 969 1304 996 ab
1320 969 1378 1003 ipso
1390 969 1471 995 ctiam
1491 974 1554 995 ante
1565 969 1711 996 adventum
1730 968 1787 1002 ejus
1798 975 1868 997 erat.

1089 1015 1155 1047 Quia
1173 1022 1225 1041 non
1237 1015 1308 1041 enim
1331 1021 1395 1040 cutn
1419 1014 1558 1047 apparuit,
1579 1019 1643 1040 tunc
1663 1018 1690 1041 et
1705 1014 1778 1040 venit
1797 1022 1805 1040 :
1822 1015 1870 1041 sed

1088 1064 1147 1086 erat
1162 1060 1247 1086 latens
1258 1078 1264 1090 ,
1279 1059 1402 1094 apparuit
1421 1059 1466 1093 qui
1483 1063 1541 1085 erat
1554 1059 1651 1086 latens.
1672 1058 1729 1086 NOII
1742 1064 1804 1085 sttttt
1819 1060 1872 1086 ista

1089 1111 1166 1135 mea,
1185 1104 1230 1130 sed
1241 1104 1424 1138 evangelista)"
1452 1104 1497 1130 Ait
1519 1104 1591 1131 enim
1603 1124 1610 1137 ,
1626 1102 1657 1130 In
1682 1104 1780 1130 mutulo
1802 1108 1870 1130 erat.

1090 1150 1141 1177 Sed
1155 1157 1247 1183 parum
1260 1150 1347 1176 visum
1359 1154 1399 1177 est
1412 1150 1492 1184 ei-qui
1510 1150 1594 1182 dixit,
1617 1149 1645 1176 ltt
1669 1149 1769 1177 mundo
1783 1154 1842 1177 erat
1860 1158 1869 1176 :

1089 1204 1116 1226 et
1142 1199 1202 1226 ideo
1232 1198 1329 1233 repetit
1347 1205 1502 1230 sermonem
1529 1197 1676 1232 religiose,
1701 1203 1729 1224 et
1747 1197 1828 1229 dicit,
1844 1202 1871 1223 et

1089 1246 1202 1272 mundus
1216 1245 1358 1278 peripsum
1375 1244 1460 1278 factus
1475 1250 1522 1270 est.
1550 1242 1583 1270 Ut
1609 1247 1697 1269 autem
1719 1250 1771 1269 non
1794 1246 1871 1268 esset

1089 1296 1274 1325 contemptus,
1291 1292 1336 1326 qui
1353 1292 1409 1324 ait,
1433 1291 1467 1318 In
1489 1292 1586 1317 mutulo
1599 1296 1670 1323 erat,
1694 1290 1759 1317 dixit
1781 1290 1868 1317 etiam

1091 1336 1152 1370 quia
1169 1342 1229 1364 ante
1241 1337 1369 1364 mundum
1383 1342 1442 1364 erat
1459 1346 1465 1363 :
1482 1337 1572 1367 etait.
1591 1336 1625 1363 Et
1638 1336 1745 1363 mundus
1762 1344 1807 1370 per
1828 1336 1872 1369 ip-

1090 1392 1147 1410 sum
1158 1383 1244 1417 [actus
1257 1388 1305 1411 est.
1334 1382 1389 1410 [loc
1409 1383 1543 1417 signiﬁcat
1561 1383 1631 1416 quod
1654 1387 1717 1409 ante
1742 1381 1872 1408 mundum

1090 1434 1158 1455 erat.
1174 1428 1208 1455 In
1224 1429 1319 1455 mundo
1331 1448 1339 1460 ,
1356 1429 1460 1463 inquit.
1478 1433 1544 1455 erat.
1564 1428 1703 1460 Quomodo
1722 1427 1749 1453 itt
1772 1426 1872 1453 mundo

1091 1473 1256 1508 erat‘1Erut,
1271 1474 1319 1507 ait,
1338 1473 1425 1500 lumen
1441 1481 1538 1505 verum,
1553 1472 1598 1507 qui
1621 1472 1752 1498 illuminat
1770 1479 1872 1497 omnem

1091 1522 1221 1548 hominem
1235 1521 1376 1547 venientem
1390 1520 1417 1546 in
1429 1520 1497 1546 hunc
1508 1520 1644 1545 mundum.
1663 1517 1697 1545 Ut
1718 1522 1807 1544 autent
1819 1525 1872 1543 ll0ll

1092 1566 1361 1597 diceret,veuientem
1377 1566 1445 1600 (74),
1458 1565 1494 1591 ita
1509 1564 1586 1599 quasi
1603 1572 1655 1590 non
1672 1564 1779 1590 essetin
1796 1570 1874 1589 mun-

1092 1611 1141 1642 do,
1153 1615 1180 1637 et
1198 1615 1305 1645 putares
1319 1611 1380 1643 quia
1395 1611 1468 1636 venit
1487 1610 1594 1643 quidem
1609 1609 1653 1643 qui
1681 1616 1733 1635 non
1755 1608 1846 1635 aderat
1863 1616 1871 1634 :

1092 1657 1152 1683 ideo
1169 1661 1257 1683 lutans
1270 1656 1327 1691 (75)
1339 1657 1418 1683 istatu
1434 1655 1612 1689 suspicionem
1622 1654 1695 1680 addit
1706 1674 1712 1684 ,
1727 1653 1758 1680 In
1775 1653 1872 1680 mando

1092 1707 1159 1729 erat.
1172 1702 1204 1728 Et
1215 1709 1248 1728 ue
1261 1701 1359 1728 iterum
1379 1705 1487 1735 putares
1504 1700 1564 1734 quia
1584 1707 1645 1727 cum
1666 1699 1767 1726 mundo
1785 1698 1872 1726 lactus

1092 1751 1150 1774 erat
1162 1767 1170 1779 ,
1187 1747 1283 1781 repetit
1297 1751 1324 1773 et
1338 1746 1418 1777 dicit.
1434 1745 1467 1772 Et
1483 1747 1596 1772 mundus
1615 1753 1661 1780 per
1681 1745 1767 1779 ipsum
1788 1744 1870 1778 [nam

1092 1797 1140 1819 est.
1162 1792 1189 1819 Si
1204 1792 1285 1826 igitur
1300 1800 1347 1825 per
1371 1792 1458 1826 ipsum
1477 1792 1563 1819 lactus
1591 1796 1633 1818 est
1653 1791 1788 1822 mundus,
1813 1794 1869 1817 erat

1094 1838 1185 1873 utique
1195 1838 1281 1865 Filius
1294 1844 1438 1872 autequant
1456 1838 1532 1864 lictet
1546 1837 1659 1864 mundus
1677 1845 1684 1862 :
1698 1837 1761 1871 quia
1771 1837 1805 1863 ah
1817 1836 1873 1870 ipso

1094 1884 1178 1910 tactus
1188 1888 1229 1911 est
1240 1884 1363 1910 mundus.
1379 1883 1495 1917 Denique
1507 1882 1586 1909 etiam
1601 1882 1635 1908 ab
1646 1882 1703 1916 ipso
1713 1881 1782 1909 Filio
1794 1881 1854 1908 audi
1864 1889 1873 1907 :

1095 1929 1134 1955 Da
1152 1929 1232 1963 mihi,
1249 1929 1354 1962 inquit,
1373 1927 1468 1959 Pater,
1482 1927 1609 1962 gloriam,
1622 1935 1699 1961 quam
1708 1926 1788 1952 habui
1803 1924 1873 1960 apud

1094 1981 1118 2001 te
1130 1980 1269 2009 antequam
1294 1976 1405 2000 mundus
1423 1973 1496 2007 ﬁeret
1511 1973 1544 2000 ".
1561 1971 1700 2006 Quomodo
1721 1979 1805 2007 ergo,
1834 1971 1875 1998 in-

1094 2021 1170 2055 quit,
1184 2025 1244 2047 erat
1258 2020 1283 2046 in
1300 2019 1399 2046 tuundo
1411 2018 1422 2044 ?
1435 2017 1463 2045 In
1483 2018 1581 2045 mundo
1596 2021 1656 2045 erat
1666 2037 1674 2050 ,
1698 2023 1725 2045 et
1740 2019 1774 2044 ad
1793 2024 1874 2043 mun-

1094 2068 1158 2094 dunt
1178 2067 1262 2094 venit.
1278 2064 1508 2099 Quemadmodum
1523 2068 1612 2090 autem
1625 2064 1705 2090 etiam
1722 2062 1784 2089 illud
1799 2063 1875 2089 acci-

1093 2111 1136 2147 pis
1155 2111 1257 2139 dictum
1274 2120 1280 2138 :
1300 2111 1426 2138 Dominus
1440 2110 1555 2144 regnavit
1570 2109 1592 2124 °°
1603 2109 1613 2134 Ἰ
1624 2108 1679 2136 Rex
1692 2108 1761 2135 enim
1774 2112 1814 2134 est
1829 2107 1873 2133 in—

1094 2158 1225 2186 delicieus
1239 2166 1247 2184 ς
1263 2165 1316 2184 non
1331 2164 1401 2184 nttnc
1413 2156 1520 2191 quidem
1541 2163 1587 2182 rex
1600 2175 1608 2187 ,
1628 2153 1766 2188 aliquando
1779 2156 1873 2179 autem

257 2204 371 2232 salvavit
389 2215 395 2232 :
414 2214 464 2232 non
486 2207 593 2241 reliquit
610 2212 764 2240 pastorem,
789 2212 815 2233 et
831 2208 933 2240 accepit
953 2214 1040 2233 ovem.
1058 2217 1080 2244 ι)
1096 2211 1147 2231 non
1160 2224 1167 2235 ,
1184 2211 1233 2230 nec
1250 2206 1341 2237 postea
1362 2210 1425 2230 tton.
1439 2200 1668 2233 Quemadmodum
1688 2198 1875 2244 ergordictnnt

256 2249 487 2283 Quemadmodum
504 2252 574 2278 enim
590 2251 634 2285 qui
650 2260 703 2278 non
720 2257 809 2278 manet
823 2252 893 2285 quod
912 2256 981 2283 erat,
998 2259 1043 2285 po-

258 2299 329 2323 terat
341 2297 463 2330 accipere
476 2298 546 2330 quod
563 2298 682 2332 accepit?
699 2297 756 2325 Non
771 2302 830 2323 erat
845 2297 969 2331 possibile
987 2297 1042 2324 sal—

256 2349 321 2369 vare
335 2342 455 2369 homines
466 2343 598 2376 homines,
616 2344 677 2377 quia
695 2344 816 2370 homines
831 2344 1000 2377 suhjacemus
1013 2347 1041 2370 et

256 2388 372 2422 propriis
395 2389 512 2422 peccatis
535 2394 562 2415 ct
587 2389 662 2416 clade
676 2390 750 2424 (73):
772 2389 879 2416 tenebat
897 2396 962 2416 sane
983 2396 1041 2415 ma-

256 2432 383 2460 ledictum
400 2441 473 2461 mors
489 2439 516 2461 et
526 2434 689 2468 corruptela,
708 2439 736 2461 et
749 2438 778 2461 ut
797 2439 928 2469 tyrannus
944 2439 1040 2467 regna-

255 2479 302 2506 bat
314 2479 436 2507 diabolus
452 2484 477 2507 et
491 2480 694 2508 bacchahantur
709 2481 854 2508 dtetnones.
869 2478 1041 2507 Consuetudo

256 2530 345 2554 autem
362 2527 447 2562 magis
462 2531 554 2554 nostra
574 2527 679 2554 vincula
697 2527 908 2562 constringehat.
923 2525 1042 2552 Baccha-

256 2571 337 2600 batur
347 2573 418 2600 enini
431 2573 458 2601 in
472 2574 550 2602 nobis
560 2578 588 2602 et
597 2573 680 2603 libido
691 2580 719 2603 et
732 2574 838 2602 tenebat
850 2573 1043 2609 concupiscen-

311 2663 333 2679 "’
346 2663 425 2692 Joan.
442 2672 462 2698 t,
477 2664 504 2693 8.
540 2664 564 2681 "
578 2664 645 2693 ibid.
682 2665 705 2681 "
725 2664 813 2693 Joau.’
829 2671 902 2697 xvu,
930 2664 955 2691 l.

293 2739 350 2775 (73)
367 2741 458 2775 ςςιαέε.
470 2741 551 2769 Forte
567 2742 646 2771 cladi.

298 2774 355 2808 (74)
366 2774 514 2803 Venientem
529 2778 556 2804 in
570 2778 650 2805 hunc.
668 2777 830 2804 Vertendum
845 2776 893 2803 luit
910 2784 941 2803 ex
957 2775 1039 2803 Euse-

262 2809 299 2848 bii
312 2811 419 2843 quidem
438 2817 527 2848 tuente
547 2813 651 2848 veniens
667 2820 682 2848 7:
706 2820 767 2839 nant
788 2812 934 2848 ἐρχόμενον
947 2812 1038 2848 retulit

255 2844 298 2885 ad
315 2852 406 2873 vocem
426 2845 494 2880 φῶς,
511 2855 564 2875 non
580 2848 612 2874 ad
629 2847 772 2883 ἄνθρωπον
788 2844 888 2882 {quod
908 2847 974 2875 satis
993 2854 1038 2874 os-

1093 2252 1136 2275 est
1146 2268 1154 2280 ,
1166 2248 1293 2274 Dominus
1306 2247 1420 2281 regnavit
1431 2266 1438 2277 ,
1455 2249 1533 2279 prout
1546 2245 1648 2272 diceret
1659 2263 1668 2276 ,
1687 2243 1814 2270 “omines
1829 2248 1875 2268 re-

1093 2293 1167 2329 gnati
1187 2297 1250 2320 sunt
1261 2312 1268 2325 ,
1288 2297 1335 2319 aut
1350 2294 1539 2326 regnaverunt.
1555 2289 1612 2317 Non
1625 2290 1697 2317 enitn
1717 2288 1760 2315 ille
1771 2287 1876 2322 accepit

1092 2338 1162 2374 quod
1175 2346 1226 2366 non
1241 2338 1357 2365 habebat
1370 2345 1378 2365 :
1392 2337 1438 2365 sed
1454 2344 1505 2364 ttos
1520 2335 1593 2371 digni
1607 2335 1704 2362 iterum
1719 2333 1874 2368 iudicamur

1092 2393 1124 2413 eo
1137 2393 1152 2412 a
1172 2392 1225 2419 quo
1239 2383 1399 2411 excidimus.
1421 2382 1474 2410 Nos
1487 2383 1577 2416 itaque
1600 2388 1763 2416 regnantur,
1778 2384 1806 2407 et
1824 2379 1876 2407 iste

1091 2436 1197 2465 regnat.
1226 2430 1283 2457 Non
1310 2437 1382 2457 nuttc
1407 2436 1549 2456 assumens
1577 2427 1721 2462 imperium
1736 2435 1744 2454 :
1759 2425 1805 2453 sed
1825 2431 1875 2451 nos

1092 2477 1240 2505 liberamur
1255 2484 1269 2503 a
1288 2475 1438 2511 tyrannide.
1456 2474 1490 2501 In
1502 2474 1599 2500 mundo
1610 2494 1617 2507 ,
1636 2473 1744 2507 inquit,
1763 2477 1831 2500 erat.
1844 2471 1874 2498 Si

1093 2524 1120 2550 in
1139 2523 1238 2550 mundo
1248 2527 1306 2549 erat
1316 2542 1324 2554 ,
1340 2520 1478 2556 quomodo
1497 2520 1569 2546 venit
1582 2518 1607 2545 in
1621 2518 1741 2545 mundo?
1755 2518 1876 2552 Apparet

1094 2570 1121 2598 iu
1138 2571 1247 2598 mundo.
1264 2568 1334 2603 Quid
1358 2575 1423 2603 ergo
1444 2574 1497 2595 non
1522 2566 1598 2594 vadit
1618 2573 1651 2594 ex
1672 2564 1793 2593 mundo?
1806 2564 1875 2592 Dicit

994 2663 1015 2679 '°
1032 2661 1105 2691 Psal.
1129 2668 1201 2694 xcn,
1232 2667 1310 2694 xcvr,
1335 2666 1427 2686 xcvnt.

1093 2738 1179 2766 tendit
1193 2743 1246 2765 tum
1262 2737 1400 2774 enarratio
1411 2743 1469 2774 qu:_e
1478 2735 1609 2774 sequitur,
1624 2740 1678 2762 tum
1694 2734 1762 2761 alius
1778 2739 1872 2774 postea

1093 2774 1167 2801 locus
1185 2774 1253 2800 infra
1269 2773 1313 2800 ubi
1330 2773 1427 2807 legitur
1439 2771 1503 2798 Erat
1517 2771 1603 2798 lumen
1618 2778 1706 2798 verum
1727 2771 1832 2797 uettt‘etu
1846 2771 1872 2794 iu

1092 2809 1160 2836 Itum:
1174 2809 1309 2838 mundum.
1324 2813 1377 2834 utr,

1130 2845 1185 2879 (75)
1202 2843 1312 2870 Tutaus.
1335 2841 1572 2877 't\5§a).t:65t:vo;,
1584 2842 1754 2876 propulsans,
1765 2846 1876 2866 arcens.
