2025 3103
213 144 288 173 1053

644 142 686 171 DE
705 143 784 172 FIDE
802 144 987 173 ADVERSUS
1007 144 1211 173 SABELLIUM.
1232 160 1267 165 --
1285 143 1348 172 LIB.
1368 144 1393 172 Ι.

1762 146 1831 175 1054

211 207 292 234 enim‘
305 215 312 233 :
329 205 423 232 Adhuc
434 204 535 232 modice
548 204 636 232 lumen
649 206 779 233 uobiscum
793 211 842 234 est.
868 206 941 233 Vada
959 207 994 233 ad
1008 212 1032 239 Α
1047 208 1083 234 ris
1101 206 1232 241 Spiritum
1244 206 1387 233 venientem
1400 225 1409 238 ,
1420 205 1463 232 hic
1473 210 1510 232 est
1527 205 1568 233 "1'
1579 205 1608 233 Si
1626 205 1707 241 igitur
1717 214 1832 242 evange-

211 260 273 280 eum
285 252 331 287 qui
346 259 386 278 me
399 251 467 277 misit
478 258 488 277 :
502 251 626 285 quaeretis
642 260 692 283 me,
706 258 729 278 et
750 261 801 279 non
815 253 948 279 invenietis
961 253 994 279 ⁶¹.

212 298 291 326 Nunc
303 298 396 329 vadit,
411 303 439 325 et
453 296 581 332 relinquit
600 297 740 325 mundum.
756 298 808 324 Sed
829 298 924 325 iterum
941 298 997 332 ipse

214 345 281 372 dicit
297 353 304 371 :
322 342 390 370 Ecce
401 351 447 377 ego
466 343 599 370 vobiscum
615 351 673 370 sum
690 351 770 377 usque
783 344 817 370 ad
830 352 996 371 consumma-

214 392 309 418 tionem
321 389 412 417 menti
428 389 461 415 ⁶¹.
472 389 575 416 Aderat
588 397 654 424 ergo
665 410 673 423 ,
687 395 715 417 et
726 394 869 424 antequam
888 389 998 416 adverti-

194 437 198 466 ἓ
215 443 276 471 ret,
292 438 367 465 adest
380 437 461 465 etiam
484 441 627 472 postquam
650 438 782 471 perrexit.
805 438 912 465 Intuere
932 445 998 471 ergo

217 483 443 518 quemadmodum
464 483 490 510 in
504 484 606 511 mundo
616 489 676 511 erat
688 483 871 512 invisibiliter.
890 483 954 510 Nam
972 484 997 510 id

216 529 371 557 videntibus
390 528 533 563 apostolis,
546 533 573 556 et
584 529 722 556 nobiscum
737 534 778 556 est
793 536 876 563 usque
891 529 923 555 ad
934 536 998 556 con-

214 575 424 602 summationem
438 575 530 602 suculi
546 584 553 602 :
567 575 747 609 incorporalis
756 575 828 602 enim
845 580 940 601 natura
957 574 999 601 lo-

215 623 255 650 cis
268 630 322 649 non
335 621 581 649 circumscribitur.
596 621 648 648 Sed
663 626 836 656 posteaquam
852 621 998 655 assumpsit

215 676 330 703 corpus,
356 676 409 695 non
436 672 464 695 ut
486 667 671 695 recluderetnr
697 667 844 701 assumpsit
867 676 873 694 :
893 666 999 693 salvare

215 714 288 741 enim
305 714 397 745 venit,
409 717 436 740 et
449 720 503 740 non
519 712 606 739 minus
628 712 749 739 exaltare
760 731 769 743 ,
788 716 814 738 et
840 719 892 738 non
910 711 999 737 lmini—

217 759 285 786 liare
299 758 363 792 (non
377 758 439 793 quia
456 765 507 785 non
523 764 552 785 se
580 757 732 783 humiliavit
748 766 754 783 :
772 755 910 782 humiliari
927 755 1000 782 enini

217 804 290 836 dico,
304 803 427 830 decidere
445 809 505 829 eum
521 810 536 829 a
549 810 595 829 sua
609 802 763 835 dignitate),
778 801 824 828 sed
836 799 925 833 potius
939 800 999 826 abs-

219 849 337 877 condere
362 855 439 875 suam
457 848 625 882 dignitatem.
645 847 671 873 Si
685 847 757 874 enim
778 846 835 880 ipse
854 845 954 872 decidit
967 846 1001 871 ab

218 902 252 922 eo
270 894 340 929 quod
356 898 415 921 erat
433 893 502 921 Deus
514 913 522 925 ,
551 900 600 920 nos
621 900 674 919 non
698 892 789 926 utique
810 891 947 918 revocavit
965 890 998 918 ad
1015 887 1035 914 Β

218 947 278 967 eam
292 947 324 966 ex
338 947 389 974 qua
402 939 559 967 cecidimus.
573 938 685 965 Salvare
707 937 789 972 igitur
814 937 887 963 venit
911 936 1000 963 Domi-

220 993 272 1012 nus
284 1005 292 1018 ,
307 992 360 1012 non
376 990 465 1012 tamen
483 984 606 1011 amittere
622 984 693 1017 quod
703 982 830 1009 habebat.
844 981 920 1009 Fecit
933 981 1001 1008 bene

220 1031 278 1066 ipse
296 1038 407 1058 manens
429 1030 456 1058 in
472 1037 525 1065 quo
535 1034 590 1056 erat
611 1028 680 1064 (76),
698 1036 750 1055 non
767 1033 861 1055 natura
874 1028 1001 1055 excideris

218 1084 266 1104 sua
276 1097 284 1110 ,
297 1076 345 1104 sed
358 1075 544 1104 misericordia
559 1076 644 1102 utitur
660 1073 760 1101 Patris.
779 1073 849 1106 Quid
864 1081 926 1107 ergo
939 1079 1001 1106 pro—

218 1123 334 1158 positum
354 1127 414 1149 erat
426 1122 503 1149 nobis
519 1122 610 1149 dicere
621 1141 629 1153 ,
642 1121 712 1156 quod
727 1120 812 1148 solum
832 1121 856 1147 ei
875 1118 1002 1146 convenit

217 1168 394 1196 diciisolum
413 1173 502 1195 autem
527 1167 656 1194 convenit
678 1166 731 1193 dici
746 1186 753 1199 ,
770 1165 833 1200 quia
858 1169 899 1192 est
923 1164 1003 1191 Pater

216 1221 351 1248 vere,est
375 1219 403 1242 et
429 1214 513 1242 Filius
527 1222 607 1245 vere,
624 1218 665 1240 est
683 1218 710 1240 et
734 1212 853 1247 Spiritus
882 1216 1001 1238 sanctus.

217 1261 277 1288 Non
288 1261 367 1289 otiosi
384 1268 523 1288 sermones
535 1280 542 1291 ,
558 1268 611 1286 non
623 1266 709 1286 vacua
721 1257 805 1285 verba
818 1277 826 1289 ,
840 1257 886 1284 sed
910 1262 1003 1283 natura

219 1315 293 1335 vera.
307 1307 387 1334 Pater
398 1315 450 1334 non
467 1311 548 1333 natus
561 1325 568 1337 ,
583 1310 610 1332 et
623 1305 697 1332 solus
713 1312 765 1331 non
791 1309 870 1331 natus
887 1312 893 1330 :
909 1308 935 1330 et
960 1302 1005 1329 Fi-

221 1352 277 1379 lius
294 1352 449 1385 unigenitus
460 1371 467 1381 .
495 1355 523 1377 et
547 1349 620 1377 solus
635 1349 787 1384 unigenitus
807 1353 849 1375 est
865 1357 873 1375 :
888 1347 1005 1382 Spiritus

220 1402 331 1425 sanctus
352 1398 397 1432 qui
421 1405 436 1424 a
462 1396 530 1424 Filio
559 1396 705 1423 secundum
729 1394 817 1422 Patris
840 1394 1005 1421 voluntatem

221 1445 348 1472 mittitur.
361 1444 409 1470 Vis
430 1448 520 1471 autem
544 1442 652 1470 edoceri
666 1442 727 1476 quia
750 1441 808 1468 haec
824 1448 888 1467 vere
913 1440 1006 1467 dicun-

226 1498 270 1519 tur
282 1491 362 1526 (77)?
381 1490 460 1518 Venit
474 1489 601 1517 Dominus
619 1489 652 1515 ad
661 1488 821 1523 baptismum
835 1487 946 1515 Joannis
956 1507 964 1519 ,
979 1491 1007 1513 et

223 1537 325 1564 videbis
337 1536 382 1570 qui
398 1535 494 1570 estqui
508 1535 591 1567 dicit,
613 1534 663 1561 llic
680 1538 717 1561 est
736 1533 823 1560 Filius
849 1541 923 1560 meus
936 1532 1005 1559 dile—

221 1583 351 1610 ctissimus
361 1602 369 1615 ,
381 1583 408 1609 in
421 1589 471 1615 quo
490 1581 554 1607 mihi
572 1580 632 1607 bene
646 1580 790 1614 complacui
808 1579 841 1605 “.
859 1578 926 1613 Quis
938 1578 1006 1606 dicit

222 1628 299 1656 litec?
314 1628 406 1663 utique
420 1626 500 1653 Pater
510 1626 542 1654 de
557 1626 610 1653 Deo
621 1646 628 1657 ,
646 1625 691 1659 qui
706 1624 846 1651 videbatur
869 1628 896 1649 ut
912 1623 1004 1650 homo.

222 1674 275 1709 Qui
288 1674 354 1701 dicit
381 1680 466 1708 ergo,
497 1672 578 1699 Pater
603 1676 644 1699 est
664 1680 670 1698 :
687 1671 718 1698 de
741 1677 795 1703 quo
819 1669 1004 1696 testimonium

220 1726 294 1753 erat,
310 1719 393 1747 Filius
419 1724 462 1747 est
477 1728 484 1746 :
498 1718 617 1753 Spiritus
646 1718 673 1744 in
696 1716 786 1751 specie
810 1716 951 1743 columbae.
973 1716 1006 1743 Et

220 1768 267 1803 qui
284 1772 313 1794 ut
326 1767 405 1793 homo
423 1767 584 1800 apparebat,
599 1768 626 1791 et
636 1763 681 1798 qui
707 1764 732 1789 in
760 1762 869 1789 homine
892 1762 1000 1789 habita-

220 1814 286 1846 bat,
301 1817 329 1840 et
341 1813 386 1848 qui
398 1812 424 1839 in
440 1818 555 1846 corpore
568 1814 644 1842 erat,
658 1809 810 1837 testabatur
825 1813 852 1836 et
872 1809 981 1836 dicebat
994 1818 1002 1835 :

220 1860 333 1895 Expedit
350 1860 417 1886 vobis
433 1863 459 1885 ut
475 1866 521 1892 ego
541 1858 646 1884 undam.
677 1855 708 1882 Si
725 1856 810 1887 enim,
835 1855 942 1889 inquit,
959 1862 1005 1888 ego

223 1916 274 1935 non
287 1907 342 1933 iero
354 1926 362 1938 ,
375 1905 489 1940 Spiritus
498 1912 549 1931 non
564 1904 645 1930 veniet
660 1910 740 1929 .‘cum
760 1909 805 1936 ego
821 1901 892 1933 iero,
908 1901 1003 1935 rogabo

224 1953 329 1980 Putrem
343 1960 427 1979 meum
442 1951 474 1977 “.
493 1950 550 1977 Non
577 1955 666 1976 tamen
683 1956 726 1975 me
744 1953 771 1974 et
793 1947 876 1974 alium
892 1949 1006 1973 advoca-

223 2003 278 2026 tum
297 1999 384 2025 mittet
393 1998 473 2025 Pater
486 1997 520 2023 ad
537 2003 597 2023 vos.
615 1995 666 2028 Qui
679 1994 768 2027 vadit,
780 1998 807 2021 et
822 1994 869 2028 qui
882 1998 1003 2028 rogatur,

221 2050 248 2072 et
264 2046 309 2080 qui
327 2044 461 2075 mittitur,
489 2050 540 2069 non
569 2042 605 2069 dii
622 2042 758 2068 dicuntur.
778 2040 852 2067 Unus
872 2040 943 2067 enim
964 2044 1006 2066 est

223 2090 292 2117 Deus
309 2098 324 2117 a
338 2097 391 2124 quo
406 2093 469 2116 sunt
495 2088 584 2115 omnia
596 2107 604 2119 ,
629 2092 656 2115 et
684 2094 754 2113 unus
779 2086 908 2113 Dominus
927 2085 1005 2113 Jestts

223 2145 270 2171 per
284 2143 364 2171 quem
380 2140 444 2162 sttnt
457 2133 559 2162 omnia.
575 2133 629 2161 Sed
645 2140 712 2159 unus
724 2132 793 2159 Deus
803 2140 855 2159 non
874 2136 964 2164 natus,
979 2136 1006 2159 et

222 2190 292 2210 unus
307 2182 464 2216 unigenitus
478 2180 607 2208 Dominus
619 2185 698 2207 natus
713 2187 728 2206 a
743 2179 796 2206 Deo
813 2182 864 2205 est.
880 2177 908 2205 Si
932 2179 1004 2205 enim

222 2238 276 2258 non
294 2234 387 2257 natum
404 2233 431 2255 et
445 2236 497 2255 non
510 2232 602 2255 natum
619 2227 737 2254 dicerem
748 2245 755 2256 ,
773 2230 820 2252 aut
836 2224 1004 2258 unigenitum

222 2282 250 2304 et
263 2276 430 2311 unigenitum
442 2283 449 2307 ;
464 2280 528 2301 tunc
542 2281 728 2301 asseveraretn
742 2272 766 2298 id
787 2271 859 2306 quod
875 2279 926 2298 non
940 2270 1006 2297 dicit

222 2322 355 2351 Ecclesia.
374 2322 443 2355 Quid
461 2327 525 2355 ergo
539 2321 603 2347 dicit
620 2320 700 2346 Pater
730 2319 755 2345 in
782 2317 894 2345 Joannis
915 2318 1004 2351 bapti-

222 2369 329 2398 smum?
345 2367 395 2395 Hic
410 2372 446 2394 est
465 2366 550 2393 Filius
562 2374 634 2392 meus
665 2365 794 2396 dilectus,
818 2364 845 2390 in
866 2372 916 2398 quo
945 2363 1006 2390 bene

221 2415 371 2451 complacui
385 2415 427 2441 "‘i
441 2413 572 2441 Sufﬁcita
592 2411 646 2439 Deo
672 2416 699 2438 et
727 2409 809 2438 semel
830 2410 939 2440 audire,
960 2408 1007 2435 sed

223 2472 276 2491 non
295 2462 362 2490 dicit
379 2460 473 2488 semel.
489 2459 628 2494 Siquidem
641 2462 668 2485 et
688 2457 715 2484 in
732 2460 822 2483 monte
833 2462 894 2481 cum
909 2454 1005 2481 [uisset

223 2508 353 2536 Dominus
366 2506 575 2541 transﬁguratus
602 2508 734 2539 prmsente
760 2501 852 2537 Moyse
876 2505 903 2528 et
929 2500 985 2527 Elia
1000 2520 1008 2533 ,

222 2557 318 2582 eadem
335 2554 433 2588 repetit
447 2557 474 2580 et
493 2552 642 2579 dicitzllic
662 2556 699 2577 est
730 2548 818 2575 Filius
844 2555 915 2573 meus
939 2546 1007 2572 dile-

223 2602 356 2629 ctissimus
370 2601 461 2634 inquo
483 2599 546 2625 bene
569 2596 729 2630 complacui;
752 2595 836 2628 ipsum
859 2592 950 2619 audite
972 2591 1005 2619 “.

223 2649 290 2676 Nam
307 2654 334 2675 et
348 2646 466 2674 Joannes
481 2645 577 2672 similia
602 2642 700 2670 fatetur
713 2646 739 2669 et
753 2641 819 2667 dicit
836 2648 842 2666 :
856 2639 907 2672 Qui
934 2638 1007 2665 misit

223 2703 264 2723 me
277 2695 410 2729 baptizare
423 2694 448 2720 iu
466 2700 534 2726 aqua
545 2710 552 2723 ,
564 2691 617 2725 ipse
632 2689 694 2715 mihi
707 2688 786 2719 dixit,
802 2685 835 2712 lu
847 2693 922 2720 quem
937 2685 1007 2711 vide-

275 2751 297 2766 “
315 2750 393 2777 .Ioan.
409 2757 460 2780 xu.
472 2747 516 2776 55.
554 2747 576 2762 ⁶¹
592 2745 684 2772 Matth.
708 2751 811 2780 xxviii,
829 2742 872 2780 βο.
911 2741 933 2757 ⁸³
959 2740 1003 2780 μευ

1055 2749 1116 2780 Ant,
1148 2741 1191 2768 l7.

1049 254 1109 281 lista
1122 254 1202 286 dicit,
1220 251 1306 284 Erat;
1318 252 1438 287 Baptista
1458 256 1547 279 autent
1559 252 1624 279 dicit
1638 272 1645 284 ,
1659 251 1712 279 llic
1728 258 1766 280 est
1780 261 1790 279 :
1805 259 1834 283 et

1050 300 1167 335 Spiritus
1192 304 1307 327 testatur
1323 299 1386 334 quia
1406 299 1462 332 ipse
1489 303 1549 331 est;
1565 299 1698 326 et‘Pater
1721 299 1834 327 demon-

1050 353 1141 374 strans
1158 346 1237 377 dicit,
1258 345 1308 372 Hie
1323 350 1360 372 est
1372 354 1381 378 ,'
1393 350 1420 372 et
1434 344 1519 372 Filius
1538 344 1618 377 dicit,
1639 345 1695 380 Ego
1712 354 1789 379 sum;
1803 351 1831 374 et

1050 392 1186 419 daemones
1201 391 1295 418 dicunt
1308 410 1316 423 ,
1330 390 1368 417 Tu
1381 399 1407 417 es
1423 398 1433 416 :
1449 398 1508 425 qum
1524 392 1677 425 procacitas
1693 392 1741 419 ista
1753 397 1795 419 est
1807 397 1837 421 ut

1051 445 1103 465 non
1121 438 1234 464 credat?
1245 438 1299 465 Aut
1313 437 1385 464 enim
1398 437 1470 463 Patri
1486 437 1582 470 crede,
1599 442 1645 464 aut
1658 437 1725 465 Filio
1736 440 1815 467 obedi
1826 459 1835 473 ,

1052 489 1097 510 aut
1111 483 1241 517 Spiritum
1255 483 1393 516 consenti,
1407 488 1453 510 aut
1469 491 1529 510 cum
1542 484 1680 518 prophetis
1688 486 1836 519 concorda,

1051 534 1098 556 aut
1113 537 1173 556 cum
1184 529 1335 563 legislatore
1348 529 1494 562 conﬁtere,
1509 534 1557 556 aut
1570 534 1643 557 certe
1659 538 1719 558 cum
1736 531 1837 559 daemo-

1054 576 1133 602 nibus
1146 575 1199 602 noli
1217 582 1326 609 negare.
1343 574 1383 602 Illi
1404 575 1476 602 enim
1490 574 1582 602 dicunt
1597 584 1604 602 :
1620 574 1723 602 Scimus
1744 582 1768 603 te
1792 577 1836 611 qui

1052 622 1088 648 sis
1105 621 1141 654 ⁸⁸,
1159 626 1187 648 et
1210 628 1261 648 non
1288 626 1395 648 cessant
1422 621 1593 648 conﬁtentes.
1613 620 1836 656 Quotiescunque

1053 667 1124 694 enim
1140 666 1323 694 nominaveris
1339 667 1506 694 daemonibus
1533 667 1629 695 Filium
1654 668 1701 695 Dei
1728 667 1835 697 aﬁixutn

1053 712 1149 745 cruci,
1181 717 1326 740 trementes
1354 713 1444 740 statim
1467 720 1534 740 voce
1552 713 1638 747 prima
1661 713 1836 742 conﬁtentur.

1054 758 1101 785 Est
1115 758 1187 785 enim
1202 758 1285 786 Filius
1299 778 1306 790 ,
1320 763 1347 785 et
1363 763 1471 792 manet,
1485 762 1512 785 et
1525 766 1636 793 regnum
1649 759 1706 793 ejus
1724 767 1776 786 non
1788 759 1838 787 ha-

1053 804 1098 831 bet
1112 803 1201 830 ﬁnem.
1218 803 1270 831 Sed
1289 804 1369 831 ﬁnem
1383 803 1481 831 habeat
1491 811 1521 831 os
1536 803 1607 831 illius
1620 804 1666 838 qui
1678 805 1762 838 dixit,
1774 804 1838 839 quia

1055 851 1129 885 regni
1143 850 1201 885 ejus
1216 854 1256 877 est
1275 850 1345 877 ﬁnis.
1358 849 1439 877 Pater
1449 849 1520 877 enim
1540 850 1585 884 qui
1601 850 1691 885 genuit
1709 858 1762 878 non
1777 857 1836 885 pat-

1051 897 1151 923 nitetur
1164 896 1197 924 de
1212 896 1279 923 bona
1296 896 1432 931 progenie,
1446 902 1498 922 non
1516 896 1625 922 devorat
1637 903 1714 923 suum
1728 895 1838 924 Filium.

1049 942 1202 970 Invidemus
1215 941 1320 969 fabulas
1330 942 1459 976 gentium,
1469 941 1600 968 etiterum
1609 942 1718 969 easdem
1730 941 1839 970 induci.

1050 995 1110 1015 mus
1128 996 1135 1014 :
1154 994 1206 1014 non
1222 995 1281 1020 nos,
1291 988 1337 1014 sed
1349 987 1394 1021 qui
1410 993 1491 1013 ausus
1501 991 1543 1013 est
1557 986 1664 1013 Galata.
1682 986 1752 1014 Deus
1765 987 1839 1013 enim

1051 1040 1104 1059 non
1115 1040 1207 1059 vocetn
1220 1032 1313 1067 genuit
1326 1031 1372 1059 sed
1382 1031 1490 1062 Filium,
1503 1039 1554 1058 non
1567 1038 1717 1059 sermonem
1735 1030 1782 1058 sed
1799 1031 1839 1058 vi-

1052 1082 1179 1110 tam,non
1188 1077 1288 1104 dictum
1296 1077 1342 1104 sed
1359 1076 1452 1104 Deum.
1466 1076 1541 1110 Apud
1559 1076 1640 1104 Deum
1655 1077 1800 1108 enim,non
1811 1076 1840 1103 in

1052 1131 1100 1151 ore
1129 1123 1175 1150 Dei
1190 1132 1197 1150 :
1227 1123 1259 1150 ad
1274 1123 1410 1150 dexteram
1426 1122 1484 1155 Dei,
1503 1131 1554 1150 non
1571 1127 1657 1151 tamen
1673 1124 1717 1158 qui
1733 1124 1758 1151 in
1773 1130 1840 1151 voce

1053 1174 1105 1196 est.
1123 1168 1245 1195 .ludicem
1264 1176 1324 1196 eum
1336 1168 1382 1202 qui
1394 1168 1527 1200 viviﬁcat,
1548 1176 1641 1196 verum
1667 1170 1776 1201 lumen,
1790 1169 1839 1203 ju-

1053 1216 1133 1244 stitiac
1147 1215 1246 1242 soletn‘.
1262 1214 1367 1242 Lumen
1381 1219 1470 1240 autent
1486 1222 1540 1241 non
1557 1214 1621 1247 tale,
1635 1215 1714 1248 quale
1728 1219 1755 1242 et
1768 1215 1839 1249 apud

1054 1268 1103 1287 nos
1117 1269 1124 1287 :
1143 1260 1209 1286 nihil
1227 1259 1393 1292 accipiamus
1407 1258 1513 1285 visibile
1529 1259 1561 1285 ad
1584 1259 1778 1287 exliibitionem
1794 1260 1838 1287 in—

1054 1305 1180 1333 visibilis.
1194 1304 1251 1332 Non
1267 1305 1332 1332 mihi
1345 1304 1425 1332 isthic
1441 1304 1527 1331 fontes
1535 1304 1653 1332 adducas
1666 1305 1691 1333 in
1702 1305 1817 1333 medium
1828 1316 1837 1334 :

1055 1360 1107 1379 non
1121 1351 1203 1378 solem
1221 1355 1249 1378 et
1259 1350 1318 1385 ejus
1331 1351 1431 1378 lumen.
1450 1350 1516 1383 Quae
1530 1351 1601 1377 enim
1620 1358 1666 1384 per
1690 1351 1787 1379 Filium
1799 1353 1840 1379 fa-

1056 1403 1097 1426 cta
1115 1403 1192 1430 sunt,
1211 1405 1262 1425 non
1276 1403 1469 1431 comparantur
1481 1398 1559 1426 Filio.
1575 1398 1630 1425 lloc
1645 1398 1717 1426 enim
1743 1399 1836 1427 lumen

1056 1451 1108 1471 non
1120 1448 1160 1471 est
1170 1443 1250 1475 solis,
1263 1444 1310 1470 sed
1328 1443 1471 1470 eﬁicientia
1497 1443 1561 1471 solis
1577 1452 1583 1470 :
1600 1443 1650 1471 hoc
1678 1443 1769 1471 lumen
1785 1452 1840 1472 non

1056 1489 1140 1517 habet
1151 1491 1232 1516 vitam
1248 1511 1255 1523 ,
1268 1488 1352 1516 Filius
1368 1493 1456 1516 autem
1472 1489 1525 1516 vita
1538 1493 1580 1517 est
1595 1497 1603 1516 :
1616 1489 1666 1516 hoc
1679 1489 1767 1517 lumen
1785 1497 1840 1516 non

1058 1536 1155 1570 aperit
1175 1535 1266 1563 oculos
1283 1543 1435 1567 caecorum,
1463 1535 1510 1562 sed
1529 1535 1571 1563 his
1594 1536 1639 1569 qui
1667 1535 1755 1563 creati
1777 1540 1841 1563 sunt

1060 1582 1161 1616 praebet
1180 1582 1280 1609 videre.
1297 1581 1348 1608 Sed
1368 1589 1401 1608 ne
1415 1581 1522 1616 quidem
1537 1582 1589 1610 hoc
1603 1589 1618 1609 a
1629 1588 1659 1609 se
1670 1602 1678 1615 ,
1693 1582 1740 1609 sed
1760 1583 1794 1610 ab
1807 1589 1842 1609 eo

1059 1629 1102 1663 qui
1119 1628 1239 1656 indulsit.
1260 1627 1315 1656 lloc
1332 1628 1419 1655 lnnten
1435 1628 1461 1655 in
1479 1628 1595 1658 tenebris
1622 1636 1675 1656 non
1694 1628 1764 1656 lucet
1780 1635 1788 1655 :
1802 1632 1845 1656 te—

1059 1674 1149 1701 nebrat
1162 1673 1234 1700 enini
1258 1681 1319 1700 eum
1346 1680 1397 1700 non
1413 1673 1656 1707 comprehendunt.
1676 1673 1715 1701 De
1731 1673 1777 1701 illo
1791 1681 1842 1701 au-

1060 1724 1113 1746 tent
1128 1719 1228 1746 lumine
1241 1719 1340 1746 dictum
1356 1723 1397 1745 est
1412 1729 1418 1746 :
1435 1717 1534 1746 Lumen
1546 1719 1572 1744 in
1586 1719 1695 1749 tenebris
1706 1719 1789 1753 lucet,
1804 1724 1843 1747 te-

1059 1763 1143 1790 nebrw
1157 1770 1216 1789 eum
1231 1770 1282 1788 non
1296 1761 1542 1795 comprehenderunt
1555 1760 1588 1787 ".
1606 1760 1663 1788 Hoc
1684 1761 1773 1789 lumett
1787 1769 1842 1789 nou

1058 1809 1161 1844 pascit,
1176 1816 1228 1836 non
1245 1808 1374 1835 transfert
1387 1815 1483 1842 aquam
1497 1806 1531 1833 ad
1547 1806 1639 1833 vinum
1657 1807 1728 1834 :hoc
1751 1807 1843 1834 lumen

1059 1864 1112 1883 non
1126 1855 1239 1882 suscitat
1252 1859 1387 1887 mOrtuos,
1404 1854 1450 1881 sed
1465 1852 1583 1880 otiosum
1606 1857 1648 1880 est
1663 1853 1775 1880 mortuis
1793 1862 1800 1879 :
1815 1857 1844 1880 et

1059 1910 1111 1930 non
1125 1901 1188 1937 quia
1202 1908 1345 1929 commune
1361 1905 1402 1927 est
1418 1907 1514 1927 nomen
1528 1920 1536 1932 ,
1551 1903 1630 1934 putas
1649 1897 1710 1933 quia
1722 1902 1750 1925 et
1768 1905 1843 1925 com-

1059 1949 1148 1976 munis
1169 1953 1264 1975 natura
1277 1953 1329 1975 est.
1347 1946 1403 1974 lloc
1417 1947 1506 1974 lumen
1522 1950 1569 1973 aut
1582 1946 1608 1973 in
1622 1945 1709 1980 primo
1721 1944 1764 1972 die
1776 1963 1784 1977 ,
1795 1949 1844 1971 aut

1059 2002 1118 2022 cum
1131 1994 1188 2021 sole
1203 1994 1230 2021 in
1243 1998 1339 2028 quarto
1352 2013 1359 2025 ,
1370 1991 1595 2027 quemadmodum
1610 1991 1671 2026 quis
1684 1990 1819 2026 putaverit
1833 2010 1842 2022 ,

1058 2041 1102 2067 die
1117 2045 1214 2075 quarto
1229 2044 1269 2066 est
1284 2040 1395 2065 factum.
1414 2038 1498 2065 Filius
1514 2042 1604 2065 autem
1630 2044 1683 2064 non
1701 2036 1728 2064 in
1755 2036 1843 2071 primo

1059 2087 1101 2113 die
1112 2106 1120 2118 ,
1135 2093 1220 2120 neque
1236 2086 1261 2112 in
1276 2090 1371 2120 quarto
1382 2105 1390 2117 ,
1403 2092 1490 2119 neque
1508 2084 1534 2111 iit
1548 2088 1633 2111 totum
1644 2083 1672 2111 in
1687 2083 1741 2115 die,
1756 2089 1844 2116 neque

1059 2133 1085 2160 in
1105 2133 1169 2159 hora
1183 2152 1191 2164 ,
1204 2139 1292 2166 neque
1315 2131 1341 2158 in
1369 2130 1553 2166 temporibus,
1569 2138 1657 2164 neque
1684 2130 1711 2157 in
1725 2128 1841 2157 seculis.

1059 2178 1121 2205 llzec
1136 2178 1206 2205 enim
1221 2171 1269 2211 per
1280 2176 1378 2204 Filium
1389 2198 1396 2210 ,
1413 2184 1466 2204 non
1479 2182 1567 2204 tamen
1581 2175 1664 2203 Filius
1677 2175 1704 2202 in
1718 2174 1771 2202 his.
1784 2173 1843 2201 Non

1058 2225 1129 2251 enim
1146 2232 1160 2250 u
1174 2222 1365 2251 communione
1380 2223 1518 2249 hominum
1536 2221 1700 2248 confundere
1714 2220 1842 2246 debemus

1058 2269 1235 2296 diﬁ‘erentiam
1255 2273 1370 2295 naturae.
1397 2267 1454 2295 Hoc
1480 2268 1570 2294 lumen
1595 2266 1725 2301 perillum
1752 2265 1842 2291 lumen

1057 2320 1108 2342 cst.
1118 2314 1174 2341 Non
1185 2322 1248 2349 ergo
1263 2321 1451 2349 comparemus
1467 2313 1592 2341 insitnilia
1607 2317 1650 2338 aut
1664 2312 1761 2339 similia
1773 2311 1839 2345 (73).

1058 2360 1149 2395 Neque
1162 2360 1250 2387 fontes
1262 2364 1289 2386 et
1305 2365 1408 2387 meatus
1421 2358 1552 2391 fontium,
1569 2363 1595 2385 et
1616 2359 1686 2385 rivos
1695 2362 1723 2384 et
1736 2356 1841 2389 ﬂuvios,

1058 2406 1120 2442 quia
1136 2415 1187 2434 non
1199 2406 1291 2434 deﬁuit
1302 2405 1397 2438 Pater,
1412 2407 1460 2433 sed
1475 2410 1566 2432 manet
1586 2410 1614 2431 ut
1630 2409 1699 2431 erat.
1717 2403 1775 2437 lpse
1800 2407 1843 2429 est

1059 2453 1130 2481 enim
1148 2454 1192 2487 qui
1208 2458 1259 2481 est.
1272 2452 1364 2487 Neque
1377 2452 1515 2486 passiones
1532 2456 1637 2486 oportet
1661 2450 1769 2483 adjungi
1791 2449 1842 2476 im-

1060 2498 1178 2533 passibili
1192 2498 1266 2525 Patri
1280 2507 1286 2525 :
1301 2498 1363 2532 quia
1376 2505 1429 2524 non
1443 2496 1587 2527 dividitur,
1606 2503 1657 2522 non
1685 2493 1818 2521 scinditur
1833 2511 1841 2523 ,

1060 2552 1112 2572 non
1130 2549 1270 2579 separatur
1281 2564 1289 2577 ,
1303 2543 1350 2571 sed
1366 2548 1457 2570 manet
1469 2547 1497 2569 et
1518 2547 1639 2576 generat.
1660 2540 1776 2567 Gcncrat
1792 2545 1840 2564 an-

1060 2598 1113 2619 tem
1128 2596 1157 2618 ut
1172 2591 1258 2626 ipsum
1277 2590 1354 2618 decet
1371 2596 1467 2620 nosse,
1484 2592 1512 2615 et
1528 2596 1576 2614 nos
1590 2587 1712 2614 adorare.
1729 2584 1787 2611 Noli
1801 2584 1842 2610 di-

1059 2644 1121 2664 cere
1136 2636 1361 2671 quemadmoduut
1374 2654 1382 2667 ,
1398 2641 1485 2668 neque
1511 2641 1616 2667 qumras
1639 2632 1839 2667 generationem

1059 2683 1132 2711 illam
1150 2690 1231 2718 quam
1247 2682 1335 2709 nullus
1345 2684 1471 2714 enarrat,
1489 2680 1578 2707 nullus
1595 2679 1661 2711 scit,
1681 2676 1769 2704 nuilus
1788 2685 1839 2703 no-

1237 2740 1260 2756 “
1285 2739 1364 2768 Joan.
1391 2746 1455 2772 xvr,
1484 2737 1510 2764 7.
1556 2736 1579 2753 ⁸⁵
1601 2735 1697 2764 Matth.
1725 2731 1838 2769 "1,".

223 2787 246 2802 ⁸⁸
263 2775 487 2822 Μειίίᾖξίνιιίῦζ
524 2782 546 2798 ⁸⁷
566 2780 644 2808 Joan.
658 2788 684 2813 t,
702 2779 747 2806 55.
785 2779 807 2793 ⁸⁸
827 2777 893 2805 Luc.
909 2776 1003 2810 ινῶιι.

1055 2776 1065 2792 ⁸
1084 2776 1162 2809 Joan.
1178 2784 1204 2808 l,
1222 2775 1249 2803 5.

259 2835 315 2866 (1h)
338 2834 386 2860 Ms.
403 2832 477 2859 Facit
493 2832 554 2858 bene
567 2830 620 2866 ipse
631 2836 738 2856 manens
753 2828 780 2855 in
799 2835 849 2862 quo
863 2831 929 2854 erat.

261 2870 316 2905 (Ti)
329 2869 400 2897 lnl'ra
414 2868 461 2896 lib.
475 2875 505 2900 tt,
523 2866 572 2894 sub
584 2865 642 2892 init.

1092 2820 1148 2860 (73)
1162 2823 1302 2852 Intimilia.
1315 2822 1442 2859 ’Δνόμῡια
1454 2821 1523 2850 inira
1536 2820 1582 2849 lib.
1597 2827 1626 2853 II,
1643 2823 1702 2856 post
1714 2817 1785 2846 med.
