4050 6206
402 256 542 314 1035

1069 227 1346 304 ἘυδΕΒΙὶ
1388 234 1863 300 (ΣΕΞΑΙΠΕΝΞΙΞ
1901 230 1977 287 or

2093 224 2275 282 rans
2314 222 2401 276 tv.
2442 249 2513 262 ρ-
2552 210 2992 281 DOGMATICAJ

3506 206 3532 261 1
3541 206 3653 262 0‘56

397 379 498 430 vit.
529 374 670 428 Cede
695 416 709 439 ,
740 381 794 429 et
825 371 1083 428 conﬁtere
1140 368 1512 423 inﬁrmitatem
1563 373 1731 417 tuam.
1762 360 1965 415 Obum-

2079 378 2151 426 est
2187 367 2358 422 bene!
2393 363 2506 418 Non
2551 362 2693 416 enim
2750 359 2862 412 haec
2916 365 2999 408 est
3045 365 3295 407 mensura
3328 350 3600 405 distantias
3633 367 3652 405 :

397 467 518 522 bret
542 477 592 521 te
614 465 879 521 Christus.
907 462 964 518 Si
990 464 1133 517 enim
1161 472 1213 515 tu
1265 458 1537 529 quomodo
1567 465 1723 508 natus
1756 468 1815 506 es
1870 465 1964 504 ne-

399 560 542 623 scis,
569 557 1021 630 quemadmodum
1047 599 1063 624 ,
1095 555 1189 627 qui
1236 557 1304 609 de
1327 564 1379 608 te
1425 553 1643 621 ignoras
1664 590 1678 614 ,
1708 548 1773 601 de
1805 546 1967 600 Patre

400 662 456 706 et
487 649 623 707 Filio
644 659 734 704 aut
761 649 990 719 quaeris,
1029 656 1119 701 aut
1144 660 1304 701 nosse
1341 654 1391 699 te
1428 642 1625 712 putas?
1658 641 1796 707 Quid
1840 654 1968 708 ergo

401 758 508 798 non
532 742 787 797 debemus
817 740 1061 795 conliteri
1108 740 1271 792 Deum
1304 744 1359 791 et
1412 734 1647 790 Filium?
1699 731 1970 786 Conﬁtere

401 850 464 890 ea
500 848 618 903 qua:
643 833 707 887 de
731 832 895 886 Patre
925 842 979 886 et
1010 830 1146 885 Filio
1174 830 1376 898 scripta
1416 837 1584 883 sunt:
1621 834 1675 881 et
1719 824 1825 879 noli
1874 838 1970 877 cu-

400 927 577 983 riosus
605 940 665 980 ea
696 940 815 995 quae
841 939 944 979 non
980 933 1106 977 sunt
1154 924 1349 991 scripta
1382 920 1679 989 requirere.
1718 916 1925 970 Dicitur
1951 954 1967 978 ,

403 1020 470 1075 In
491 1019 746 1088 principio
770 1027 917 1082 erat,
948 1024 1003 1071 et
1038 1016 1159 1085 quis
1188 1013 1406 1069 audebit
1438 1008 1863 1081 reprehendere?
1910 1006 1969 1061 Si

403 1120 583 1165 autem
610 1122 665 1165 et
690 1110 1094 1180 reprehenderit
1126 1117 1175 1162 te
1200 1149 1216 1175 ,
1255 1116 1425 1161 semet
1479 1106 1654 1173 ipsum
1688 1103 1852 1157 laedit.
1901 1098 1969 1153 In

400 1200 661 1270 principio
684 1209 797 1254 erat
836 1194 1095 1265 Verbum,
1122 1207 1169 1252 et
1216 1194 1439 1250 Verbum
1466 1205 1577 1250 erat
1603 1194 1742 1263 apud
1781 1192 1967 1255 Deum,

400 1303 450 1346 et
484 1292 621 1346 Deus
663 1302 775 1347 erat
844 1290 1087 1343 Verbum.
1134 1288 1239 1342 Hic
1274 1298 1387 1342 erat
1427 1288 1481 1341 in
1530 1286 1787 1356 principio
1829 1284 1969 1352 apud

401 1384 591 1438 Deum.
619 1383 682 1436 Et
706 1382 898 1451 saepius
926 1382 1025 1435 ista
1062 1382 1331 1441 dicantur,
1360 1388 1413 1433 et
1444 1378 1573 1432 nihil
1592 1384 1971 1446 conqua-ratur

401 1472 550 1526 novi.
580 1471 794 1528 Utinam
824 1479 1002 1525 autem
1037 1468 1211 1524 solum
1238 1468 1569 1535 legeremus!
1604 1466 1808 1519 utinam
1839 1463 1971 1518 solis

404 1564 699 1634 Scripturis
731 1563 967 1617 contenti
997 1560 1275 1615 essemus!
1304 1568 1361 1614 et
1389 1559 1457 1613 lis
1502 1557 1646 1612 nulla
1680 1556 1862 1618 ﬁebat.
1912 1552 1971 1608 Si

406 1655 550 1706 enim
577 1654 700 1722 quis
747 1653 954 1721 litigat,
982 1653 1067 1706 vel
1112 1650 1474 1713 contradicit,
1514 1649 1758 1718 jurgatus
1808 1645 1972 1700 fuerit

406 1744 491 1798 his
518 1705 635 1812 qua:
657 1705 860 1813 script;
884 1705 1011 1799 su’nt
1036 1763 1050 1800 :
1082 1759 1186 1799 non
1216 1743 1285 1797 ad
1332 1705 1807 1809 hominemvlitigat
1830 1779 1843 1804 ,
1874 1738 1971 1791 sed
2000 1705 2043 1760 Β

406 1836 474 1889 ad
529 1835 832 1905 Deum.qui
885 1837 1128 1905 scripsit.
1171 1834 1319 1891 Unde
1344 1844 1523 1887 autem
1581 1831 1809 1885 edicitur
1860 1828 1975 1883 lis?

404 1943 529 1982 cum
556 1943 619 1982 ea
653 1943 769 1997 qua:
796 1943 861 1982 ex
892 1930 1057 1984 corde
1092 1937 1216 1983 sunt
1255 1925 1597 1991 proferimus.
1641 1925 1775 1978 Puto
1827 1922 1971 1975 enim

404 2022 525 2089 quia
563 2020 738 2075 nullus
762 2030 842 2075 est
867 2036 1029 2075 ausus
1046 2020 1250 2088 jurgari
1280 2022 1343 2072 ad
1378 2019 1567 2073 Deum.
1592 2016 1663 2077 Ea
1686 2031 1807 2085 qua:
1832 2016 1971 2068 scri-

406 2122 497 2181 pta
527 2123 650 2165 sunt
683 2110 825 2180 lege,
850 2119 905 2163 et
932 2109 1107 2163 nullus
1131 2109 1456 2178 jurgabitur.
1486 2106 1648 2159 Pater
1700 2104 1882 2159 statim
1915 2113 1974 2157 ut

404 2197 583 2251 dictus
614 2196 714 2250 fuit
748 2197 937 2263 Pater,
968 2197 1194 2267 requirit
1240 2197 1340 2252 ista
1376 2213 1474 2251 vox
1500 2195 1717 2249 Filium.
1768 2194 1975 2247 Dicitur

404 2286 612 2351 Filius,
668 2296 722 2341 et
778 2289 830 2341 in
884 2304 948 2343 eo
1001 2290 1119 2359 ipso
1170 2290 1294 2343 dum
1346 2289 1585 2351 dicitur,
1622 2286 1779 2340 Pater
1837 2300 1973 2339 con-

402 2378 605 2433 litetur.
662 2378 775 2434 Non
820 2380 964 2434 enim
1000 2395 1164 2435 vacua
1196 2396 1295 2435 vox
1326 2389 1407 2434 est
1447 2379 1643 2443 Pater,
1679 2380 1771 2432 sed
1814 2376 1973 2431 exhi-

403 2471 538 2525 bens
582 2480 825 2526 naturam
877 2471 1021 2527 Filii.
1063 2472 1177 2527 Non
1218 2488 1387 2525 vacua
1427 2481 1509 2524 est
1544 2487 1644 2525 vox
1686 2486 1806 2539 qua:
1846 2469 1976 2525 dicit

402 2561 634 2626 Filium,
696 2564 791 2618 sed
856 2566 1167 2632 praecedens
1216 2566 1504 2617 contitetur
1557 2561 1812 2627 Patrem,
1867 2576 1971 2613 non

414 2654 747 2722 temporibus
772 2692 788 2720 ,
825 2668 928 2708 non
974 2654 1200 2724 spatiis,
1244 2658 1338 2708 sed
1382 2652 1641 2721 dignitate
1664 2661 1717 2703 et
1749 2651 1973 2704 honore.

406 2743 569 2800 Pater
624 2744 797 2815 diligit
838 2746 1060 2813 Filium,
1106 2747 1279 2815 diligit
1318 2754 1371 2801 et
1418 2744 1672 2814 diligitur.
1722 2742 1871 2798 Unde
1910 2742 1976 2798 lis

406 2836 511 2891 ista
572 2846 688 2904 est,
737 2853 841 2892 non
890 2838 1123 2895 invenio.
1182 2837 1293 2892 illic
1344 2853 1483 2906 pax,
1539 2846 1594 2892 et
1649 2836 1805 2891 isthic
1857 2835 1975 2904 jur-

408 2930 517 2997 gia.
566 2929 682 2983 Illic
739 2928 985 2995 dilectio,
1043 2938 1100 2983 et
1139 2930 1226 2985 hic
1272 2930 1565 2984 contentio.
1601 2928 1656 2982 Si
1708 2928 1977 2997 diligimus

2067 463 2194 533 quia
2220 472 2393 527 neque
2431 465 2807 521 comparamur
2830 488 2846 512 ,
2891 458 3066 513 neque
3112 457 3392 512 aequamur
3420 456 3435 495 :
3468 458 3655 511 neque

2073 554 2126 609 in
2158 568 2266 622 quo
2290 550 2470 604 minus
2504 558 2712 601 smnus.
2748 539 2862 594 Non
2903 553 2999 593 nos
3024 537 3232 602 solum,
3269 538 3361 590 sed
3398 550 3499 590 nec
3543 551 3653 589 au-

2069 647 2212 719 geli,
2242 653 2335 698 aut
2361 637 2708 707 archangeli,
2758 642 2851 688 aut
2886 632 3145 693 virtutes,
3188 638 3282 682 aut
3313 628 3651 682 dominatio-

2068 717 2184 803 nes,
2203 750 2375 805 neque
2396 733 2537 787 aliud
2564 728 2786 798 aliquid,
2816 726 2909 780 sed
2932 724 3112 778 omnia
3130 722 3509 788 relinquuntur
3527 717 3649 789 (80)

2071 834 2139 886 ab
2172 828 2447 898 unigenito
2467 844 2480 881 :
2503 826 2618 895 ipse
2635 831 2810 876 autem
2836 817 2932 872 soli
2953 818 3040 871 uni
3068 824 3191 869 nato
3214 829 3315 868 non
3338 813 3476 868 cedit
3502 811 3645 885 (81).

2068 924 2182 979 Νοιι
2214 935 2402 978 sumus
2427 917 2593 973 Judaei
2613 955 2628 979 ,
2658 913 2981 968 conﬁtemur
3003 909 3146 963 enim
3166 907 3373 961 Filium.
3397 904 3513 958 Non
3548 921 3652 958 su-

2071 1032 2189 1071 mus
2217 1012 2442 1085 gentiles
2463 1053 2479 1075 ,
2515 1010 2641 1079 quia
2676 1021 2781 1061 non
2822 1004 3049 1058 dicimus
3073 1000 3270 1053 multos
3293 998 3495 1051 Patres.
3517 993 3603 1048 No
3634 1016 3645 1045 ι

2070 1122 2256 1164 sumus
2290 1104 2566 1166 haeretici,
2598 1101 2799 1155 scimus
2837 1097 2979 1153 enim
3021 1095 3304 1165 Spiritum.
3356 1093 3455 1147 Sed
3502 1091 3646 1160 quid

2071 1199 2299 1255 sumus?
2348 1198 2557 1267 Sponsa
2593 1192 2824 1247 viventis
2856 1190 3037 1258 sponsi
3089 1202 3185 1256 per
3235 1186 3496 1241 Christum
3534 1200 3643 1239 nos

2071 1306 2273 1347 sumus.
2309 1288 2365 1344 Si
2396 1303 2523 1359 ergo
2549 1302 2647 1340 nos
2675 1285 2763 1355 qui
2799 1299 2894 1353 per
2927 1282 3199 1337 Christum
3229 1294 3450 1341 sumus,
3481 1288 3639 1345 putas

2070 1385 2190 1453 quia
2220 1385 2332 1451 ipse
2373 1397 2475 1435 non
2507 1380 2629 1433 est?
2652 1394 2715 1433 ea
2739 1392 2858 1445 qua!
2887 1392 2983 1445 per
3023 1374 3197 1443 ipsum
3235 1380 3363 1425 sunt
3388 1381 3598 1424 manent
3623 1409 3638 1435 ,

2072 1486 2125 1530 et
2156 1478 2264 1545 ipse
2291 1474 2449 1528 linem
2483 1472 2644 1526 habet
2674 1479 2734 1524 ut
2761 1468 2975 1539 quidam
3003 1463 3323 1521 insaniunt?
3360 1460 3472 1517 Non
3498 1462 3643 1515 enim

2076 1567 2308 1637 acquirit
2340 1565 2484 1619 aliud
2513 1562 2657 1632 quod
2690 1576 2792 1615 non
2816 1568 2936 1614 est:
2970 1573 3073 1613 non
3126 1556 3390 1621 assumit,
3444 1555 3537 1609 sed
3592 1563 3651 1607 et

2071 1663 2211 1731 quod
2242 1669 2323 1715 est
2352 1656 2633 1713 abscondit
2690 1672 2702 1707 :
2765 1653 2867 1707 hoc
2892 1651 3032 1706 enim
3073 1646 3359 1719 signiﬁcat,
3388 1645 3469 1698 Da
3496 1644 3645 1706 mihi.

2072 1754 2228 1809 Pater
2257 1769 2276 1809 :
2306 1754 2397 1807 sed
2429 1765 2531 1804 non
2550 1745 2751 1817 aliquid
2782 1759 2979 1798 novum
3003 1742 3132 1810 petit
3156 1740 3278 1794 :sed
3307 1738 3446 1809 quod
3464 1736 3647 1801 habui,

2071 1846 2271 1916 inquit,
2322 1843 2461 1914 apud
2507 1852 2595 1905 te,
2643 1840 2713 1892 da
2754 1837 2880 1890 mihi
2933 1835 2998 1888 ⁷⁸.
3048 1832 3164 1887 Νοιι
3199 1832 3342 1893 enim
3393 1829 3651 1893 habes,o

2075 1940 2320 2002 Domine,
2356 1935 2499 2005 quod
2527 1930 2804 1987 habebas?
2827 1929 2930 1983 Sed
2959 1926 3082 1996 quia
3106 1966 3123 1991 ,
3147 1926 3354 1994 inquit,
3387 1925 3649 1977 absconsa

2072 2040 2156 2087 est
2186 2044 2299 2084 mea
2328 2026 2536 2097 species
2566 2042 2578 2077 :
2608 2022 2733 2092 quia
2768 2036 2870 2074 non
2905 2027 3121 2088 apparet
3163 2030 3277 2068 mea
3309 2012 3497 2084 gloria.
3523 2010 3651 2065 Glo-

2073 2121 2256 2188 ri/ica,
2289 2117 2504 2187 inquit,
2534 2126 2683 2168 tuum
2733 2110 2935 2165 Filium
2981 2110 3048 2164 ".
3109 2108 3175 2160 Et
3219 2107 3345 2175 quid
3377 2104 3651 2174 respondit

2073 2211 2269 2267 Pater?
2298 2206 2619 2274 Gloriﬁcavi.
2649 2205 2704 2260 Si
2728 2203 2895 2273 igitur
2924 2198 3273 2270 gloriﬁcavit,
3300 2197 3428 2266 quid
3454 2196 3649 2260 queri!

2074 2300 2404 2376 glorilicari?
2429 2300 2535 2353 Sed
2568 2297 2701 2351 dicit
2724 2296 2884 2349 Pater
2908 2334 2923 2358 ,
2966 2290 3032 2346 Et
3082 2294 3270 2345 iterum
3322 2285 3643 2358 gloriﬁsabo.

2076 2399 2132 2452 Si
2158 2396 2269 2465 jam
2293 2391 2629 2465 gloriticasti,
2650 2388 2921 2458 quomodo
2953 2386 3145 2439 iterum
3172 2379 3474 2453 gloriﬁcus?
3498 2378 3641 2430 Num

2075 2489 2241 2543 addes
2262 2526 2277 2552 ,
2309 2485 2564 2555 quoniam
2591 2484 2659 2537 ab
2692 2482 2847 2536 initio
2889 2478 3163 2549 genuisti?
3190 2475 3299 2530 Non
3332 2472 3466 2526 addo
3501 2489 3515 2525 :
3544 2471 3643 2525 sed

2075 2592 2131 2639 et
2171 2596 2266 2651 per
2293 2594 2496 2650 corpus
2541 2575 2770 2632 ostendo
2820 2574 2922 2627 mei
2974 2571 3099 2625 Filii
3154 2569 3398 2640 gloriam.
3436 2562 3643 2625 Genui,

2076 2673 2416 2748 glorificavi,
2446 2681 2500 2727 et
2557 2671 2751 2725 iterum
2796 2667 3132 2738 gloriﬁcabo.
3183 2663 3400 2725 Palam,
3442 2658 3649 2726 inquit,

2078 2746 2220 2822 iacio
2247 2765 2391 2834 quod
2439 2771 2557 2819 erat
2612 2763 2957 2816 absconsum.
2993 2757 3123 2810 Nam
3158 2764 3212 2808 et
3248 2749 3532 2823 Apostolus
3568 2746 3652 2798 di-

2078 2860 2152 2915 cit
2181 2877 2195 2912 :
2228 2856 2297 2911 Ει
2318 2854 2723 2926 superexaltarit
2753 2867 2869 2905 eum
2891 2893 2904 2915 ,
2940 2859 2987 2901 et
3035 2848 3175 2901 dedit
3210 2847 3257 2899 ei
3287 2860 3473 2897 nomen
3512 2842 3651 2912 quod

2078 2960 2151 3004 est
2191 2966 2345 3019 super
2374 2963 2520 3001 omne
2550 2961 2734 3000 nomen
2783 2943 2853 2997 ’⁸.
2911 2940 3026 2995 Non
3089 2939 3372 3003 mercede,
3426 2946 3485 2989 ut
3532 2947 3653 3004 pote

409 3019 664 3087 Patrem,
694 3021 967 3075 imitemur
995 3034 1180 3089 pacem
1211 3035 1330 3089 quae
1349 3019 1459 3074 illic
1487 3029 1564 3073 est
1593 3020 1727 3089 (79).
1768 3020 1822 3073 Si
1859 3019 1977 3073 dili-

2079 3042 2416 3097 obedientite.
2447 3040 2718 3108 Scriptum
2754 3035 2895 3091 enim
2938 3043 3019 3089 est
3059 3029 3505 3101 quemadmodum
3528 3027 3654 3081 οιιιι..

412 3114 590 3182 gimus
625 3111 859 3177 Filium,
914 3125 1018 3165 non
1058 3119 1141 3165 est
1199 3110 1551 3180 dissensionis
1582 3111 1741 3165 Deus.
1798 3110 1975 3177 Nosti,

420 3205 553 3257 doce
586 3220 598 3255 :
630 3202 882 3273 ignoras,
932 3199 1178 3265 edocere.
1220 3199 1313 3255 Lis
1356 3203 1499 3255 enim
1553 3214 1729 3270 neque
1784 3203 1978 3269 docet,

419 3308 595 3364 neque
635 3294 882 3350 docetur.
933 3292 1088 3359 Quod
1139 3292 1580 3363 comprehendis,
1625 3293 1728 3347 hoc
1778 3307 1980 3361 quaere.

409 3385 694 3452 Invenisti,
726 3384 932 3456 gratias
963 3399 1082 3455 age.
1111 3383 1301 3451 Nosti,
1335 3384 1506 3440 trade.
1532 3384 1645 3456 Ego
1664 3395 1841 3440 autem
1868 3385 1982 3440 scio

407 3477 536 3547 quia
580 3477 777 3534 nescis.
813 3473 961 3531 Unde
992 3476 1109 3532 scio
1150 3478 1273 3547 quia
1302 3491 1400 3547 ego
1445 3478 1646 3533 nescio.
1682 3476 1833 3533 Unde
1882 3479 1984 3533 hoc

409 3569 540 3639 quia
566 3569 773 3638 ignoro.
812 3566 983 3622 Verax
1009 3567 1154 3623 enim
1191 3576 1275 3623 est
1310 3568 1403 3637 qui
1438 3568 1573 3623 dixit
1604 3585 1618 3623 :
1657 3565 1827 3621 Nemo
1882 3584 1977 3621 no-

407 3664 479 3716 vit
507 3661 574 3717 ".
605 3662 909 3717 Secundum
942 3662 1098 3717 istam
1135 3661 1298 3730 igitur
1344 3675 1562 3724 vocem,
1621 3661 1799 3715 omnis
1856 3660 1980 3731 qui-

409 3769 621 3824 cunque
642 3770 701 3810 se
728 3755 858 3810 dicit
888 3755 1029 3810 scire
1052 3756 1332 3809 mentitur.
1361 3752 1467 3808 Sed
1503 3753 1641 3809 l'orte
1682 3755 1816 3810 dicis
1835 3794 1850 3820 ,
1889 3754 1984 3809 Dei

411 3862 630 3914 sumus,
660 3855 713 3902 et
763 3862 869 3902 non
919 3848 1121 3902 scimus
1169 3857 1429 3916 quantum
1480 3856 1534 3901 et
1586 3849 1980 3918 pertingimns:

414 3940 518 3994 hoc
545 3940 721 3994 solum
754 3940 879 4009 quia
910 3949 995 3995 est
1024 3958 1040 3995 :
1078 3956 1183 3994 non
1217 3948 1394 3993 tamen
1427 3939 1602 4008 qualis
1645 3949 1696 3993 et
1724 3949 1982 4010 quantum

411 4040 515 4087 est.
542 4031 677 4099 Quia
706 4032 871 4103 igitur
899 4043 1019 4098 est,
1041 4032 1275 4099 scimus;
1310 4046 1413 4085 non
1442 4041 1616 4085 tamen
1646 4032 1838 4100 qualis.
1866 4031 1983 4087 Non

410 4124 554 4177 enim
584 4134 825 4178 nostrum
862 4131 945 4179 est
976 4137 1290 4177 mensurare
1315 4123 1803 4177 immensurabilem
1832 4138 1845 4177 :
1879 4139 1982 4176 non

412 4223 653 4270 nostrum
702 4214 1155 4284 comprehendere
1190 4213 1808 4285 incomprehensibilem.
1846 4214 1980 4268 Cum

411 4305 555 4361 enim
591 4307 851 4361 memoria
883 4307 949 4362 de
1002 4307 1111 4361 Deo
1158 4315 1275 4374 est,
1314 4322 1464 4361 mens
1528 4305 1777 4376 religiosa
1816 4306 1985 4360 intre-

2082 3133 2219 3188 divit
2249 3148 2419 3202 usque
2445 3132 2510 3185 ad
2540 3138 2771 3184 mortem
2797 3168 2811 3192 ,
2854 3134 3082 3181 mortem
3135 3133 3313 3177 autem
3344 3121 3537 3175 crucis.
3585 3117 3651 3170 Et

2082 3227 2204 3282 ideo
2227 3268 2241 3288 .
2270 3225 2474 3295 inquit,
2507 3224 2645 3277 Deus
2672 3217 3095 3289 supercxaltavit
3116 3230 3263 3270 eum.
3296 3214 3351 3267 Si
3401 3213 3520 3281 quis
3551 3227 3645 3263 au-

2084 3328 2188 3372 tem
2215 3317 2346 3370 dnre
2373 3314 2562 3384 legerit
2584 3326 2892 3373 sermones,
2925 3308 3063 3361 forte
3098 3303 3306 3375 putabit
3357 3304 3517 3357 istam
3566 3317 3653 3354 su—

2080 3407 2559 3481 perexaltationem
2594 3403 2896 3458 mercedem
2927 3413 3049 3455 esse
3081 3395 3426 3452 obedientiaz.
3454 3395 3531 3448 lta
3560 3410 3649 3463 pu-

2084 3510 2166 3555 tas
2187 3540 2203 3565 ,
2230 3501 2323 3554 sed
2358 3513 2462 3553 non
2489 3507 2539 3550 te
2566 3496 2842 3566 permittat
2874 3493 2946 3546 ita
2974 3490 3176 3545 sentire
3205 3491 3296 3558 qui
3332 3489 3447 3543 haec
3499 3486 3652 3543 dixit.

2082 3592 2174 3646 Ait
2196 3590 2342 3645 enim
2376 3608 2389 3643 :
2426 3588 2529 3654 Qui
2559 3586 2829 3649 ascendit,
2859 3587 2967 3653 ipse
2989 3592 3062 3637 est
3085 3592 3134 3637 el
3161 3582 3251 3652 qui
3278 3583 3546 3635 descendit
3586 3580 3654 3633 ".

2084 3682 2226 3753 Ergo
2246 3681 2645 3736 exaltaviteum
2674 3678 2765 3748 qui
2803 3678 3101 3733 descendit.
3131 3674 3245 3729 Non
3292 3683 3471 3728 tamen
3506 3693 3532 3726 a
3568 3675 3658 3728 de-

2082 3789 2265 3829 orsum
2295 3788 2513 3828 sursum
2547 3769 2792 3824 adduxit.
2827 3768 2934 3823 Sed
2962 3783 3082 3823 eum
3113 3766 3203 3835 qui
3233 3766 3509 3820 descendit
3531 3806 3546 3827 ,
3568 3765 3662 3818 ite-

2086 3881 2203 3919 rum
2256 3878 2474 3917 sursum
2533 3861 2851 3929 assumpsit.
2902 3858 3116 3912 Assnmi
3173 3857 3328 3921 dico,
3379 3871 3484 3910 non
3532 3856 3656 3922 quia

2085 3954 2317 4008 mundus
2368 3950 2708 4008 fraudabitur
2771 3967 2799 4003 a
2856 3950 3143 4021 pra‘sentia
3199 3948 3481 4017 unigeniti.
3541 3947 3654 4001 Non

2085 4054 2263 4115 potest
2300 4045 2531 4100 mundus
2583 4046 2699 4099 sine
2733 4042 3092 4113 gubernatore
3137 4040 3369 4104 salvari,
3413 4056 3515 4091 non
3560 4053 3653 4103 po—

2087 4139 2192 4185 test
2250 4130 2482 4185 mundus
2534 4138 2680 4184 stare
2726 4130 2771 4183 si
2821 4129 3104 4183 recesserit
3155 4127 3475 4195 unigenitus.
3543 4121 3647 4173 Sed

2086 4218 2223 4277 forte
2255 4220 2388 4275 dicis
2428 4239 2441 4274 :
2485 4218 2603 4273 Non
2649 4218 2849 4274 sufﬁcit
2901 4219 3044 4272 enim
3091 4216 3297 4272 Pater?
3344 4213 3458 4267 Non
3517 4214 3645 4279 quia

2086 4328 2192 4368 non
2224 4310 2519 4368 suﬁiciebat
2548 4310 2730 4375 Pater,
2763 4311 2883 4365 ideo
2912 4309 3098 4380 genuit
3135 4309 3325 4363 Filium
3366 4324 3378 4359 :
3407 4307 3498 4359 sed
3527 4306 3655 4373 quia

410 4397 1027 4452 niescatzintremescat
1053 4405 1108 4449 et
1128 4395 1461 4465 lingua.Non
1490 4396 1612 4465 quia
1632 4396 1797 4449 durus
1820 4395 1979 4462 Deus,
2016 4408 2059 4464 ι)
2088 4418 2193 4457 non
2243 4401 2579 4457 sumciebam
2628 4415 2689 4455 ea
2741 4416 2860 4470 quae
2910 4401 3051 4453 facta
3097 4410 3224 4454 ευηι
3269 4396 3493 4453 sufferre
3550 4412 3656 4450 non

409 4493 502 4543 sed
526 4487 945 4557 supereminenti
966 4486 1203 4541 bonitate
1227 4496 1311 4541 est
1350 4487 1638 4541 timendus.
1661 4485 1752 4540 Sol
1778 4488 1878 4541 iste
1895 4489 1987 4541 ob-

406 4589 598 4636 scurat
620 4578 827 4645 oculos,
859 4595 963 4634 non
990 4582 1116 4650 quia
1149 4579 1435 4642 obscurus,
1471 4580 1567 4632 sed
1598 4578 1722 4646 quia
1757 4579 1984 4633 multum

400 4684 493 4729 'cst
518 4673 719 4730 clarus.
740 4672 957 4727 EtDcus
985 4670 1276 4735 timendus,
1295 4670 1420 4738 quia
1441 4667 1663 4722 multum
1689 4679 1768 4722 est
1788 4668 1979 4721 bonus.

407 4768 600 4838 Cogita
634 4766 774 4838 apud
807 4774 857 4820 te
901 4764 996 4834 qtti
1042 4762 1117 4818 sis
1150 4762 1388 4816 humilis.
1435 4761 1550 4816 Non
1593 4762 1735 4815 enim
1784 4762 1982 4814 audisti

411 4871 537 4911 eum
568 4855 835 4912 dicentem
871 4871 886 4909 :
920 4851 1021 4907 Vos
1047 4867 1111 4906 ea:
1132 4850 1466 4919 inferioribus
1494 4852 1617 4904 estis
1639 4890 1653 4915 ,
1684 4867 1776 4920 ego
1811 4861 1982 4905 autent

413 4952 478 5002 de
507 4949 860 5019 superioribus
904 4960 1019 4999 sum
1073 4943 1167 4995 “?
1213 4942 1345 4996 Nam
1400 4951 1655 5012 quantum
1703 4942 1896 4997 coelum
1957 4958 1986 4995 a

418 5052 561 5095 terra
593 5042 792 5107 distat,
826 5048 1029 5094 tantum
1061 5048 1111 5093 et
1147 5054 1176 5091 a
1209 5038 1362 5091 nobis
1389 5036 1546 5090 Deus.
1579 5034 1645 5088 Et
1678 5044 1825 5088 certe
1846 5034 1988 5088 scri-

418 5144 565 5202 ptum
593 5144 709 5188 est:
745 5134 1010 5199 Quantum
1051 5132 1209 5184 distat
1262 5127 1444 5182 caelum
1474 5144 1505 5180 a
1551 5136 1724 5191 terra,
1781 5138 1982 5179 tantum

419 5226 515 5283 via:
540 5244 665 5283 mea:
695 5245 728 5281 a
757 5228 850 5281 viis
880 5227 1060 5281 vestris
1087 5226 1155 5276 7'.
1189 5220 1260 5277 Ut
1286 5221 1354 5276 ad
1400 5236 1499 5275 nos
1547 5233 1644 5273 vox
1673 5218 1788 5271 haec
1840 5217 1981 5270 dicta

490 5326 537 5357 '°
564 5321 720 5378 Joan.
752 5340 788 5389 ι,
816 5322 902 5377 18.
977 5321 1020 5354 ⁷³
1066 5318 1222 5375 Joan.
1253 5334 1367 5382 νιιι,
1404 5315 1494 5372 25.

419 5395 468 5431 ’⁸
498 5395 695 5466 Ephous.
740 5410 813 5460 ιν,
840 5394 930 5448 10.

493 5537 606 5608 (79)
633 5537 733 5593 Ms.
777 5537 905 5600 Quo:
929 5537 1033 5592 illis
1069 5546 1165 5590 est.

493 5604 610 5676 (80)
635 5608 1030 5673 Relinquantur.
1078 5604 1486 5676 ’Artolsimmt,
1501 5610 1841 5676 superantur.

496 5673 608 5753 (8|)
638 5678 742 5734 Uni
773 5690 893 5732 nato
928 5692 1029 5731 non
1073 5679 1229 5729 cedit.
1275 5674 1585 5744 Lugendum
1641 5673 1852 5727 videtur
1897 5673 1984 5726 uni

1607 5315 1652 5345 τ’
1689 5312 1795 5367 lsa.
1827 5327 1925 5378 ιν,
1954 5312 2005 5366 9.

2086 4495 2201 4549 nati
2237 4494 2511 4559 virtutem,
2555 4492 2677 4548 ideo
2707 4509 2804 4562 per
2834 4494 3185 4547 mediatorem
3230 4491 3487 4561 loquitur.
3519 4488 3661 4555 Qua-

2087 4600 2147 4639 re
2184 4602 2198 4640 :
2237 4585 2326 4653 qui
2357 4583 2467 4652 (82)
2500 4600 2603 4638 non
2633 4594 2941 4650 poteramus
2975 4584 3336 4654 proliinquare
3359 4598 3463 4637 non
3493 4592 3617 4635 noto
3644 4599 3656 4635 :

2089 4692 2185 4747 per
2220 4678 2357 4729 viam
2409 4677 2572 4747 igitur
2606 4678 2875 4739 hortatur,
2915 4687 2971 4729 et
3018 4693 3111 4747 per
3140 4677 3360 4743 jauuam
3397 4685 3574 4741 vocat,
3606 4684 3662 4728 et

2088 4782 2184 4835 per
2215 4765 2394 4821 lumen
2444 4767 2681 4820 adducit.
2737 4767 2998 4822 Mediator
3038 4778 3217 4820 autem
3250 4765 3443 4831 Filius,
3476 4775 3530 4819 et
3564 4781 3660 4833 po-

2094 4855 2240 4908 nitur
2264 4855 2349 4910 lex
2375 4874 2388 4909 :
2429 4857 2698 4911 mediator
2726 4854 2915 4919 Filius,
2946 4867 3001 4911 et
3024 4856 3321 4924 loquuntur
3346 4857 3657 4925 praphetazz

2094 4947 2363 5001 mediator
2408 4947 2597 5013 Filius,
2652 4959 2705 5003 et
2741 4949 3061 5019 praedicatur
3105 4947 3509 5002 Testamentum
3548 4945 3659 5001 Noe

2096 5055 2218 5092 vum
2248 5054 2306 5095 et
2351 5041 2607 5111 impletur
2652 5040 2817 5095 Vetus
2858 5061 2869 5095 :
2921 5043 3185 5095 mediator
3216 5040 3405 5101 Filius,
3436 5051 3491 5094 et
3526 5040 3663 5092 ﬁunt

2093 5130 2264 5199 angeli
2294 5150 2306 5185 :
2342 5134 2606 5186 mediator
2656 5132 2845 5197 bilius,
2898 5141 2954 5185 et
3010 5140 3265 5184 creantur
3295 5129 3607 5198 archangeli
3643 5149 3657 5182 ;

2092 5226 2357 5279 mediator
2386 5224 2582 5290 Filius,
2628 5233 2685 5279 et
2728 5235 2946 5279 creator
2995 5224 3171 5276 omnis
3206 5233 3437 5285 naturae,
3473 5233 3527 5275 et
3560 5238 3663 5289 gn-

2084 5317 2131 5348 ⁷³
2162 5319 2317 5374 Joan.
2350 5337 2459 5375 xvn
2484 5362 2499 5389 ,
2544 5321 2597 5375 5.
2676 5320 2720 5350 ⁷⁸
2753 5319 2904 5373 Joan.
2940 5332 3011 5371 xtl
3034 5357 3047 5383 ,
3069 5316 3156 5370 ‘28.
3189 5317 3234 5347 ⁷⁸
3266 5315 3459 5387 Philip.
3491 5331 3529 5371 tt
3554 5356 3570 5381 ,
3603 5315 3658 5369 9.

2094 5548 2193 5585 non
2219 5540 2342 5584 nato
2371 5533 2524 5584 cedit.

2162 5604 2269 5673 (82)
2300 5603 2472 5667 Quare
2504 5616 2519 5653 :
2551 5600 2662 5669 qui,
2708 5599 2748 5665 f.
2776 5598 2974 5667 quare?
3002 5595 3145 5665 quia,
3188 5606 3293 5650 etc.
