4050 6206
391 249 534 307 £057

1237 242 1324 297 DE
1362 242 1516 298 FIDE
1555 242 1925 301 ADVERSUS
1967 242 2375 302 SABELLIUM.
2411 276 2478 287 —-
2517 247 2645 303 LIB.
2682 246 2751 303 Ι)

3488 252 3632 313 1058

378 368 669 434 bernatnr,
700 378 754 423 et
785 367 1039 422 salvator.
1070 362 1186 418 Non
1219 366 1363 419 enim
1400 366 1607 418 creavit
1629 374 1682 419 et
1714 366 1954 418 dimisit:
1989 370 2031 425 Α
2062 365 2316 432 quinetnr
2350 366 2487 434 (83).
2520 366 2633 420 Viri
2665 377 2725 419 ut
2763 381 2882 421 sese
2907 368 3018 437 jam
3048 383 3153 422 non
3198 369 3434 424 incidant
3465 389 3478 423 :
3510 387 3632 425 mu-

378 464 508 533 quia
547 479 650 517 non
691 463 810 517 sine
850 459 1187 529 providentia
1221 466 1349 511 sunt
1389 473 1508 526 qua:
1536 467 1683 511 sunt.
1724 456 1839 510 Non
1870 466 1955 509 est

380 556 640 622 tatigatus
664 551 885 605 faciens.
906 546 1100 616 Neque
1131 557 1189 600 ut
1214 546 1477 610 volatilia,
1510 556 1565 599 ut
1592 547 1762 615 pisces
1789 558 1952 615 gene-

386 654 515 697 rant
554 643 792 714 quidem,
819 639 1134 707 relinquunt
1163 649 1366 691 autem.
1418 638 1481 690 Et
1509 648 1658 691 certe
1711 652 1808 691 nec
1851 636 1950 688 ista

383 742 645 806 generant
692 740 744 786 et
778 729 1059 784 dimittunt
1097 747 1111 783 :
1157 728 1251 784 sed
1294 728 1495 783 habent
1526 728 1864 798 diligentiam
1898 733 1955 779 et

384 835 629 897 pascunt.
669 824 724 876 Si
762 822 926 892 igitur
963 822 1065 876 ista
1105 822 1200 884 ita,
1236 821 1407 875 multo
1447 821 1617 888 magis
1652 835 1750 887 per
1788 834 1949 887 quem

386 926 563 972 creata
594 923 717 968 sunt
747 912 949 975 omnia,
971 927 1067 980 per
1102 912 1265 965 istum
1290 911 1469 963 omnia
1500 919 1553 964 et
1582 911 1953 979 gubernantur

385 1018 437 1062 et
482 1013 775 1075 pascuntur
822 1022 836 1056 :
884 1018 989 1057 non
1023 1012 1251 1056 vacante
1296 1000 1478 1063 Patre,
1507 1003 1600 1055 sed
1633 1008 1947 1055 annuente:

386 1108 658 1153 annuente
705 1107 911 1160 autem,
946 1110 1051 1149 non
1095 1095 1290 1158 oculis,
1340 1096 1432 1147 sed
1469 1104 1526 1146 ut
1564 1095 1718 1147 decet
1769 1092 1950 1144 incor-

385 1189 649 1259 poralem,
682 1189 755 1241 ita
780 1188 969 1241 annuit
1000 1198 1058 1240 ut
1094 1186 1191 1254 ipsi
1222 1188 1475 1269 decorum
1512 1193 1612 1238 est.
1655 1182 1825 1239 Filius
1849 1197 1948 1233 au-

384 1290 489 1334 tem
524 1278 771 1348 agnoscit
805 1288 863 1331 ut
898 1278 1091 1332 Filium
1138 1280 1291 1332 decet
1325 1296 1337 1330 :
1386 1291 1548 1344 opera
1594 1276 1772 1328 autem
1815 1273 1951 1326 (lunt

384 1380 444 1424 ut
474 1370 634 1425 Pater
659 1371 799 1433 vult,
836 1380 889 1424 et
920 1369 1089 1423 Filius
1116 1369 1410 1423 ministrat.
1441 1366 1566 1421 Haec
1603 1382 1702 1420 nos
1732 1375 1950 1434 oporte-

384 1467 477 1519 hat
524 1463 727 1517 dicere.
765 1461 878 1517 Ιιιιο
911 1478 1100 1517 omnes
1131 1477 1196 1517 ex
1235 1461 1534 1530 Scriptnris
1576 1459 1779 1529 legere.
1818 1458 1949 1523 Quis

382 1556 526 1610 enim
556 1569 675 1609 sum
709 1557 844 1625 ego?
876 1554 1003 1624 quid
1034 1555 1205 1608 habeo
1232 1553 1372 1623 quod
1406 1569 1510 1607 non
1563 1551 1788 1619 accepi?
1822 1548 1948 1603 Om-

385 1648 475 1701 nia
504 1647 647 1701 enim
686 1648 752 1700 ab
782 1661 909 1709 uno,
940 1656 991 1700 et
1022 1661 1117 1714 per
1155 1661 1318 1699 unum
1353 1656 1518 1710 sunt;
1561 1652 1617 1697 et
1654 1657 1774 1712 qum
1808 1640 1945 1695 facta

2064 456 2225 509 lieres
2254 465 2310 509 ut
2343 472 2449 509 non
2476 457 2543 509 ad
2571 457 2823 526 injuriam
2858 459 3201 512 deludantur.
3240 458 3425 525 Tauri,
3451 461 3626 529 vituli,

2060 554 2117 598 ut
2172 560 2276 600 non
2310 548 2460 599 varie
2508 547 2896 601 comburantur
2944 549 3075 619 (84).
3140 551 3354 615 Vinum,
3407 561 3465 603 ιιι
3521 566 3628 605 non

2059 639 2176 691 sine
2206 654 2367 691 causa
2399 639 2621 695 libetur.
2654 640 2846 701 Terra,
2894 656 3065 706 mare,
3098 651 3157 695 ut
3194 658 3299 695 non
3332 642 3630 696 immutatis

2059 728 2369 781 nominibus
2403 730 2699 784 adorentur
2745 749 2758 785 :
2805 731 2980 785 omnis
3023 733 3165 786 enim
3212 742 3406 786 natura
3441 742 3630 787 conta-

2058 819 2261 871 minata
2319 830 2451 873 est:
2502 822 2677 875 omnis
2738 833 2991 876 creatura
3050 823 3318 877 deificata.
3375 822 3480 876 Sed
3519 838 3625 875 non

2059 908 2306 977 despexit
2358 912 2401 963 is
2432 926 2526 979 per
2559 927 2717 981 quem
2774 921 2829 967 et
2879 913 3022 967 facta
3070 923 3215 967 sunt.
3271 914 3432 969 Venit
3478 914 3624 967 enim

2056 1001 2146 1069 qui
2198 1003 2538 1071 contingeret
2592 1019 2740 1059 sua:
2790 1005 2935 1059 venit
2990 1006 3078 1073 qui
3129 1006 3323 1060 malum
3353 1021 3622 1060 venenum

2058 1092 2295 1146 auferret
2338 1108 2351 1146 :
2395 1096 2542 1148 venit
2587 1096 2758 1163 ipsius
2815 1100 2940 1152 vitze
2994 1098 3349 1155 medicamen.
3379 1101 3623 1156 Mortuus

2054 1193 2135 1237 est
2167 1193 2223 1236 ut
2243 1185 2517 1239 occideret
2566 1196 2795 1241 mortem
2826 1205 2840 1242 :
2869 1190 3260 1244 condemnatus
3285 1202 3369 1245 est
3401 1203 3458 1244 ut
3486 1204 3622 1245 con.

2054 1276 2339 1330 demnaret
2365 1278 2754 1346 corruptelam.
2784 1279 3090 1336 Coronatus
3118 1292 3201 1337 est
3229 1283 3416 1350 spinis,
3439 1292 3497 1335 ut
3521 1296 3621 1336 nos

2054 1381 2158 1420 non
2216 1367 2538 1423 haberemus
2588 1371 2774 1439 spinas
2812 1388 2825 1425 :
2867 1373 3103 1441 suscepit
3156 1372 3494 1427 maledictum
3527 1386 3623 1441 per

2052 1474 2289 1522 crucem,
2336 1469 2392 1512 ut
2426 1476 2525 1516 nos
2571 1463 2969 1531 susciperemus
3003 1466 3433 1519 benedictionem
3469 1480 3622 1517 mun-

2053 1549 2195 1602 dam.
2230 1548 2345 1604 Non
2377 1566 2597 1620 possum
2625 1554 2806 1608 dicere
2829 1565 3086 1623 quantum
3116 1556 3288 1624 sapio.
3324 1554 3437 1608 Non
3489 1570 3611 1624 pos-

2053 1656 2171 1696 sum
2224 1658 2415 1712 sapere
2472 1657 2732 1714 quantum
2801 1648 3055 1717 possibile
3105 1658 3209 1702 est.
3276 1647 3332 1703 Si
3387 1662 3618 1715 sapnero

386 1749 533 1801 sunt,
566 1746 619 1792 et
663 1752 783 1806 qua:
815 1747 962 1791 recte
996 1737 1271 1790 dicuntur.
1313 1735 1520 1802 Quanta
1562 1749 1695 1788 sane
1731 1732 1946 1787 miseri-
1980 1752 2022 1807 Β
2051 1743 2315 1801 quantum
2372 1736 2628 1805 possibile
2676 1747 2792 1801 est,
2849 1754 2953 1792 non
3017 1740 3273 1808 pervenio
3326 1748 3383 1793 ut
3441 1738 3616 1793 dicam

387 1830 573 1885 cordia
623 1838 705 1884 est
754 1829 887 1883 Dei?
928 1830 1111 1898 genuit
1160 1829 1377 1895 Filium,
1422 1829 1545 1898 quia
1592 1828 1765 1882 bonus
1808 1835 1891 1880 est
1928 1844 1942 1880 :

386 1920 593 1976 creavit
628 1921 878 1976 universa
932 1938 1028 1990 per
1078 1921 1274 1991 ipsum,
1320 1922 1444 1991 quia
1495 1919 1810 1975 benefactor
1838 1927 1942 1973 est.

388 2012 697 2068 Erravimus
723 2024 777 2068 et
807 2030 909 2066 non
937 2014 1205 2084 despexit,
1231 2014 1536 2069 cecidimus
1567 2022 1749 2067 etnon
1792 2024 1946 2080 spre-

387 2108 486 2170 vit,
517 2107 609 2162 sed
645 2108 789 2162 misit
830 2105 1023 2160 Filium
1071 2123 1227 2163 suum
1267 2107 1634 2168 obedientem,
1670 2113 1729 2157 ut
1773 2104 1947 2158 salva-

386 2208 470 2254 ret
516 2199 786 2253 hominem
818 2198 1239 2257 inobedientem.
1280 2199 1425 2253 Misit
1471 2199 1587 2253 sine
1619 2207 1861 2264 peccato,
1888 2204 1948 2250 ut

385 2298 667 2344 revocaret
696 2303 816 2342 eum
848 2289 937 2358 qui
966 2298 1286 2359 peccaverat
1314 2307 1329 2343 :
1371 2289 1517 2343 misit
1553 2272 1749 2342 Filium
1789 2302 1944 2342 suum

380 2381 668 2437 facientem
718 2380 934 2450 placita,
988 2390 1045 2435 ut
1075 2381 1314 2435 salvaret
1348 2395 1562 2435 servum
1593 2380 1816 2434 obedire
1850 2394 1947 2431 no-

380 2473 605 2530 lentem.
641 2472 785 2527 Misit
822 2472 1109 2542 justitiam,
1158 2481 1217 2526 ut
1251 2471 1561 2526 auferretur
1606 2482 1888 2541 peccatum
1926 2489 1939 2525 :

382 2565 533 2620 misit
560 2564 752 2624 vitam.
784 2575 840 2618 ut
871 2579 1018 2618 mors
1059 2573 1387 2618 moreretur.
1426 2562 1571 2616 Misit
1603 2563 1690 2631 qui
1727 2579 1754 2616 a
1782 2579 1864 2628 se,
1890 2572 1947 2618 ut

380 2656 727 2712 salvarentur
749 2655 838 2725 qui
866 2663 1023 2709 erant
1054 2670 1119 2708 ex
1150 2654 1387 2708 homine.
1423 2653 1564 2707 Misit
1601 2669 1723 2709 eum
1751 2655 1842 2724 qui
1876 2670 1943 2708 ex

385 2746 630 2816 Virgine,
670 2755 726 2798 ut
774 2744 1113 2798 salvarentur
1155 2744 1189 2798 ii
1238 2745 1326 2815 qui
1362 2758 1430 2800 ex
1461 2743 1685 2799 muliere
1728 2744 1944 2799 fuerant

384 2838 603 2907 perditi.
652 2837 794 2890 Misit
828 2839 879 2890 in
918 2838 1089 2907 figura
1130 2838 1258 2901 viri,
1292 2845 1347 2890 ut
1392 2836 1694 2891 salvaretur
1726 2836 1815 2906 qui
1850 2852 1945 2906 pe-

384 2929 557 2981 rierat
597 2927 704 2980 vir.
735 2927 868 2980 Cum
919 2926 1220 2982 latronibus
1256 2926 1436 2997 figitur
1473 2927 1642 2990 cruci,
1677 2935 1735 2981 ut
1784 2942 1943 2995 para-

386 3021 536 3073 disus
575 3028 629 3073 et
662 3018 965 3072 latronibus
1010 3018 1327 3087 aperiretur.
1363 3018 1550 3089 Cogita
1602 3018 1940 3088 dignitatem,

2052 1835 2285 1895 quantus
2315 1837 2420 1882 est.
2450 1829 2833 1884 Inenarrabilis
2863 1831 3005 1885 enim
3055 1841 3110 1885 et
3156 1830 3618 1900 incomprehensi-

2053 1920 2177 1975 bilis
2202 1918 2362 1974 Patcr
2388 1930 2494 1977 est.
2520 1919 2668 1976 Talis
2694 1933 2875 1976 autem
2904 1933 2957 1978 et
3005 1921 3175 1978 Filius
3205 1924 3372 1993 ipsius
3415 1923 3612 1978 Patris.

2053 2011 2110 2067 Si
2136 2011 2279 2066 enim
2317 2012 2387 2066 ob
2416 2013 2496 2067 sui
2530 2014 2957 2069 misericordiam
2989 2031 3085 2069 nos
3111 2017 3421 2086 assumpsit,
3471 2017 3613 2071 inte-

2053 2099 2250 2153 rimere
2280 2114 2403 2153 eum
2431 2100 2687 2155 debemus
2711 2103 2799 2173 qui
2827 2118 2923 2157 nos
2953 2104 3167 2159 salvat?
3193 2107 3319 2176 quid
3354 2107 3457 2162 hoc
3487 2107 3614 2162 mali

2051 2201 2133 2246 est
2167 2192 2237 2245 ita
2289 2192 2534 2247 homines
2567 2193 2634 2247 de
2660 2193 2798 2248 Filio
2829 2195 3069 2249 sentire?
3124 2195 3336 2251 Maneat
3372 2208 3429 2251 ut
3474 2207 3611 2263 erat,

2052 2291 2107 2336 et
2152 2282 2204 2335 in
2249 2295 2476 2348 corpore
2508 2291 2561 2336 et
2600 2283 2651 2335 in
2685 2284 2949 2353 prresepio
2994 2301 3011 2339 ε
3050 2285 3180 2339 nihil
3226 2286 3427 2340 humile
3457 2287 3522 2342 de
3549 2301 3615 2343 eo

2052 2372 2277 2437 sentias,
2306 2372 2395 2441 qui
2435 2382 2485 2426 te
2511 2373 2788 2439 exaltavit,
2835 2373 2966 2427 nihil
2997 2374 3266 2442 abjectum
3305 2386 3398 2430 aut
3428 2377 3617 2432 incon-

2052 2498 2266 2552 gruum.
2299 2481 2416 2537 Noli
2448 2496 2704 2551 spernere
2735 2481 3073 2537 Salvatorem
3106 2494 3275 2539 tuum.
3306 2483 3362 2539 Si
3394 2486 3614 2555 quidem

2051 2576 2261 2629 etiamsi
2293 2576 2456 2629 verbo
2501 2590 2623 2629 eum
2672 2575 2956 2629 humiliare
2997 2576 3248 2639 volueris,
3283 2589 3471 2631 natura
3507 2594 3613 2633 non

2054 2666 2381 2721 transfertur
2410 2667 2475 2719 ad
2525 2674 2667 2718 tuam
2721 2666 2977 2734 linguam.
3028 2668 3083 2721 Si
3120 2675 3298 2721 autem
3344 2679 3397 2722 et
3446 2670 3615 2725 abne-

2051 2756 2358 2827 gaverimus
2387 2770 2529 2820 eum,
2568 2757 2678 2833 ipse
2709 2756 2880 2810 fidelis
2912 2768 3090 2812 manet
3116 2767 3167 2812 et
3202 2774 3398 2830 negare
3424 2774 3482 2814 se
3505 2774 3611 2816 non

2052 2858 2227 2920 potest
2258 2867 2272 2904 :
2306 2851 2407 2904 hoc
2434 2859 2538 2914 est,
2581 2865 2609 2901 a
2634 2850 2851 2919 propria
2889 2861 3078 2904 natura
3112 2867 3215 2906 non
3250 2854 3477 2907 excidit.
3505 2852 3612 2909 lste

2051 2943 2205 2997 nobis
2248 2943 2411 2996 Pater
2440 2958 2542 2997 non
2580 2953 2736 2997 natus
2780 2952 2886 3008 est,
2917 2958 3053 2998 unus
3095 2944 3242 3001 solus
3272 2961 3375 3001 non
3428 2957 3608 3015 natus,

2053 3048 2155 3086 non
2189 3034 2255 3087 ab
2286 3033 2412 3095 alio,
2447 3048 2544 3087 nec
2576 3046 2642 3087 ex
2672 3032 2797 3086 alio.
2845 3031 2995 3102 Saepe
3026 3033 3145 3088 dico
3187 3036 3393 3091 eadem.
3426 3037 3610 3106 Siqui-

372 3112 667 3177 ctmstima
696 3109 1119 3182 magnitudinem
1145 3112 1348 3180 gratiae.
1368 3110 1447 3165 Me
1464 3112 1607 3165 enim
1629 3128 1690 3165 ex
1723 3110 1946 3166 muliere
1974 3109 2014 3165 C
2049 3125 2166 3178 dem
2198 3132 2252 3178 et
2275 3122 2510 3178 Joannes
2539 3123 2630 3192 qui
2662 3126 2726 3177 (ιε
2755 3123 2892 3179 Filio
2917 3125 3057 3178 dixit
3083 3126 3137 3178 θη
3176 3128 3433 3196 principio
3471 3139 3609 3195 παρ’

382 3204 553 3263 nasci,
584 3212 677 3255 aut
726 3212 796 3265 te,
843 3218 948 3255 non
984 3217 1142 3271 supra
1190 3212 1438 3254 naturam
1476 3210 1576 3254 est.
1622 3200 1948 3254 Manducare

382 3304 473 3347 aut
501 3295 702 3353 bibere,
724 3294 963 3347 det-mire
989 3302 1037 3346 et
1074 3308 1316 3362 surgere,
1335 3304 1387 3345 et
1421 3293 1473 3344 in
1508 3291 1768 3360 praesepio
1794 3291 1942 3359 poni,

381 3388 511 3440 nihil
538 3387 658 3440 novi
685 3387 726 3441 si
768 3386 1014 3439 homines
1042 3399 1102 3438 ea
1125 3400 1244 3454 quae
1266 3395 1392 3439 sunt
1425 3385 1698 3439 hominum
1726 3385 1944 3452 patiun-

381 3491 485 3532 tur.
519 3481 656 3545 Quid
681 3489 858 3533 autem
889 3495 1109 3542 novmn,
1133 3480 1261 3548 quid
1286 3477 1619 3541 admirabile,
1648 3476 1775 3545 quid
1804 3492 1940 3545 pra:-

377 3571 619 3641 cipunm,
659 3573 789 3641 quid
832 3584 1074 3626 nostrum
1104 3572 1342 3625 debitum
1375 3569 1765 3638 irrepensabile
1797 3568 1944 3622 Deo?

379 3665 478 3730 Qui
521 3665 665 3718 misit
699 3665 837 3719 Deus
869 3648 1064 3718 Filium
1096 3680 1276 3728 suum,
1311 3663 1457 3718 misit
1484 3662 1644 3716 Pater
1686 3660 1944 3729 Unigeni-

381 3769 514 3822 tum,
553 3758 699 3811 misit
730 3772 832 3810 non
866 3766 1025 3810 natus
1056 3755 1390 3825 progeniem,
1429 3754 1573 3807 misit
1600 3753 1940 3807 obedientem

382 3853 577 3915 bonus,
614 3850 764 3905 misit
801 3850 1068 3919 justitiam
1112 3849 1201 3917 qui
1231 3850 1433 3916 genuit.
1462 3844 1573 3900 Cur
1602 3844 1785 3899 misit?
1820 3859 1943 3914 pro-

376 3952 498 4012 pter
551 3951 887 4011 peccatores.
944 3939 1053 3994 Cur
1103 3938 1291 3993 misit?
1342 3948 1563 4007 propter
1615 3937 1787 3990 Adam
1848 3935 1940 4004 qui

380 4034 689 4089 mandatum
724 4035 1069 4104 contempsit.
1100 4030 1263 4087 Venit
1291 4046 1420 4100 ergo
1457 4030 1549 4100 qui
1600 4029 1836 4084 obedivit
1873 4030 1941 4083 ad

380 4128 493 4182 haec
528 4144 541 4181 :
577 4138 633 4181 et
666 4126 941 4196 judicatur
966 4125 1131 4192 judex
1161 4126 1229 4178 ob
1258 4124 1675 4178 condemnatum
1712 4138 1725 4175 :
1765 4120 1941 4173 cruci-

378 4221 561 4289 figitur
588 4220 691 4274 vita
716 4235 812 4289 pro
838 4229 1050 4272 mortuo
1083 4234 1096 4269 :
1120 4226 1418 4271 coronatur
1439 4213 1608 4283 spinis
1634 4211 1935 4282 gloriosus:

377 4311 512 4366 bibit
548 4310 637 4374 fel,
673 4310 791 4363 foris
828 4310 1021 4364 dulcis.
1054 4306 1192 4375 Quid
1246 4307 1580 4361 inveniemus
1624 4303 1689 4356 ad
1742 4318 1938 4372 reprae-

374 4403 731 4458 sentandum?
764 4402 1033 4473 quomodo
1080 4417 1300 4472 agemus
1352 4399 1592 4471 gratias?
1624 4396 1738 4452 Non
1783 4397 1932 4453 suﬂi-

372 4499 519 4552 ciunt
551 4497 740 4566 lingua:
773 4507 1114 4559 nostrze,non
1149 4494 1503 4559 ora,etiamsi
1532 4491 1734 4546 fuerint
1766 4492 1930 4545 mille.

370 4588 485 4642 Non
514 4588 803 4644 sullicimus
850 4603 970 4653 nos,
1009 4587 1286 4655 adjutores
1311 4600 1637 4657 quaeramus.
1667 4584 1935 4653 Adjuvent

372 4696 469 4736 nos
500 4683 672 4751 angeli
708 4700 722 4736 :
769 4682 1048 4736 nobiseum
1091 4684 1321 4751 gratiam
1354 4682 1582 4736 reddant
1615 4689 1670 4734 et
1701 4683 1934 4735 archan-

371 4773 496 4840 geli,
554 4788 611 4828 ut
666 4784 722 4829 et
767 4774 867 4844 ipsi
926 4773 1215 4845 gaudeant.
1269 4771 1327 4826 Si
1367 4773 1582 4841 quidem
1644 4782 1697 4826 et
1751 4772 1931 4825 omnis

368 4877 620 4921 creatura
681 4879 867 4937 parata
908 4877 1010 4923 est.
1056 4867 1296 4922 Parturit
1327 4868 1470 4921 enim
1512 4876 1566 4920 et
1624 4866 1929 4934 ingemiscit

368 4968 424 5013 et
454 4971 731 5028 exspectat
764 4970 1001 5015 nostram
1037 4961 1285 5025 salutem,
1332 4968 1391 5012 ut
1421 4968 1474 5013 et
1517 4958 1630 5027 ipsa
1669 4958 1930 5013 liberetur

370 5064 404 5103 ιι
434 5052 633 5105 dolore.
670 5051 952 5106 Liberatur
980 5053 1124 5106 enim
1154 5064 1207 5107 et
1245 5051 1325 5106 sol
1355 5066 1421 5103 ne
1448 5051 1585 5104 ultra
1627 5050 1883 5103 adoretur
1911 5068 1924 5103 :

372 5156 426 5199 ει
484 5147 628 5211 luna,
692 5164 759 5202 ne
819 5149 933 5217 ipsa
986 5148 1404 5203 calumnietura
1458 5147 1710 5202 deitate:
1757 5148 1929 5202 stella:

365 5240 553 5305 etiam,
602 5251 658 5294 ut
705 5257 808 5294 non
841 5241 1274 5295 contaminentur
1319 5240 1509 5295 hostiis
1544 5260 1555 5295 :
1591 5252 1647 5294 nt
1673 5242 1783 5308 jam
1819 5258 1925 5297 non

366 5332 509 5385 male
558 5334 821 5388 conlletur
870 5344 1150 5404 argentum
1205 5352 1218 5388 :
1270 5349 1482 5400 aurum,
1520 5347 1575 5390 ut
1623 5352 1728 5392 non
1777 5339 1926 5394 coin-

1000 5448 1088 5502 ⁷⁸ι
1120 5448 1260 5503 Tim.
1284 5464 1357 5517 νι,
1396 5451 1479 5506 l6.

435 5562 546 5646 (83)
580 5563 679 5616 Ms.
708 5562 975 5621 Canﬂetur
998 5575 1287 5635 argentum,
1314 5582 1523 5638 aurum,
1560 5581 1614 5625 ut
1644 5590 1748 5628 non
1774 5577 1921 5630 coin-

360 5646 620 5703 qumetur.

438 5445 484 5479 "
519 5445 671 5503 Joan.
708 5464 840 5513 xvn,
871 5447 923 5502 5.

2047 3230 2154 3269 non
2211 3216 2395 3281 tacuit,
2445 3215 2536 3270 sed
2586 3215 2897 3285 frequenter
2952 3218 3053 3281 ait,
3108 3217 3260 3273 Erat.
3291 3219 3426 3287 Quid
3468 3222 3611 3275 enim

2045 3304 2188 3357 aliud
2241 3315 2295 3358 et
2349 3304 2569 3359 deberet
2621 3304 2769 3359 dici?
2816 3305 3018 3360 Domus
3079 3306 3209 3361 Dei?
3254 3310 3611 3379 quodcunque

2044 3393 2341 3447 dixerimus
2373 3403 2477 3459 est,
2506 3394 2647 3461 quod
2681 3410 2786 3449 non
2822 3396 2887 3449 de
2917 3395 3055 3450 Filio
3077 3407 3157 3450 est
3187 3415 3201 3450 :
3228 3399 3460 3454 alienum
3494 3401 3608 3472 (85)

2044 3500 2073 3539 a
2106 3488 2192 3540 die
2218 3496 2318 3540 est.
2370 3486 2605 3554 Spiritus
2651 3488 2702 3540 in
2752 3489 2929 3543 medio
2973 3499 3216 3543 nostrum
3247 3499 3330 3545 est
3365 3508 3379 3545 :
3425 3493 3468 3546 si
3503 3509 3607 3548 non

2044 3578 2308 3646 spiritalia
2333 3578 2495 3632 locuti
2527 3578 2811 3642 fuerimus,
2849 3580 3238 3635 contristamus
3277 3582 3525 3651 spiritum
3552 3586 3608 3640 in

2042 3686 2148 3739 quo
2201 3671 2394 3739 signati
2449 3687 2653 3726 sumus.
2713 3672 2897 3729 Gloria
2955 3672 3072 3737 Dei,
3104 3674 3308 3729 veritas
3350 3676 3467 3740 Dei,
3500 3691 3605 3731 non

2042 3764 2236 3832 quaarit
2262 3779 2291 3817 a
2333 3774 2385 3818 te
2417 3763 2619 3830 laudes,
2650 3766 2744 3820 sed
2775 3781 2873 3821 nec
2899 3764 2966 3819 ab
2989 3766 3214 3837 angelis.
3253 3766 3368 3847 Non
3397 3768 3515 3823 dico
3548 3781 3608 3825 ut

2041 3870 2070 3907 a
2109 3866 2179 3919 te,
2212 3855 2302 3909 sed
2331 3857 2525 3925 quaerit
2563 3873 2591 3911 a
2645 3868 2698 3913 te
2743 3868 2801 3911 ut
2851 3874 3115 3929 agnoscas
3148 3875 3268 3914 eum
3306 3878 3321 3915 :
3352 3862 3606 3929 prodesse

2040 3946 2184 4000 enim
2220 3948 2266 4002 ei
2300 3960 2475 4017 potes,
2510 3950 2553 4003 si
2586 3964 2708 4003 eum
2754 3952 3073 4020 agnoveris?
3122 3964 3213 4008 aut
3247 3954 3436 4009 lumini
3472 3970 3604 4026 pro-

2039 4038 2177 4103 dest,
2209 4053 2333 4094 cun‘.
2383 4042 2569 4094 vides?
2596 4051 2655 4095 ut
2682 4044 2923 4098 dicamus
2951 4046 3075 4115 quia
3116 4055 3165 4101 et
3198 4047 3306 4101 Deo
3347 4048 3604 4117 prodesse

2038 4140 2237 4199 potest.
2295 4132 2433 4185 Deus
2477 4132 2620 4185 enim
2651 4134 2760 4187 vult
2815 4144 2866 4189 te
2895 4151 3189 4207 agnoscere
3220 4152 3298 4193 se.
3346 4139 3599 4209 Cognitio

2037 4246 2181 4299 enim
2236 4246 2326 4300 Dei
2372 4259 2573 4302 mlerna
2614 4250 2720 4304 vita
2764 4260 2880 4318 est;
2933 4267 3037 4307 non
3074 4252 3207 4316 Deo,
3254 4255 3348 4308 sed
3395 4253 3479 4309 his
3507 4256 3599 4324 qui

2038 4348 2391 4406 cognoscunt.
2444 4339 2519 4394 lta
2547 4343 2689 4396 enim
2731 4352 2786 4398 et
2823 4345 3081 4400 Dominus
3112 4347 3445 4415 pronuntiat.
3470 4346 3598 4404 Hac

1967 4448 2010 4503 ι)
2039 4439 2112 4482 est
2141 4440 2318 4483 autem
2348 4431 2453 4484 vita
2481 4442 2699 4499 wterna,
2732 4443 2788 4487 ut
2817 4445 3130 4506 cognoscant
3160 4447 3207 4490 te
3231 4437 3399 4492 solum
3424 4456 3598 4493 verum

2040 4520 2224 4583 Deum,
2261 4534 2308 4575 et
2355 4540 2506 4593 quem
2559 4527 2752 4581 misisti
2794 4526 2976 4582 Jesum
3014 4527 3279 4583 Christum
3311 4531 3379 4585 ".
3428 4530 3601 4586 Verus

2041 4612 2179 4668 Deus
2221 4624 2305 4669 est
2360 4616 2519 4671 Pater
2564 4617 2617 4672 in
2672 4634 2737 4673 eo
2779 4621 2921 4690 quod
2973 4638 3077 4676 non
3116 4632 3271 4677 natus
3298 4631 3400 4678 est.
3430 4622 3599 4679 Verus

2036 4703 2206 4760 Filius
2234 4716 2316 4762 est
2342 4712 2393 4762 in
2419 4724 2483 4764 eo
2508 4711 2648 4778 quod
2679 4721 2760 4766 est
2789 4713 3110 4783 unigenitus.
3148 4712 3260 4768 Non
3282 4716 3422 4769 enim
3448 4731 3599 4770 men-

2038 4798 2250 4852 dacium
2295 4801 2476 4865 genuit
2506 4816 2683 4856 verus.
2738 4800 2845 4857 Sed
2892 4819 3050 4858 verus
3100 4803 3264 4859 Pater
3302 4805 3438 4859 Deus
3487 4821 3594 4861 non

2038 4900 2196 4943 natus
2230 4909 2243 4945 ;
2273 4907 2430 4946 verus
2476 4891 2614 4947 Deus
2644 4892 2811 4948 Filius
2854 4895 3181 4965 unigenitus.
3221 4894 3353 4950 Nam
3385 4906 3438 4951 et
3464 4896 3595 4954 illud

2036 4980 2177 5046 quod
2229 4981 2427 5034 dictum
2477 4992 2605 5036 est:
2648 4982 2802 5036 Solus
2854 4984 3005 5037 habet
3052 4984 3498 5039 immortalitatem
3524 4986 3589 5052 ⁷³,

2034 5085 2221 5124 verum
2253 5082 2352 5127 est.
2382 5076 2425 5126 Α
2453 5076 2745 5142 semetipso
2777 5074 2919 5129 enim
2949 5078 3095 5131 solus
3128 5077 3305 5131 habet.
3333 5077 3438 5131 Sed
3485 5077 3593 5134 sic-

2036 5176 2095 5221 ut
2142 5165 2300 5221 Pater
2335 5167 2500 5220 vitam
2554 5166 2713 5219 habet
2743 5166 2796 5221 in
2844 5168 3131 5237 semetipso
3185 5188 3196 5223 :
3235 5168 3305 5221 ita
3351 5180 3405 5223 et
3451 5168 3591 5225 Filio

2036 5259 2184 5314 dedit
2216 5258 2377 5314 vitam
2432 5259 2628 5313 habere
2680 5259 2731 5311 iu
2784 5259 3092 5326 semetipso.
3126 5257 3274 5314 Unus
3305 5275 3434 5329 ergo
3483 5276 3589 5316 non
3674 5324 3683 5332 ,

2034 5361 2217 5419 natus,
2253 5363 2309 5407 et
2355 5366 2492 5405 unus
2532 5350 2862 5418 unigenitus,
2906 5359 2961 5404 et
3008 5366 3144 5406 unus
3190 5352 3424 5423 Spiritus
3461 5369 3592 5412 san-
3687 5364 3699 5375 '

2101 5578 2213 5641 (84)
2252 5576 2351 5633 Ms.
2384 5576 2447 5632 Ut
2482 5596 2582 5632 non
2616 5597 2743 5634 vane
2775 5582 3134 5637 comburatur.

2103 5649 2210 5711 (85)
2252 5648 2294 5700 Α
2319 5652 2401 5703 die
2432 5661 2525 5703 est.
2553 5649 2717 5706 Forte
2743 5670 2773 5705 a
2799 5652 2903 5706 Deo
2927 5662 3024 5707 est.
3148 5650 3153 5657 ’
