4050 6206
492 260 632 318 1059

1190 250 1452 309 EUSEBII
1488 244 1855 307 CESARIE‘N
1864 246 1967 301 SIS
2001 244 2064 301 Ο]

2192 244 2372 299 PARS
2408 243 2498 298 IV.
2536 274 2607 284 -—
2644 237 3066 298 DOGMATICA.

3586 234 3733 290 1060

490 387 631 432 ctus.
648 372 771 427 Haec
787 369 1035 424 dicituna
1066 365 1303 420 Ecclesia
1328 364 1466 418 :hoc
1490 362 1847 429 consignatur
1882 358 1936 411 in
1965 372 2072 411 uno
2099 362 2148 420 Α
2174 358 2500 413 sentiantur.
2534 353 2639 409 Ista
2667 354 2810 409 enim
2835 361 2921 404 est
2952 359 3154 404 aeterna
3178 348 3311 401 vita.
3338 344 3395 399 In
3418 345 3505 401 bis
3523 347 3737 401 erimus

491 466 762 536 baptismo
789 480 805 517 :
832 463 945 515 haec
975 458 1174 525 scripta
1199 464 1325 509 sunt
1357 456 1409 507 in
1441 452 1701 522 sanguine
1732 459 2055 519 martyrum,

488 566 549 613 et
571 567 696 610 ante
732 561 1001 621 martyres
1046 548 1097 600 in
1128 545 1391 616 sanguine
1427 544 1651 598 Christi.
1689 538 1802 595 Nec
1835 553 2058 609 spernas

490 650 611 718 ejus
665 644 981 713 sanguinem
1007 638 1151 707 quod
1189 638 1266 689 tui
1320 646 1540 705 propter
1576 632 1777 688 eil‘usus
1808 642 1890 685 est
1921 630 2053 701 (86).

492 740 694 796 Eﬁ‘udit
727 737 870 791 enim
901 748 1056 787 suum
1093 729 1409 801 sanguinem
1452 726 1710 781 Dominus
1738 735 1795 776 ut
1821 723 2058 777 salvare-

492 836 594 897 ris,
626 840 682 887 et
711 840 767 883 tu
800 826 967 881 audes
995 841 1057 880 ea
1088 826 1267 878 delere
1304 836 1423 891 quae
1460 834 1556 888 per
1581 817 1900 887 sanguinem
1933 822 2058 869 sunt

490 922 732 994 scripta?
765 921 857 975 secl
883 919 1024 989 quod
1056 931 1152 987 per
1178 914 1491 984 sanguinem
1519 911 1778 979 scriptum
1806 919 1912 972 est,
1950 923 2054 961 non

492 991 724 1070 deletur.
753 1012 889 1066 Vide
915 1024 1046 1065 sane
1078 1023 1146 1062 ue
1175 1017 1229 1061 et
1270 1016 1328 1060 tu
1375 1006 1441 1059 de
1476 991 1613 1057 libro
1652 1003 1775 1056 vita:
1802 1002 2050 1057 delearis.

494 1106 669 1161 Adora
700 1119 866 1159 unum
921 1116 1027 1155 non
1075 1110 1282 1161 natum,
1322 1107 1376 1152 et
1407 1113 1570 1150 unum
1606 1096 1960 1165 unigenitum,
1993 1107 2059 1147 ne

493 1212 719 1267 spernas
747 1209 909 1250 unum
939 1192 1211 1262 spiritum.
1252 1191 1428 1244 Adora
1465 1189 1703 1251 Patrem,
1734 1196 1789 1240 et
1830 1187 2060 1241 salvabit

494 1299 548 1345 te
565 1288 733 1343 Filius
765 1306 779 1342 :
813 1287 975 1341 adora
1002 1284 1222 1347 Filium,
1246 1293 1299 1336 et
1323 1282 1580 1350 suscipiet
1603 1291 1654 1333 te
1688 1295 1781 1348 per
1805 1294 1925 1331 eum
1955 1279 2057 1332 Pa-

495 1391 597 1434 ter.
630 1380 899 1435 Conﬁtere
933 1378 1215 1447 Spiritum,
1242 1385 1296 1430 et
1340 1375 1577 1443 impertit
1605 1373 1718 1442 (87)
1750 1372 1843 1425 tibi
1888 1371 2058 1426 Filius

495 1474 776 1544 Spiritum.
845 1470 970 1526 Hzec
1030 1470 1302 1531 dicantur,
1366 1467 1479 1520 haec
1528 1466 1856 1534 cogitentur,
1931 1463 2050 1517 haec

2165 453 2283 508 sine
2324 450 2444 510 lite,
2477 446 2594 499 sine
2618 444 2820 511 iurgio,
2859 443 2977 496 sine
3021 439 3389 494 contentione.
3426 438 3506 491 Ad
3542 452 3737 507 pacem

2164 543 2310 598 enim
2338 553 2438 593 nos
2466 537 2680 590 vocavit
2703 535 2862 589 Deus.
2901 532 3019 601 Ipse
3054 532 3197 584 enim
3232 529 3484 584 Christus
3514 539 3599 583 est
3627 544 3736 596 pax

2163 644 2351 690 nostra
2404 651 2419 687 :
2470 631 2523 684 In
2569 630 2685 700 ipso
2721 626 2894 681 vocati
2928 638 3135 679 sumus.
3170 622 3307 688 Quid
3340 622 3564 675 dimissa
3602 634 3738 689 pace

2164 728 2287 781 lites
2347 720 2709 778 assumimus?
2767 720 2882 773 Non
2944 716 3141 771 audisti
3202 729 3325 769 eum
3384 714 3659 768 dicentem
3719 730 3735 767 :

2163 820 2354 875 Pacem
2406 832 2575 870 meam
2623 820 2692 867 do
2744 813 2917 876 vobis,
2972 825 3148 877 pacem
3198 822 3369 860 meam
3430 805 3736 874 derelinquo

2161 912 2303 966 vobis
2346 909 2434 962 τον
2466 909 2632 963 Suam
2674 920 2861 974 pacem
2894 905 2986 958 dat
3018 902 3175 957 nobis
3222 900 3499 962 Dominus,
3533 904 3589 952 et
3634 911 3737 952 nos

2158 1002 2335 1073 jurgia
2370 1015 2402 1054 e
2446 1008 2632 1053 contra
2670 996 2997 1051 inducimus.
3044 992 3194 1046 Finis
3235 1000 3412 1045 autem
3455 988 3737 1043 sermonis

2164 1096 2268 1148 iste
2302 1094 2392 1148 sit.
2424 1091 2608 1146 Gloria
2640 1090 2731 1143 uni
2771 1105 2876 1142 non
2926 1094 3052 1140 nato
3105 1085 3216 1139 Deo
3252 1098 3346 1152 per
3386 1096 3548 1135 unum
3603 1079 3738 1134 uni—

2165 1186 2401 1255 genitum
2454 1183 2619 1237 Deum
2661 1180 2853 1235 Filium
2902 1179 2995 1231 Dei
3046 1179 3097 1230 in
3129 1190 3237 1230 uno
3265 1174 3463 1244 Spiritu
3506 1182 3735 1235 sancto,

2163 1290 2217 1332 et
2246 1290 2387 1330 nunc
2406 1284 2461 1329 et
2494 1287 2705 1342 semper
2729 1282 2784 1326 et
2819 1286 2913 1340 per
2941 1268 3121 1323 omnia
3147 1265 3343 1321 sarcula
3386 1264 3732 1318 saeculorum.

2163 1371 2358 1425 Amen.

482 1734 486 1744 .
526 1708 3708 1774 ______________________________________.

1581 1921 1936 2010 LIBER
2009 1915 2657 2007 SECUNDUS.

567 2284 703 2349 Puto
726 2285 901 2338 adhuc
930 2295 1091 2335 aures
1123 2276 1360 2346 obstrepi
1396 2288 1544 2329 meas
1566 2288 1595 2326 a
1629 2272 1884 2327 memoria
1930 2270 2074 2325 beati
2105 2280 2148 2335 Β
2180 2268 2437 2324 Dominus
2485 2267 2713 2324 reddens
2756 2283 2972 2323 causam
3002 2267 3083 2322 sui
3115 2265 3379 2321 adventus
3408 2264 3461 2318 in
3504 2264 3728 2331 mundo,

500 2378 650 2432 illius
687 2376 785 2428 viri
821 2373 961 2443 (88),
988 2371 1079 2440 qui
1099 2369 1187 2421 illa
1216 2367 1460 2437 religiosa
1493 2364 1801 2432 frequenter
1829 2378 1957 2415 usus
1984 2370 2066 2415 est

498 2481 656 2520 voce.
682 2463 816 2518 Nam
849 2471 904 2516 et
931 2474 1089 2514 aures
1113 2468 1309 2511 vestrae
1330 2455 1507 2508 adhuc
1539 2453 1736 2506 bonum
1768 2450 1881 2513 (89)
1918 2450 2062 2502 illitis

478 2558 648 2613 (vocis
698 2554 956 2610 retinent.
993 2552 1130 2606 Puto
1181 2550 1323 2602 enim
1363 2561 1448 2600 me
1497 2545 1685 2598 audire
1715 2559 1834 2596 eum
1880 2543 2065 2595 dicen-

498 2658 606 2704 tem
643 2667 655 2700 :
687 2645 995 2716 Unigenitus
1031 2642 1123 2695 Dei
1162 2638 1337 2692 Filius
1364 2637 1431 2690 ⁸ο.
1460 2636 1594 2689 Ecce
1630 2633 1770 2687 enim
1799 2632 1908 2702 (90)
1940 2631 2066 2685 reli-

497 2743 645 2811 giosa
682 2754 787 2793 vox
816 2751 912 2807 per
934 2752 996 2787 os
1018 2736 1133 2801 ejus
1168 2745 1382 2799 semper
1408 2727 1774 2798 promebatur.
1808 2722 2065 2777 Memoria

498 2832 647 2886 enim
699 2838 818 2886 erat
864 2824 1141 2896 Unigeniti
1197 2823 1264 2876 ad
1318 2819 1544 2889 gloriam
1575 2832 1681 2871 non
1729 2817 1837 2869 nali
1868 2815 2065 2868 Patris.

498 2924 816 2979 Audivimus
865 2929 1042 2973 autem
1090 2914 1395 2985 apostolum
1444 2910 1843 2981 prmcipientem
1895 2907 2068 2961 hono-

500 3016 612 3072 rari
660 3011 860 3083 duplici
926 3011 1133 3065 honore
1188 3006 1383 3059 debere
1438 3002 1787 3072 presbyteros
1817 2998 1861 3030 ⁸⁸
1906 3012 1923 3050 :
1976 3012 2069 3051 eos

501 3105 735 3161 maxime
765 3103 856 3171 qui
883 3101 1136 3153 laborant
1160 3094 1214 3148 in
1242 3095 1407 3147 verbo
1431 3101 1486 3144 et
1508 3088 1771 3144 doctrina.
1799 3084 1899 3151 Qui
1923 3084 2067 3137 enim

499 3196 815 3268 pudicitiam
863 3192 1011 3253 colit,
1065 3191 1239 3243 bonus
1284 3194 1367 3241 est
1415 3183 1518 3239 sibi
1561 3201 1574 3237 :
1617 3190 1671 3236 et
1707 3180 1798 3249 qui
1834 3178 2067 3247 jejunat,

500 3288 666 3342 etiam
728 3285 773 3339 si
824 3284 1024 3338 bonum
1082 3279 1244 3335 faciat
1289 3292 1443 3345 opus,
1480 3285 1661 3330 tamen
1696 3274 1843 3327 sibi:
1887 3280 1943 3325 et
1977 3270 2069 3339 qui

500 3380 811 3444 miseretur,
847 3384 901 3431 et
951 3373 1056 3428 sibi
1095 3370 1525 3426 misericordiam
1571 3376 1748 3437 parat,
1787 3374 1843 3419 et
1886 3364 1934 3419 ei
1981 3362 2070 3417 cui

498 3498 728 3568 praebet.
760 3493 862 3562 Qui
894 3501 1073 3547 autem
1106 3489 1425 3560 religionem
1455 3483 1752 3542 secundum
1788 3481 2067 3537 veritatem

500 3590 677 3652 docet,
702 3596 758 3641 et
803 3585 905 3640 sibi
936 3584 1078 3636 viam
1127 3591 1385 3635 aeternam
1420 3576 1674 3646 acquirit,
1722 3582 1777 3627 et
1818 3572 2070 3625 omnibus

2165 2362 2441 2430 dicitquia
2482 2361 2600 2415 ideo
2632 2370 2789 2415 natus
2817 2376 2956 2421 sum,
3003 2370 3057 2414 et
3105 2360 3227 2412 ideo
3270 2357 3391 2412 veni
3425 2358 3476 2411 in
3524 2356 3729 2411 mundo

2166 2464 2226 2508 ut
2254 2464 2418 2507 tester
2441 2453 2678 2514 veritati,
2708 2462 2762 2507 et
2789 2463 2843 2505 tu
2872 2451 3100 2506 abnuis?
3129 2444 3261 2504 Nam
3299 2462 3352 2504 et
3372 2450 3556 2504 Petrus
3589 2450 3726 2502 bea-

2166 2554 2272 2607 tus,
2306 2546 2494 2599 beatus
2536 2545 2737 2599 dicitur
2770 2544 2839 2607 ⁸⁸,
2869 2558 2973 2597 non
3020 2543 3091 2597 ob
3114 2542 3388 2610 jejunium,
3438 2554 3609 2607 neque
3645 2538 3726 2592 ob

2166 2638 2308 2690 aliud
2363 2638 2580 2706 aliquod
2633 2653 2790 2706 opus,
2827 2638 2918 2691 sed
2974 2636 3097 2706 quia
3150 2635 3310 2688 Pater
3353 2632 3404 2686 ei
3458 2632 3732 2686 revelavit

2164 2728 2385 2782 Filium.
2422 2728 2486 2782 Et
2530 2710 2725 2783 iterum
2776 2728 2934 2782 Pater
2966 2728 3164 2795 ubique
3198 2726 3264 2781 de
3305 2725 3441 2780 Filio
3470 2732 3729 2778 testatur.

2166 2819 2298 2873 Nam
2342 2830 2397 2874 et
2451 2822 2503 2874 in
2554 2822 2820 2888 baptismo
2877 2818 3123 2882 Joannis,
3178 2827 3233 2869 et
3269 2820 3321 2869 in
3377 2823 3557 2868 monte
3591 2813 3730 2867 nihil

2166 2913 2308 2967 aliud
2336 2912 2706 2981 proclamavit,
2735 2911 2835 2965 nisi
2860 2926 2873 2963 :
2898 2909 2996 2963 llic
3027 2918 3103 2962 est
3136 2907 3308 2960 Filius
3333 2921 3476 2959 meus
3507 2905 3736 2958 dilectis-

2167 3008 2350 3070 simus,
2379 3007 2434 3058 in
2471 3022 2571 3074 quo
2610 3006 2732 3057 bene
2758 3002 3045 3070 complacui
3068 3001 3135 3055 ³⁸⁵.
3171 2998 3434 3054 Similiter
3460 3006 3514 3051 et
3534 2995 3735 3050 Paulus

2169 3102 2292 3152 dum
2332 3098 2551 3151 doceret
2594 3097 2811 3149 dicebat
2844 3114 2857 3149 :
2906 3092 3327 3146 Fundamentum
3369 3093 3516 3145 aliud
3545 3101 3735 3160 prater

2166 3207 2284 3244 eum
2305 3191 2394 3259 qui
2428 3197 2502 3242 est
2524 3190 2722 3255 positus
2760 3203 2908 3240 nemo
2951 3194 3114 3252 potest
3156 3199 3365 3250 ponere,
3393 3192 3583 3251 pra'ter
3616 3196 3735 3234 eum

2167 3282 2256 3349 qui
2307 3290 2378 3333 est
2426 3277 2663 3332 Christus
2713 3277 2868 3331 Iesus
2890 3275 2957 3330 ⁸⁸.
3017 3273 3076 3328 Si
3124 3275 3291 3344 igitur
3327 3274 3731 3327 fundamentum

2170 3372 2331 3426 fuerit
2356 3371 2584 3433 salvum,
2628 3380 2810 3437 sperat
2855 3367 3141 3422 aediﬁcatio
3186 3368 3321 3419 bene
3382 3365 3643 3435 proﬁcere
3674 3376 3735 3417 se

2168 3480 2328 3535 posse
2355 3482 2369 3517 :
2406 3465 2451 3519 si
2480 3464 2628 3516 radix
2660 3462 2822 3517 fuerit
2853 3478 3004 3523 sana,
3046 3474 3170 3528 spes
3194 3467 3281 3511 est
3316 3457 3527 3510 fructus
3549 3470 3611 3508 ex
3654 3467 3734 3507 ra-

2170 3559 2273 3611 mis
2305 3558 2567 3624 accipere.
2600 3557 2655 3609 Si
2683 3566 2863 3608 autem
2896 3555 3107 3607 inﬁrme
3124 3551 3285 3604 fuerit
3307 3548 3726 3610 fundamentum,

500 3683 591 3752 qui
618 3682 900 3735 docentur.
930 3675 1050 3730 Non
1085 3684 1169 3728 est
1200 3640 1530 3741 praeceptum
1557 3666 1816 3736 apostolis
1847 3675 1904 3717 ut
1937 3679 2066 3731 pau-
2092 3679 2135 3737 (ς
2171 3650 2221 3702 in
2270 3647 2512 3716 υθτῖευΙΟ
2562 3657 2688 3701 sum
2744 3660 2806 3700 ea
2854 3660 2973 3714 (ιιιίε
3027 3649 3488 3713 ειιρθνροηιιηιιινσ
3534 3640 3731 3693 Amm“

499 3787 660 3844 peres
704 3777 1011 3840 pascerent,
1047 3766 1138 3820 sed
1173 3774 1231 3817 ut
1276 3772 1330 3816 et
1376 3762 1474 3830 ipsi
1518 3766 1893 3827 pascerentur.
1924 3754 2070 3807 Reli-

501 3866 676 3938 gionis
700 3880 828 3935 ergo
858 3859 1170 3932 praedicatio
1207 3857 1374 3923 major
1400 3862 1482 3910 est
1504 3869 1530 3905 a
1556 3850 1923 3907 misericordia
1947 3864 2069 3918 qua:

500 3961 563 4016 ﬁt
605 3959 672 4013 ad
719 3957 965 4013 homines
997 3973 1010 4009 :
1040 3959 1253 4022 oportet
1299 3948 1441 4002 enim
1495 3946 1724 4015 primum
1762 3956 1920 3997 nosse
1945 3957 2065 3995 eum

501 4061 726 4124 propter
761 4062 922 4118 quem
964 4045 1097 4099 ﬁunt
1124 4058 1186 4096 ea
1219 4056 1337 4110 quae
1370 4040 1526 4101 ﬁunt,
1557 4046 1610 4091 et
1645 4036 1715 4089 ita
1757 4035 1933 4087 facere
1968 4032 2069 4085 mi-

501 4121 854 4196 sericordiam
885 4150 901 4189 :
952 4131 1321 4201 unusquisque
1349 4129 1492 4181 enim
1520 4127 1611 4195 qui
1658 4134 1934 4192 operatur,
1964 4121 2068 4176 sibi

503 4212 738 4305 acquirit
769 4244 901 4298 Opus
933 4244 947 4280 :
984 4223 1296 4292 praedicatio
1320 4230 1499 4272 autem
1543 4216 1787 4269 veritatis
1817 4214 1933 4267 hate
1961 4221 2066 4275 est,

502 4304 723 4396 propter
760 4336 919 4391 quam
952 4329 1004 4372 et
1036 4316 1203 4369 Filius
1235 4312 1381 4366 venit
1418 4312 1470 4363 in
1506 4322 1751 4375 corpore.
1791 4304 1903 4359 Non
1932 4305 2070 4358 dixit

508 4392 789 4475 Dominus,
816 4409 964 4463 Beati
994 4404 1135 4461 oculi
1164 4417 1353 4455 eorum
1402 4398 1493 4468 qui
1545 4395 1810 4462 jejunaut,
1859 4392 1953 4446 sed
1991 4392 2070 4443 vi-

504 4507 768 4567 dentium,
789 4502 986 4571 inqnit,
1015 4514 1076 4552 ea
1107 4510 1226 4566 qua:
1250 4493 1444 4546 videtis
1462 4492 1526 4541 ⁸’.
1553 4488 1655 4542 Sed
1679 4502 1779 4539 non
1802 4499 1901 4554 ego
1930 4497 2071 4537 nunc

503 4600 673 4655 bonos
705 4605 858 4650 actus
899 4606 1096 4647 accuso
1126 4608 1140 4642 :
1183 4587 1277 4639 sed
1306 4585 1445 4638 sicut
1468 4582 1621 4636 stella
1656 4581 1825 4632 stellae
1856 4577 2071 4644 praefert.

503 4692 697 4763 gloria,
740 4689 814 4741 ita
851 4695 905 4740 et
935 4692 1086 4737 actus
1121 4679 1231 4752 (9|)
1281 4677 1491 4730 actibus
1540 4670 1793 4725 diﬁerunt
1845 4671 2065 4722 honore.

505 4760 786 4840 Summum
842 4776 984 4830 enim
1028 4783 1081 4825 et
1118 4768 1464 4840 prmcipuum,
1505 4772 1558 4816 et
1598 4764 1826 4830 primum
1881 4760 2071 4810 funda-

504 4837 745 4930 mentum
779 4878 831 4923 et
879 4866 1026 4920 radix
1064 4860 1302 4915 omnium
1328 4871 1551 4926 operum
1579 4870 1697 4922 qme
1731 4855 1884 4914 ﬁunt,
1936 4852 2069 4903 ﬁdes

502 4976 589 5022 est
611 4978 759 5019 vera.
785 4959 919 5013 Dicit
944 4956 1086 5011 enim
1118 4952 1410 5006 Dominus:
1434 4947 1542 5016 Ego
1564 4956 1776 5013 promer
1804 4944 1897 4996 hoc
1927 4943 2063 5003 veni,

2168 3743 2308 3796 enim
2362 3739 2507 3810 quod
2541 3754 2704 3808 super
2758 3738 3184 3797 fundamentum,
3229 3742 3283 3788 et
3334 3740 3647 3802 argentum,
3686 3739 3742 3783 et

2167 3838 2497 3908 margaritae,
2551 3848 2608 3893 et
2654 3838 2858 3907 lapides
2902 3821 3148 3906 pretiosi,
3203 3845 3257 3889 et
3305 3833 3513 3893 fenum,
3557 3842 3611 3888 et
3646 3834 3744 3887 sti-

2168 3932 2328 3999 pulae,
2362 3941 2416 3986 et
2447 3931 2590 4001 ligna
2637 3940 2911 4001 ponuntur
2948 3945 2962 3982 :
3005 3929 3140 3983 nihil
3175 3928 3319 3981 aliud
3366 3926 3639 3994 signiﬁcat
3685 3926 3740 3979 in

2172 4026 2273 4078 hoc
2313 4025 2452 4088 loco,
2506 4024 2608 4077 nisi
2647 4024 2862 4092 quidem
2918 4020 3358 4091 praedicationem
3401 4034 3499 4088 per
3548 4032 3738 4071 aurum

2169 4126 2219 4171 et
2266 4125 2550 4186 argentum
2588 4126 2642 4169 et
2695 4114 2901 4184 lapides
2944 4114 3235 4183 pretiosos.
3291 4111 3364 4165 Ea
3401 4119 3579 4163 autem
3616 4123 3742 4176 qua:

2168 4221 2363 4279 prieter
2391 4210 2673 4263 veritatem
2709 4216 2856 4269 sunt,
2888 4208 2994 4277 igni
3046 4216 3232 4275 utpote
3282 4204 3457 4272 digna.
3502 4197 3624 4253 [eno
3680 4209 3741 4252 et

2169 4302 2380 4371 stipula:
2405 4312 2462 4356 et
2508 4301 2656 4370 ligno
2692 4299 3043 4368 comparavit.
3076 4300 3191 4351 Non
3239 4296 3377 4349 enim
3410 4292 3545 4346 dixit
3587 4292 3742 4360 Apo-

2170 4394 2373 4447 stolus:
2411 4393 2467 4447 Si
2502 4394 2623 4461 quis
2667 4407 2771 4445 non
2814 4391 3018 4445 dederit
3050 4390 3292 4458 pauperi,
3327 4386 3618 4438 anathema
3642 4386 3741 4439 sit.

2171 4486 2284 4539 Non
2324 4488 2420 4539 ista
2450 4488 2652 4554 denego
2698 4500 2713 4539 :
2752 4484 2846 4537 sed
2880 4498 2998 4551 quae
3037 4483 3211 4545 prima
3244 4489 3389 4543 sunt,
3426 4479 3642 4546 prima;
3686 4486 3747 4529 ct

2170 4592 2290 4646 qua:
2348 4578 2623 4639 secunda,
2676 4576 2931 4628 secunda.
2987 4572 3172 4626 Primo
3218 4574 3475 4626 condisce
3526 4579 3746 4638 propter

2170 4683 2329 4738 quem
2367 4665 2521 4731 facis,
2557 4679 2611 4721 et
2644 4667 2713 4719 ita
2754 4668 2930 4721 facito.
2960 4665 3106 4718 Multi
3139 4666 3281 4718 enim
3319 4664 3596 4717 hominum
3645 4675 3743 4729 pe-

2171 4760 2388 4814 coribus
2436 4769 2563 4813 sunt
2612 4759 2818 4811 similes
2859 4775 2871 4810 :
2921 4766 3112 4826 putant
3143 4769 3250 4807 non
3281 4768 3405 4807 esse
3437 4751 3746 4805 necessaria

2171 4866 2412 4921 quaerere
2447 4852 2513 4904 de
2546 4852 2630 4904 his
2655 4866 2775 4919 quae
2806 4849 3079 4920 possibilia
3111 4857 3236 4900 sunt
3260 4854 3593 4915 quaerantur.
3628 4842 3747 4897 Sic-

2173 4955 2230 4999 ut
2250 4961 2381 5014 ergo
2407 4946 2473 4998 de
2502 4946 2586 4998 his
2612 4960 2731 5012 qum
2760 4952 2984 5010 possunt
3007 4941 3198 5010 quatri,
3234 4940 3487 4994 inertium
3517 4945 3598 4991 est
3638 4951 3744 4989 non

505 5070 552 5114 et
580 5065 791 5129 propter
815 5053 909 5106 hoc
940 5061 1092 5104 natus
1122 5062 1262 5111 sum,
1298 5054 1354 5096 ut
1394 5052 1546 5096 tester
1590 5039 1796 5092 veritati
1827 5038 1893 5091 ⁸³.
1948 5035 2063 5106 Ipse
2095 5029 2138 5083 Ι)
2166 5051 2442 5106 quaerere;
2498 5036 2573 5088 ita
2619 5034 2683 5088 de
2738 5032 2822 5085 his
2854 5046 2973 5099 quae
3023 5044 3125 5083 non
3179 5040 3402 5081 necesse
3434 5035 3518 5078 est
3552 5024 3746 5093 quaeri,

553 5242 916 5301 ’Πυρωνίιῇ
966 5238 1095 5305 27..
1160 5236 1205 5267 ⁸⁰
1241 5234 1396 5290 Joau.
1442 5249 1481 5299 I,
1544 5228 1640 5305 lg;
1702 5244 1786 5287 Ill.

506 5313 553 5347 “
583 5314 770 5367 Matth.
820 5326 931 5374 ut,
972 5311 1058 5363 17.

577 5429 689 5499 (86)
731 5429 830 5483 Tui
851 5426 1291 5499 propter."Evexa
1312 5422 1426 5485 σοῦ,
1456 5420 1650 5474 iterum
1675 5416 1812 5470 infra
1846 5417 1944 5471 sub
1973 5416 2066 5470 ﬁn.

507 5500 600 5557 lib.
634 5497 707 5563 vi,
736 5500 809 5552 De
831 5516 888 5552 eo
917 5500 1057 5567 quod
1078 5498 1153 5549 ait
1178 5497 1338 5549 Deus.

579 5569 693 5637 (87)
737 5565 993 5634 Impertit.
1022 5566 1183 5621 Forte
1211 5565 1484 5637 impertiet.

580 5572 667 5637 (87
737 5572 993 5634 Impertit.
1023 5572 1183 5621 Forte
1211 5572 1484 5628 imperitet.

580 5572 695 5709 (88;
736 5638 880 5691 Beati
904 5638 1046 5690 illius
1073 5638 1187 5691 viri.
1226 5635 1509 5703 Pamphili,
1541 5644 1600 5687 ut
1626 5632 1803 5709 IIcn‘r-
1822 5628 2066 5709 valesius

506 5703 728 5774 censet;
756 5724 853 5763 uos
899 5711 1191 5777 Agapetum
1242 5710 1417 5774 potius
1452 5719 1701 5770 putamus
1736 5703 1947 5756 Eusebii
1974 5705 2067 5755 de—

2050 5227 2094 5259 ⁸¹
2122 5224 2137 5277 l
2170 5224 2310 5277 Tim.
2345 5238 2401 5285 v,
2436 5222 2523 5276 I7.

1135 5308 1180 5339 ⁸⁸
1208 5308 1392 5361 Matth.
1426 5296 1507 5367 ui,
1543 5300 1637 5363 l7;
1677 5315 1811 5365 xv",
1842 5301 1893 5353 5.
1972 5298 2020 5331 ⁸³
2064 5298 2084 5352 ι
2119 5296 2245 5352 Cor.
2283 5310 2364 5357 ιιι.
2394 5296 2477 5349 Il.
2568 5296 2589 5306 ’

2620 5221 2664 5253 θ’
2690 5219 2822 5274 Luc.
2860 5235 2918 5280 ι,
2951 5218 3043 5273 ‘23.
3176 5215 3221 5247 ⁸³
3243 5214 3402 5270 Joan.
3445 5227 3611 5277 xvm,
3657 5209 3746 5264 37.

2176 5427 2471 5473 cessorem,
2503 5411 2568 5463 de
2620 5423 2726 5476 quo
2761 5407 2963 5461 Euseb.
3023 5404 3118 5458 Iih.
3172 5419 3268 5476 vni
3304 5400 3450 5455 Hist.
3498 5413 3622 5469 cap.
3656 5394 3745 5457 52,

2177 5487 2243 5537 de
2280 5485 2467 5535 eodem
2504 5475 2661 5534 beato
2686 5480 2800 5531 vim
2830 5478 2968 5530 intra
3001 5477 3105 5527 col.
3140 5475 3295 5529 1065.

2246 5554 2357 5620 (89)
2402 5552 2623 5604 Bonum.
2656 5550 2898 5620 Valesius
2927 5547 3051 5620 legit
3081 5562 3288 5620 sonum.

2246 5613 2357 5688 (illi)
2402 5622 2531 5674 Ecce
2563 5621 2719 5673 enim.
2770 5617 3010 5670 Valesius
3044 5617 3171 5683 legit
3201 5620 3309 5668 ha'c
3337 5613 3496 5668 enim.

2248 5698 2358 5766 (9|)
2405 5694 2522 5757 Man,
2554 5692 2745 5745 Prwest
2777 5693 2969 5757 gloria.
3000 5689 3137 5741 itaet
3174 5701 3345 5739 artus.
