4050 6206
424 242 561 298 1061

1283 243 1370 297 DE
1402 244 1559 301 FIDE
1588 246 1957 304 ADVERSUS
1995 248 2408 305 SABELLIUM.
2448 282 2517 293 --
2550 248 2678 304 LIB.
2721 252 2786 307 ll.

3513 261 3653 321 1062

425 359 651 413 audacia
678 366 761 414 est
784 360 1080 430 qumrendi.
1109 359 1241 427 Quae
1262 375 1393 432 ergo
1416 364 1612 419 debent
1643 367 1850 434 quatri?
1877 382 1994 436 qum
2021 373 2067 429 Α
2092 375 2146 422 et
2164 381 2271 422 nos
2301 366 2353 421 in
2379 382 2511 436 pace
2536 369 2767 432 vocavit,
2806 383 2912 425 non
2945 376 3119 427 tamen
3154 372 3221 427 ad
3253 372 3398 430 litem
3429 392 3444 429 :
3474 391 3653 450 pugna

423 451 735 507 invenimus
760 452 814 507 in
848 450 1141 521 Scripturis
1164 453 1340 523 posita
1374 471 1388 508 :
1417 470 1537 524 qua:
1562 466 1738 511 autem
1763 459 1814 512 in
1843 456 1991 512 Scri-

424 540 601 608 ptttris
646 556 752 597 non
803 541 1141 609 invenimus,
1191 558 1299 598 non
1349 560 1677 615 quaeramus.
1736 547 1791 602 Si
1841 550 1986 604 enim

423 626 700 703 oporteret
735 635 890 689 nobis
919 649 1041 690 esse
1083 637 1319 706 cognita,
1351 640 1816 708 utiquaSpiritus
1857 658 1987 697 san-

422 737 547 783 ctus
587 727 852 798 posuisset
899 742 963 783 ea
1012 728 1063 782 in
1100 727 1397 799 Scripturis
1434 748 1448 785 :
1481 746 1587 786 non
1618 746 1805 788 sumus
1842 734 1983 788 enim

422 810 778 889 sapientiores
824 835 856 876 a
904 821 1109 891 Spiritu
1156 831 1364 882 sancto.
1405 823 1464 879 Si
1515 824 1714 880 dixerit
1752 825 1985 895 Spiritus

420 924 641 969 sanctus
674 931 687 967 :
728 910 1125 968 Generationem
1165 914 1280 984 ejus
1308 915 1424 983 quis
1453 916 1721 969 enarrabit
1744 916 1829 971 “7?
1874 918 1983 973 noli

426 1019 663 1075 querere
697 1018 873 1073 neque
907 1005 974 1059 ab
1020 1003 1349 1069 hominibus,
1407 1020 1581 1075 neque
1636 1008 1703 1061 ab
1754 1008 1981 1077 angelis.

422 1096 532 1152 Cur
552 1095 839 1166 abnegavit
881 1094 1135 1164 Spiritus,
1165 1095 1301 1150 dixit
1331 1095 1475 1150 enim
1507 1097 1631 1166 quia
1672 1098 1981 1169 generatio-

409 1203 543 1246 ‘nem
571 1191 689 1261 ejus
726 1190 849 1258 quis
870 1187 1179 1244 enarrabit?
1210 1188 1301 1258 qui
1333 1197 1512 1242 autem
1535 1190 1782 1243 concedit
1808 1188 1980 1259 Spiri-

420 1292 508 1337 tus
529 1296 790 1353 quterere,
826 1280 971 1337 Unus
1000 1281 1140 1335 Deus
1168 1297 1235 1335 ea:
1256 1296 1357 1351 quo
1390 1288 1510 1335 sunt
1547 1281 1745 1344 omnia,
1767 1291 1817 1335 et
1845 1298 1981 1336 unus

412 1375 677 1428 ‘Dominus
695 1372 847 1427 Jesus
871 1388 961 1441 per
980 1388 1132 1442 quem
1164 1381 1284 1425 sunt
1311 1371 1488 1425 omnia
1515 1370 1560 1403 ⁸⁸
1587 1387 1603 1425 :
1628 1371 1979 1441 quemadmo-

417 1466 546 1520 dum
577 1473 754 1519 autem
789 1464 956 1519 Filius
1000 1479 1065 1527 ex
1096 1463 1273 1526 Patre.
1299 1463 1459 1518 crede
1491 1463 1539 1519 ei
1574 1465 1664 1533 qui
1714 1464 1881 1528 novit,
1927 1465 1976 1518 ei

418 1557 510 1627 qui
538 1558 797 1611 noscitur.
832 1557 935 1611 Sed
966 1566 1019 1609 tu
1044 1555 1264 1625 quaeris,
1288 1563 1343 1609 et
1375 1555 1497 1624 quis
1526 1556 1724 1624 estqui
1753 1556 1979 1625 promit-

410 1657 502 1701 tat
546 1664 605 1703 se
641 1647 830 1703 nosse?
858 1649 1032 1701 omnis
1079 1647 1224 1701 enim
1270 1649 1574 1716 quicunque
1607 1647 1875 1716 promittit
1919 1663 1976 1703 se
2007 1677 2050 1732 Β

421 1757 597 1803 nosse,
655 1744 881 1795 mendax
920 1748 1021 1794 est.
1079 1738 1450 1794 Pronuntiavit
1498 1740 1641 1794 enim
1696 1738 1970 1807 Dominus,

419 1834 563 1903 quod
620 1833 795 1887 nullus
851 1832 995 1887 norit
1054 1832 1155 1887 nisi
1218 1831 1367 1887 solus
1418 1833 1578 1888 Pater
1632 1832 1869 1899 Filium,
1918 1843 1973 1888 et

410 1925 585 1980 ‘Filins
625 1924 859 1980 Patrem.
910 1925 1012 1979 Sed
1042 1924 1172 1979 dicit
1202 1924 1418 1994 quidam
1454 1943 1468 1979 :
1505 1925 1818 1993 lgnoramus
1841 1939 1971 1995 ergo

416 2017 540 2087 quia
571 2026 654 2072 est
687 2016 845 2081 Deus,
878 2023 932 2070 et
975 2017 1099 2086 quia
1148 2032 1249 2072 non
1287 2029 1444 2072 natus
1473 2027 1575 2083 est,
1610 2027 1665 2072 ct
1703 2019 1972 2073 nescimus

412 2094 539 2178 quia
588 2121 643 2164 et
674 2109 840 2163 Filius
869 2120 925 2164 et
962 2110 1264 2180 unigenitus
1300 2119 1383 2165 est
1434 2109 1641 2165 Filius?
1696 2111 1972 2178 Quomodo

410 2212 587 2257 autem
626 2204 892 2257 nescimus
939 2204 1062 2273 quia
1107 2212 1263 2257 natus
1306 2203 1426 2257 est?
1483 2204 1604 2272 quia
1646 2214 1823 2257 autem
1866 2210 1970 2266 est,

408 2293 588 2347 omnis
608 2293 802 2348 clamat
822 2293 1097 2363 Scriptura
1130 2312 1143 2348 :
1173 2294 1623 2364 quemadmodum
1663 2303 1839 2348 autem
1865 2304 1970 2357 est,

407 2394 460 2437 et
493 2394 748 2453 quantum
774 2392 882 2448 est,
907 2384 1048 2438 nulla
1088 2384 1230 2439 valet
1268 2396 1455 2437 natura
1487 2384 1687 2446 dicere,
1714 2398 1882 2454 neque
1904 2384 1971 2438 de

408 2471 591 2535 Patre,
622 2488 795 2542 neque
833 2474 898 2526 de
918 2473 1072 2526 Filio.
1110 2473 1209 2540 Qui
1232 2472 1376 2527 enim
1411 2471 1585 2525 dixit:
1627 2471 1795 2526 Nemo
1831 2472 1971 2525 novit

403 2563 648 2626 Patrem,
680 2565 779 2616 nisi
820 2563 991 2617 Filius
1012 2564 1075 2622 ⁸⁸.
1104 2565 1218 2633 ipse
1250 2565 1383 2618 dixit
1415 2564 1536 2631 quia
1570 2572 1619 2617 et
1649 2561 1845 2616 Filium
1881 2580 1969 2617 ne—

402 2672 492 2708 mo
518 2656 679 2717 novit,
707 2655 806 2707 nisi
836 2654 994 2708 Pater
1013 2655 1078 2705 9°.
1109 2654 1561 2720 Quemadmodum
1589 2654 1728 2707 enim
1755 2656 1970 2724 capiunt

409 2762 471 2799 ea
498 2762 617 2816 quae
646 2761 740 2815 per
770 2746 959 2800 Filium
993 2746 1128 2800 facta
1160 2755 1302 2811 sunt,
1336 2760 1493 2799 nosse
1528 2761 1647 2799 emn
1685 2760 1778 2814 per
1811 2760 1966 2814 quem

410 2850 465 2894 et
493 2840 633 2893 facta
668 2839 830 2893 sunt?
875 2838 931 2893 Si
975 2839 1135 2905 igitur
1162 2838 1443 2908 imaginem
1472 2842 1591 2893 'non
1626 2838 1734 2892 nati
1775 2847 1967 2891 natura

403 2945 522 2985 non
560 2930 799 2998 pervenit
831 2944 1007 2995 nosse,
1037 2930 1478 2998 quemadmodum
1514 2929 1684 2998 ipsum
1709 2929 1967 2998 principa-

2090 473 2194 512 non
2232 458 2414 523 docet,
2461 460 2553 514 sed
2585 460 2774 515 incitat
2806 462 2977 533 magis
3026 481 3040 517 :
3074 464 3139 518 lis
3177 480 3285 520 non
3326 480 3526 531 mouet,
3555 472 3649 525 sed

2085 547 2355 604 ﬂammam
2386 553 2652 608 accendit.
2686 553 2971 609 Contentio
2996 566 3174 612 autem
3198 559 3353 630 equis
3378 563 3649 625 convenit,

2088 655 2192 695 non
2225 650 2402 696 tamen
2436 642 2687 700 Ecclesia:
2713 645 2827 701 Dei.
2862 646 2959 713 Qui
2986 648 3133 702 novit
3162 663 3223 704 ea
3246 666 3367 720 quae
3397 651 3651 720 possibile

2085 740 2172 786 est
2221 734 2381 797 scire,
2425 735 2614 789 doceat
2656 751 2776 790 cum
2823 738 3084 793 modestia
3132 755 3254 795 eum
3280 742 3372 811 qui
3412 743 3647 813 ignorat,

2085 837 2192 878 non
2224 830 2399 879 tamen
2439 825 2789 882 incitamento
2835 845 2849 883 :
2892 830 3295 887 incitamentum
3327 834 3469 888 enim
3497 842 3551 889 et
3578 836 3647 890 ad

2084 927 2148 967 ea
2186 927 2305 982 qua:
2333 925 2517 984 aperta
2570 926 2694 971 sunt
2739 919 3135 976 contentionem
3178 923 3317 991 parit
3372 940 3521 979 :non
3571 926 3646 979 ita

2083 1006 2471 1074 periclitemur,
2519 1009 2614 1063 sed
2649 1017 2760 1065 tute
2793 1010 3098 1080 loquamur.
3143 1012 3199 1068 Si
3230 1015 3359 1084 quid
3384 1016 3643 1083 scriptum

2083 1112 2190 1152 non
2226 1106 2329 1161 est,
2390 1114 2456 1153 ne
2490 1102 2705 1170 quidem
2742 1102 2953 1157 dicatur
2993 1121 3009 1159 :
3056 1105 3101 1160 si
3131 1106 3256 1175 quid
3300 1116 3477 1161 autem
3509 1108 3645 1161 scriv

2080 1200 2232 1260 ptum
2262 1200 2361 1254 est,
2406 1207 2472 1246 ne
2513 1193 2929 1251 deleatur.'Non
2966 1212 3153 1251 sumus
3197 1198 3338 1252 enim
3371 1208 3641 1263 auctores,

2081 1284 2175 1336 sed
2205 1282 2471 1352 discipuli.
2513 1282 2627 1339 Non
2673 1300 2794 1357 quae
2829 1287 3098 1354 volumus,
3144 1290 3237 1344 sed
3273 1304 3335 1345 ea
3376 1290 3642 1361 quazlegi-

2079 1388 2200 1427 mus
2237 1392 2250 1427 :
2288 1390 2390 1429 non
2422 1390 2482 1429 ea
2516 1392 2633 1446 quae
2658 1393 2723 1432 ex
2754 1380 2916 1434 corde
2947 1391 3091 1447 sunt,
3114 1382 3207 1437 sed
3236 1396 3298 1435 ea
3328 1399 3443 1453 qua:
3466 1399 3494 1437 a
3526 1386 3639 1455 spi-

2080 1464 2186 1518 ritu
2220 1465 2271 1518 in
2297 1465 2594 1536 Scripturis
2633 1471 2832 1524 sanctis
2865 1482 2991 1527 sunt
3021 1474 3210 1542 posita.
3246 1476 3376 1542 Quis
3406 1479 3544 1531 enim
3581 1494 3640 1534 es

2081 1565 2134 1609 tu
2170 1558 2261 1626 qui
2313 1558 2447 1612 dicis
2476 1569 2567 1612 aut
2600 1562 2689 1629 qui
2739 1564 2936 1616 audis?
2972 1564 3085 1617 vult
3132 1565 3326 1636 aliquis
3365 1567 3638 1623 Chrismm

2080 1646 2379 1714 honorare;
2429 1659 2487 1703 ut
2530 1652 2642 1705 vult
2701 1653 2813 1721 ipse
2846 1654 3112 1719 Christus,
3155 1672 3256 1711 non
3301 1666 3475 1714 tamen
3500 1672 3636 1715 uttn

2075 1737 2176 1794 vis.
2210 1740 2265 1792 Si
2293 1751 2468 1795 autem
2511 1751 2701 1811 przetcr
2724 1745 2773 1797 id
2812 1745 2949 1814 quod
2986 1746 3099 1800 vult
3135 1747 3503 1814 honoraveris,
3538 1751 3635 1805 ho-

2075 1843 2174 1884 nor
2197 1838 2319 1885 tuus
2347 1832 2413 1886 ad
2436 1834 2818 1888 contumeliam
2853 1847 3215 1891 convertctur.
3257 1838 3311 1893 Si
3345 1840 3635 1898 intereme-

2074 1922 2148 1975 πίε
2176 1921 2291 1988 ejus
2319 1923 2555 1989 Patrem,
2588 1942 2694 1980 non
2730 1927 3003 1980 honorasti
3029 1929 3355 1996 progeniem.
3386 1929 3443 1984 Si
3471 1931 3637 1986 inter-

2072 2015 2268 2069 emeris
2307 2015 2525 2077 Filium,
2567 2033 2672 2071 non
2715 2018 2967 2072 dimisisti
3005 2019 3218 2077 Patrem
3266 2020 3317 2073 in
3350 2021 3632 2076 honorem.

2075 2104 2131 2158 Si
2166 2105 2305 2159 enim
2354 2120 2456 2159 non
2492 2105 2691 2160 dixeris
2732 2115 2936 2175 patrem
2974 2108 3206 2171 Patrem,
3241 2119 3294 2164 et
3325 2109 3513 2163 Filium
3544 2109 3637 2164 Fi-

2072 2198 2221 2263 lium,
2280 2214 2453 2268 neque
2506 2198 2717 2254 Patrem
2749 2216 2920 2269 neque
2978 2200 3169 2255 Filium
3208 2203 3500 2257 conliteris.
3533 2202 3635 2269 Qui

2070 2288 2212 2342 enim
2247 2288 2359 2345 hzec
2392 2290 2543 2355 dicit,
2578 2292 2697 2345 sine
2749 2291 2859 2345 Deo
2913 2300 3015 2347 est.
3051 2292 3105 2346 Si
3134 2292 3277 2346 enim
3335 2292 3494 2347 Pater
3526 2308 3635 2348 non

2072 2390 2155 2435 est
2181 2380 2381 2445 Pater,
2439 2382 2551 2452 ipse
2589 2384 2730 2437 enim
2763 2384 2927 2439 Filius
2969 2393 3028 2437 ut
3072 2386 3180 2449 ais;
3231 2386 3424 2441 iterum
3467 2385 3634 2442 Filius

2070 2486 2174 2525 non
2212 2480 2294 2526 est
2317 2473 2501 2537 Filius,
2539 2473 2651 2543 ipse
2698 2473 2839 2528 enim
2873 2484 2925 2528 et
2961 2474 3119 2529 Pater
3150 2475 3308 2531 Pater
3337 2487 3419 2530 est
3460 2488 3517 2531 ut
3547 2476 3633 2530 di-

2069 2564 2148 2619 cis
2179 2562 2313 2634 (94).
2357 2563 2615 2633 Sequitur
2637 2565 2951 2633 periculum,
2984 2575 3041 2619 ut
3078 2582 3249 2636 neque
3279 2566 3440 2620 Pater
3474 2567 3634 2623 Pater

2069 2653 2161 2717 sit,
2208 2668 2380 2722 neque
2409 2653 2576 2710 Filius
2628 2655 2819 2720 Filius,
2874 2664 2929 2709 et
2979 2656 3104 2725 quid
3147 2654 3490 2710 tenebimus?
3528 2656 3632 2711 Sed

2069 2745 2229 2799 Pater
2254 2745 2413 2800 Pater
2431 2760 2559 2801 vere
2585 2752 2687 2808 est,
2723 2760 2826 2799 non
2861 2761 3026 2801 vacua
3056 2762 3157 2801 vox
3187 2746 3279 2800 sed
3314 2755 3501 2800 natura
3535 2762 3631 2801 ve-

2067 2836 2262 2890 ritatis.
2298 2835 2415 2889 Non
2452 2851 2622 2890 vanus
2652 2851 2852 2899 sermo,
2876 2837 2968 2890 sed
2997 2852 3157 2891 verus
3200 2836 3361 2891 Deus.
3392 2837 3506 2891 Non
3538 2839 3631 2909 qui

2068 2925 2287 2990 dicitur,
2318 2927 2411 2981 sed
2435 2926 2481 2980 is
2514 2927 2604 2995 qui
2629 2936 2710 2981 est
2739 2944 2753 2981 :
2787 2942 2890 2980 non
2914 2940 2979 2980 ex
3017 2927 3099 2981 his
3127 2942 3246 2997 quae
3276 2928 3503 2983 dicimus
3534 2930 3633 2983 lin-

410 3021 516 3076 lem
550 3022 659 3092 (92)
690 3024 1142 3092 comprehendere
1176 3021 1297 3091 quis
1329 3031 1504 3092 potest
1533 3033 1591 3076 ut
1616 3022 1794 3076 norit?
1831 3020 1967 3076 Sunt
1992 3017 2038 3081 C
2067 3017 2229 3084 gitur.
2282 3018 2373 3071 sed
2411 3017 2555 3087 quod
2583 3025 2667 3071 est
2694 3019 3024 3087 agnoscitur.
3075 3017 3231 3071 Pater
3273 3018 3414 3071 enim
3456 3031 3633 3090 neque

412 3116 596 3185 itaque
632 3115 872 3185 quaedam
908 3114 1063 3168 nobis
1092 3112 1335 3179 dicenda,
1370 3122 1494 3168 sunt
1540 3121 1594 3167 et
1617 3114 1857 3183 quaedam
1896 3112 1970 3167 si-

403 3210 573 3264 lentio
602 3210 842 3264 colenda.
884 3207 1020 3262 Sunt
1056 3206 1297 3275 quaedam
1329 3206 1382 3261 in
1419 3206 1654 3275 cogitatu
1684 3205 1965 3270 movenda,

407 3309 532 3357 sunt
569 3299 808 3368 quasdam
830 3307 883 3353 et
908 3300 1251 3352 veneratione
1284 3312 1387 3352 non
1420 3298 1700 3355 movenda.
1740 3296 1875 3352 Sunt
1899 3296 1969 3352 de

404 3391 596 3461 quibus
640 3391 891 3445 convenit
937 3389 1050 3460 sapi
1093 3406 1105 3443 :
1150 3398 1275 3443 sunt
1321 3397 1375 3443 et
1420 3389 1484 3443 de
1526 3388 1721 3458 quibus
1758 3399 1967 3459 Oportet

401 3483 608 3551 paveri.
633 3480 772 3535 Sunt
808 3496 927 3551 quae
948 3489 1171 3549 possunt
1208 3480 1389 3548 lingua
1414 3480 1760 3549 interpretari
1794 3498 1807 3534 :
1842 3490 1967 3535 sunt

402 3584 457 3628 et
494 3587 612 3641 quae
638 3580 863 3643 possunt
898 3571 1147 3643 religiose
1185 3571 1372 3624 taceri.
1412 3570 1584 3625 Dicito
1623 3584 1777 3634 sane,
1818 3572 1967 3627 Unus

402 3666 546 3721 Deus
572 3680 599 3715 a
629 3680 735 3733 quo
783 3672 908 3719 sunt
939 3663 1136 3725 omnia,
1167 3672 1220 3717 et
1264 3661 1437 3715 nullus
1463 3663 1657 3732 poterit
1680 3662 1966 3732 reprehen-

404 3759 549 3812 dere.
580 3755 635 3809 Si
663 3766 838 3809 autem
860 3762 913 3809 et
936 3752 1336 3821 reprehenderit
1357 3753 1495 3821 quis,
1524 3768 1626 3807 non
1655 3763 1704 3806 te
1727 3754 1815 3807 sed
1842 3767 1963 3806 eum

398 3846 494 3917 qui
523 3846 758 3915 scripsit.
793 3844 849 3899 Si
890 3856 1067 3899 autem
1097 3856 1151 3900 et
1190 3844 1410 3898 Paulum
1435 3844 1524 3911 qui
1559 3844 1774 3911 scripsit
1804 3843 1963 3896 audet

404 3940 525 4008 quis
552 3938 964 4008 reprehendere,
992 3953 1100 3991 non
1132 3936 1374 4000 Paulum,
1406 3936 1499 3991 sed
1538 3951 1658 3989 eum
1690 3936 1778 4003 qui
1817 3950 1961 3989 sem-

401 4041 499 4097 per
534 4028 586 4081 in
617 4042 737 4082 eum
781 4026 892 4095 (95)
930 4029 1136 4080 locutus
1181 4035 1264 4081 est
1299 4024 1549 4081 Christus
1595 4024 1957 4092 reprehendit.

404 4118 460 4173 Si
486 4127 662 4172 autem
680 4115 885 4172 Christi
916 4116 1076 4170 verba
1109 4116 1501 4185 reprehendere
1526 4112 1647 4181 quis
1668 4111 1829 4166 fuerit
1864 4127 1962 4165 au-

402 4225 516 4275 sus,
544 4210 657 4279 ipse
683 4210 817 4263 dixit
845 4208 1094 4263 Christus
1142 4226 1155 4262 :
1190 4207 1319 4271 Qum
1366 4222 1457 4275 ego
1492 4206 1678 4275 loquor
1710 4220 1812 4257 non
1838 4211 1960 4256 sunt

398 4318 535 4366 mea,
576 4302 665 4356 sed
688 4301 851 4355 Pater
879 4302 967 4371 qui
988 4300 1125 4354 misit
1160 4315 1262 4363 me,
1291 4299 1398 4367 ipse
1426 4299 1657 4368 loquitur
1682 4313 1871 4365 perme
1890 4296 1955 4349 θί.

402 4392 611 4448 Etenim
649 4406 821 4460 neque
861 4390 1085 4461 gentiles
1118 4405 1323 4455 sumus,
1365 4404 1538 4460 neque
1561 4387 1752 4453 Judaei,
1788 4402 1961 4456 neque

400 4485 663 4541 haeretici.
702 4485 941 4541 Gentiles
972 4484 1111 4539 enim
1145 4498 1248 4537 non
1289 4499 1492 4551 sumus,
1535 4482 1661 4552 quia
1695 4496 1797 4536 non
1828 4482 1961 4537 dici-

402 4593 520 4632 mus
542 4578 692 4631 deos.
720 4575 885 4631 Judtei
913 4590 1015 4629 non
1040 4591 1246 4639 sumus,
1271 4574 1392 4643 quia
1420 4586 1473 4630 et
1493 4575 1765 4631 Christum
1792 4575 1957 4629 Deum

397 4666 735 4721 conﬁtemur.
790 4663 1037 4719 Hazretici
1071 4673 1250 4718 autem
1283 4665 1402 4718 ideo
1443 4680 1546 4719 non
1591 4679 1799 4729 sumus,
1834 4664 1958 4732 quia

304 4800 321 4815 .
398 4756 723 4812 confitemur
752 4756 909 4809 istum
951 4769 1070 4810 esse
1097 4753 1188 4823 qui
1233 4754 1398 4817 venit,
1429 4769 1588 4822 quem
1622 4752 1956 4821 praeveniens

403 4848 566 4902 Vetus
596 4846 997 4901 Testamentum
1038 4860 1134 4917 per
1163 4847 1451 4914 prophetas
1493 4844 1803 4913 prazdicavit
1831 4858 1959 4896 ven-

399 4947 599 4993 turum.
644 4936 700 4990 Si
733 4937 853 5005 quis
882 4936 1022 4991 enim
1060 4935 1289 4991 noluerit
1329 4934 1497 4998 litem,
1549 4948 1683 5001 opus
1717 4948 1819 4987 non
1860 4937 1957 4988 ha-

402 5031 510 5084 bet.
553 5028 651 5085 Est
678 5030 921 5099 quaedam
979 5028 1238 5083 dubitatio
1298 5028 1437 5081 inter
1488 5025 1681 5079 fratres
1729 5044 1741 5079 :
1787 5027 1960 5095 primo

401 5135 523 5174 cum
558 5121 821 5176 charitate
853 5130 1147 5191 quaeratur,
1173 5130 1233 5173 ut
1256 5120 1395 5173 inter
1429 5118 1641 5172 fratres.
1674 5116 1785 5170 Non
1816 5119 1958 5172 enim

401 5211 754 5269 dissensionis
799 5222 881 5267 est
917 5211 1057 5267 Deus
1100 5221 1195 5266 aut
1244 5212 1358 5277 irae,
1393 5212 1483 5265 sed
1528 5210 1675 5279 pacis
1704 5211 1750 5241 "
1785 5228 1800 5264 :
1833 5210 1959 5279 quia

2067 3130 2132 3169 ex
2163 3115 2288 3179 alio,
2313 3130 2485 3186 neque
2510 3130 2604 3186 per
2644 3116 2826 3183 alium,
2859 3131 3032 3187 neque
3069 3116 3234 3180 aliud,
3266 3118 3358 3172 sed
3401 3118 3519 3187 ipse
3546 3124 3632 3172 est

2067 3209 2283 3275 quiest.
2324 3208 2485 3263 Forte
2515 3211 2659 3265 enim
2708 3220 2762 3265 et
2787 3226 2852 3265 ex
2890 3210 3179 3280 semetipso
3210 3218 3264 3264 et
3302 3224 3397 3280 per
3429 3218 3632 3264 semet-

2068 3300 2238 3368 ipsum
2263 3318 2277 3367 ;
2303 3302 2457 3357 nobis
2485 3302 2879 3374 quodammodo
2911 3304 3238 3358 conveniens
3263 3312 3347 3359 est
3374 3318 3552 3359 sermo
3573 3310 3632 3358 ut

2067 3390 2297 3446 dicatur.
2339 3391 2575 3447 Necdum
2633 3402 2810 3448 tamen
2856 3393 2945 3447 illa
2992 3394 3378 3463 interpretatur
3418 3405 3628 3449 natura.

2065 3477 2174 3533 Nos
2193 3480 2337 3533 enim
2359 3489 2418 3534 ut
2442 3496 2546 3534 non
2580 3490 2849 3537 taceamus
2872 3482 2991 3536 ideo
3016 3483 3262 3536 dicimus.
3291 3483 3428 3550 Quid
3449 3494 3629 3540 autem

2065 3577 2147 3624 est
2176 3568 2315 3624 Deus
2354 3584 2460 3623 non
2494 3570 2951 3639 interpretamur:
2986 3569 3115 3637 quid
3141 3567 3284 3622 enim
3329 3569 3517 3622 horum
3548 3571 3631 3622 in-

2068 3661 2384 3729 terpretatio
2417 3668 2501 3715 est
2534 3659 2651 3724 Dei,
2687 3660 2802 3714 sine
2834 3659 3009 3724 initio,
3051 3674 3154 3711 non
3192 3666 3371 3719 natus,
3406 3659 3629 3711 immor-

2068 3753 2211 3820 talis,
2246 3754 2607 3821 incorruptus,
2638 3750 3010 3813 immutabilis,
3044 3750 3351 3813 immobilis,
3385 3750 3626 3804 inacces-

2064 3845 2257 3907 sibilis,
2290 3844 2689 3909 inenarrabilis,
2740 3841 3335 3912 incomprehensibilis?
3370 3840 3473 3894 Per
3512 3840 3628 3893 hsce

2063 3951 2192 4007 ergo
2219 3938 2398 3991 omnia
2452 3952 2557 3991 non
2585 3946 2667 3992 est
2693 3936 2897 3990 dictum
2945 3935 3072 4005 quid
3107 3944 3210 3998 est,
3236 3936 3328 3988 sed
3355 3931 3481 4002 quid
3518 3944 3623 3985 non

2063 4039 2147 4083 est
2188 4044 2205 4083 :
2244 4029 2390 4083 velut
2440 4029 2485 4083 si
2509 4030 2632 4098 quis
2660 4028 3007 4097 interpretari
3042 4042 3147 4081 non
3182 4024 3448 4079 sulliciens
3481 4023 3625 4092 quod

2061 4128 2147 4173 est
2186 4119 2387 4184 lumen,
2438 4118 2583 4172 dicat
2610 4120 2752 4185 quod
2784 4132 2888 4171 non
2923 4126 3005 4172 est
3038 4118 3403 4170 tenebrosum.
3436 4111 3625 4165 Dicere

2062 4221 2240 4266 autem
2267 4211 2407 4280 quod
2432 4211 2768 4264 tenebrosum
2801 4216 3026 4277 nonest,
3062 4221 3166 4260 non
3201 4205 3372 4259 solum
3404 4217 3504 4255 non
3528 4216 3624 4255 ex-

2065 4304 2238 4358 hibuit
2262 4313 2510 4357 naturam
2543 4300 2782 4363 luminis,
2816 4302 2908 4354 sed
2938 4307 2992 4353 et
3020 4298 3188 4367 magis
3222 4298 3453 4365 ipsarum
3482 4300 3623 4344 tene-

2063 4395 2279 4447 brarum
2320 4400 2567 4445 naturam
2600 4392 2836 4460 negavit.
2880 4387 3203 4443 Immortalis
3230 4386 3372 4438 enim
3403 4383 3619 4447 dicitur,

2060 4486 2185 4553 quia
2218 4499 2321 4538 non
2344 4470 2626 4547 morietur,
2659 4492 2713 4538 et
2739 4484 3078 4549 incorruptus
3108 4480 3231 4548 quia
3260 4493 3363 4532 non
3386 4491 3623 4531 corrum-

2061 4577 2221 4643 pitur.
2252 4572 2368 4627 Non
2412 4586 2588 4637 natus,
2631 4574 2721 4642 qui
2747 4572 2956 4626 initium
2990 4585 3094 4623 non
3125 4567 3303 4623 habet.
3342 4566 3463 4620 Haec
3499 4578 3620 4619 om-

2059 4665 2145 4719 nia
2176 4680 2280 4719 non
2311 4662 2441 4734 quid
2475 4673 2556 4718 est
2593 4664 2733 4719 Deus
2763 4662 2915 4725 dicit,
2963 4660 3058 4717 sed
3106 4658 3232 4729 quid
3264 4673 3367 4711 non
3392 4664 3494 4715 est.
3540 4654 3617 4711 lta

2058 4773 2157 4827 per
2188 4770 2252 4811 ea
2284 4771 2403 4826 quae
2436 4757 2665 4811 dicimus
2704 4756 2822 4811 sine
2854 4752 3297 4822 interpretatione
3334 4763 3455 4803 eum
3484 4763 3619 4807 con-

2055 4850 2287 4906 ﬁtemur.
2324 4850 2382 4904 Si
2419 4850 2711 4903 dixerimus
2739 4860 2861 4901 eum
2888 4847 3089 4900 fontem
3126 4842 3392 4905 veritatis,
3428 4854 3620 4896 nomen

2055 4940 2335 4995 veritatem
2359 4955 2465 4995 non
2491 4938 2728 4994 exhibet.
2772 4935 2877 4991 Sed
2903 4936 3027 5005 quia
3054 4949 3159 4989 non
3184 4934 3442 4987 habemus
3477 4930 3618 4999 quod

2054 5031 2319 5097 dicamus,
2362 5046 2430 5087 ex
2485 5032 2569 5086 his
2614 5046 2734 5099 quae
2785 5030 3044 5083 habemus
3081 5025 3348 5087 dicamus,
3394 5023 3618 5077 mutuati

2056 5122 2246 5176 alienis
2279 5122 2585 5176 nominibus
2622 5120 2735 5191 (95)
2768 5121 2967 5174 utimur
3003 5133 3017 5168 :
3060 5116 3179 5169 fons
3201 5114 3343 5168 enim
3370 5113 3606 5178 agnosci.

2058 5222 2145 5267 tur
2183 5213 2323 5268 unde
2353 5221 2457 5276 est,
2490 5211 2628 5266 Deus
2656 5218 2835 5263 autem
2871 5221 2977 5262 non
3015 5205 3177 5261 habet
3204 5204 3375 5269 unde;
3407 5212 3462 5257 et
3501 5201 3620 5256 fons

469 5399 513 5431 ⁸⁷
539 5398 642 5456 lsa.
670 5415 787 5467 Lm,
814 5400 867 5457 8.
943 5398 989 5430 '“
1022 5397 1040 5452 l
1065 5398 1187 5453 Cor.
1213 5412 1333 5464 vm,
1356 5407 1409 5453 ι).
1483 5395 1526 5429 ⁸³
1558 5396 1747 5452 Matth.
1776 5412 1856 5462 XI,
1880 5396 1969 5453 '27.
2045 5400 2090 5433 9°
2123 5396 2250 5453 ibid.
2326 5396 2368 5428 ⁹¹
2393 5396 2547 5451 Joan.
2574 5408 2671 5459 xu,
2698 5392 2788 5449 49.
2862 5394 2907 5427 ⁹²
2932 5394 2953 5446 1
2976 5391 3101 5447 Cor.
3142 5406 3253 5455 xtv,
3278 5390 3369 5446 33.

492 5516 579 5583 92)
616 5514 982 5584 Principalem,
1010 5515 1331 5587 ἀρχέτυπον.

494 5589 581 5655 95)
613 5587 829 5649 Ineunt,
864 5602 958 5651 pro
984 5584 1137 5642 ineo.
1181 5586 1221 5638 ll
1247 5586 1371 5641 Cor.
1401 5599 1517 5647 xm,
1547 5584 1607 5637 ὥς
1638 5585 1715 5637 An
1749 5585 1954 5651 experi-

396 5655 626 5713 mentum
655 5659 890 5726 qua'ritis
917 5658 1029 5725 ejus
1062 5658 1147 5725 qui
1176 5658 1228 5711 in
1252 5672 1331 5709 me
1354 5656 1583 5724 loquitur
1617 5655 1890 5707 Christus?

2128 5514 2237 5585 (94)
2268 5513 2362 5585 bis.
2390 5513 2456 5585 Et
2490 5510 2646 5585 Pater
2670 5520 2764 5585 est,
2798 5519 2851 5585 ut
2872 5509 3024 5585 dicis.

2126 5578 2237 5656 (95)
2270 5584 2366 5639 llis.
2401 5583 2655 5636 Mutuatis
2683 5583 2868 5635 alienis
2894 5578 3206 5634 nominibus.
