4050 6206
460 254 480 308 Ι
492 252 596 309 063

1155 247 1418 302 EUSEBII
1456 237 1923 301 CESARIENSIS
1958 238 2108 302 OPP.
2148 238 2330 299 PARS
2363 237 2455 302 ιν.
2495 276 2564 286 -
2598 236 3023 299 DOGMATICA.

3557 236 3706 297 1061

452 380 665 426 meatus
690 380 849 436 supra
881 373 1086 419 meatus
1109 364 1355 427 eﬂ‘nndit,
1384 364 1521 419 Deus
1548 372 1723 415 autem
1748 363 1799 415 in
1824 363 2021 432 eoipso
2048 366 2278 432 Atqnem
2320 372 2443 416 sunt
2485 370 2697 416 cuncta.
2740 360 2854 414 Non
2883 369 2964 413 est
2992 375 3153 412 unum
3193 372 3257 414 cx
3306 358 3578 424 omnibus,
3605 365 3705 417 sed

448 462 593 531 quod
626 470 708 513 est
743 466 963 511 manet:
1002 471 1172 518 neque
1196 457 1338 509 enim
1374 472 1476 509 vox
1501 454 1828 510 conveniens
1863 457 2017 509 inve-

452 555 620 619 nitur,
652 564 822 617 neque
867 548 1202 614 comparatio
1245 547 1565 614 perveniens
1597 548 1662 599 ad
1694 547 1838 599 illam
1865 558 2021 599 natu-

454 659 570 697 ram
594 660 610 697 :
641 642 734 696 sed
758 651 815 693 ut
838 654 940 692 non
970 650 1240 691 taceamus
1261 638 1574 705 colligentes
1593 654 1713 708 qua!
1730 639 2018 701 habemus;

452 750 572 788 cum
605 744 781 786 autem
816 731 998 784 omnia
1026 731 1340 793 dixerimus,
1381 741 1508 784 tunc
1543 730 1867 784 confitemur
1897 731 2019 798 quia

449 843 568 897 qua:
594 826 828 880 dicimus
881 824 1013 877 nihil
1064 823 1315 877 dilferunt
1354 839 1383 875 a
1426 824 1815 877 taciturnitate.
1863 823 2023 878 Pater

448 936 516 972 ex
546 933 610 972 eo
662 918 977 986 agnoscitur
1019 916 1186 985 figura
1219 917 1360 983 quod
1395 924 1477 969 est
1518 931 1622 969 non
1652 926 1829 969 natus.
1873 915 2024 970 Unus

447 1012 590 1065 enim
616 1020 697 1064 est
729 1010 861 1078 ipse,
895 1009 985 1077 qui
1018 1024 1121 1061 non
1147 1016 1229 1061 est
1264 1009 1329 1061 ah
1361 1006 1467 1061 alio
1513 1025 1526 1061 :
1562 1024 1700 1061 unus
1736 1010 1932 1078 estqui
1956 1024 2023 1063 ex

447 1117 511 1155 eo
538 1102 679 1170 quod
707 1116 812 1155 non
838 1112 992 1153 natus
1020 1110 1102 1154 est
1125 1100 1453 1168 agnoscitur.
1482 1098 1596 1152 Non
1630 1098 1797 1154 frater
1818 1100 1886 1165 ei,
1919 1115 2023 1154 non

447 1193 611 1248 Pater
640 1193 842 1256 Patris,
892 1193 985 1246 sed
1040 1191 1329 1259 singularis
1382 1201 1573 1243 natura
1621 1200 1747 1244 est:
1796 1202 1849 1245 et
1880 1192 1931 1244 in
1960 1206 2023 1246 ea

448 1287 594 1356 quod
632 1302 734 1339 non
771 1295 931 1337 natus
967 1294 1068 1349 est,
1097 1296 1223 1335 vere
1250 1282 1395 1336 solus
1429 1283 1757 1348 OStcnditur,
1791 1299 1896 1337 non
1926 1298 2023 1336 na-

452 1390 540 1434 tus
579 1378 784 1432 Pater:
833 1378 901 1430 ab
953 1377 1053 1430 hoc
1096 1390 1225 1429 sane
1262 1392 1365 1429 non
1415 1386 1545 1431 nato
1590 1386 1840 1429 manente
1879 1376 2026 1444 quod

453 1481 537 1526 est
588 1470 874 1531 indivisus,
928 1468 1213 1533 inscissus,
1267 1469 1599 1537 impartitus,
1660 1468 2024 1536 impassibilis,

449 1562 765 1633 unigenitus
802 1572 888 1616 est
918 1559 1086 1614 Filius
1118 1572 1276 1614 natus
1306 1578 1320 1614 :
1349 1576 1521 1631 neque
1544 1560 1680 1614 alius
1700 1570 1780 1615 est
1806 1577 1908 1615 non
1940 1576 2029 1615 na-

453 1663 561 1720 tus,
612 1669 785 1724 neque
822 1653 957 1708 alius
1008 1653 1352 1723 unigenitus;
1408 1657 1500 1708 sed
1541 1670 1681 1708 unus
1722 1668 1826 1709 non
1873 1664 2027 1709 natus

450 1745 634 1811 Pater,
668 1755 723 1801 et
754 1762 893 1800 unus
920 1746 1230 1815 unigenitus
1248 1746 1436 1801 Filius.
1468 1746 1588 1800 Harc
1613 1762 1716 1799 non
1741 1764 1836 1800 nos
1868 1747 2029 1801 extol-

452 1837 588 1903 lunt,
637 1837 896 1891 memoria
929 1836 1073 1891 illius
1123 1839 1260 1891 beati
1296 1837 1418 1891 viri.
1456 1837 1672 1893 Utinam
1726 1848 1901 1892 autem
1957 1840 2027 1892 ita

451 1929 654 1995 possim
687 1928 884 1992 dicere,
909 1937 971 1981 ut
1001 1926 1274 1981 vobiscum
1303 1942 1514 1997 seraper
1536 1929 1602 1980 ab
1630 1929 1818 1982 eodem
1846 1929 2029 1983 audie-

453 2018 594 2071 bam.
642 2016 747 2071 Sed
795 2032 858 2070 ea
885 2034 1003 2087 quae
1041 2033 1183 2071 nunc
1211 2018 1486 2082 dicuntur,
1524 2019 1597 2072 illi
1632 2019 1825 2088 placita
1866 2020 2028 2075 fuisse

453 2110 726 2163 videntur.
771 2108 951 2162 Gloria
993 2110 1136 2162 enim
1161 2119 1246 2164 est
1268 2109 1559 2177 proborum
1590 2125 1869 2165 servorum
1899 2127 2024 2167 vera

453 2199 519 2253 de
549 2199 773 2252 Domino
799 2197 979 2252 dicere
1003 2212 1017 2251 :
1046 2207 1105 2252 et
1134 2199 1306 2253 honor
1327 2213 1513 2252 eorum
1540 2212 1751 2269 patrum
1775 2202 1865 2269 qui
1890 2200 2027 2255 bene

453 2290 776 2354 docuerunt,
801 2290 845 2345 si
880 2300 1194 2359 repetantur
1223 2307 1410 2345 eorum
1446 2294 1721 2347 doctrinae.
1749 2292 1899 2349 Unus
1922 2295 2022 2365 igi¢

455 2392 545 2436 tur
584 2390 667 2436 est
701 2397 806 2435 non
838 2393 997 2437 natus
1024 2384 1164 2437 Deus
1201 2401 1215 2438 :
1256 2398 1408 2437 serva
1442 2382 1550 2454 (96)
1584 2400 1686 2437 non
1714 2396 1873 2440 natus
1899 2402 2021 2441 cum

457 2475 637 2542 Patre,
673 2485 728 2529 et
760 2490 864 2530 non
892 2477 1113 2531 habebis
1138 2476 1190 2530 in
1224 2478 1403 2531 anima
1428 2478 1792 2532 confusionem
1825 2496 1838 2531 :
1864 2493 2021 2533 serva

457 2566 765 2636 unigenitus
802 2580 923 2620 cum
953 2565 1105 2633 Filio,
1133 2576 1185 2621 et
1213 2581 1316 2621 non
1346 2567 1666 2631 turbaberis,
1721 2582 1892 2634 neque
1909 2568 2023 2636 jam

455 2662 565 2714 eris
588 2659 827 2714 incertus
866 2660 1315 2728 quemadmodum
1348 2660 1487 2713 Deus
1535 2670 1587 2712 et
1621 2659 1780 2725 Deus,
1817 2670 1871 2713 et
1915 2676 2021 2715 non

462 2749 577 2803 Dei.
618 2749 756 2816 Quia
810 2752 954 2804 enim
993 2749 1191 2803 retines
1215 2764 1353 2803 unus
1389 2749 1529 2804 Deus
1572 2764 1677 2803 non
1734 2758 1912 2816 natus,
1968 2761 2023 2807 et

458 2854 595 2893 unus
626 2841 763 2894 Deus
790 2840 1136 2908 unigenitus;
1167 2840 1284 2894 ideo
1309 2855 1412 2893 non
1437 2842 1532 2905 dii,
1557 2842 1680 2909 quia
1712 2858 1888 2912 neque
1917 2858 2018 2897 non

458 2931 598 2995 nati,
632 2944 803 3000 neque
842 2932 1098 3000 unigeniti
1135 2948 1149 2984 :
1189 2946 1346 2995 serva
1393 2932 1620 3000 figuram
1658 2949 1760 2985 non
1794 2934 1921 2997 nati,
1966 2945 2021 2989 et

455 3021 714 3077 confitere
745 3023 968 3093 figuram
998 3024 1285 3092 unigeniti,
1336 3033 1391 3076 et
1428 3024 1568 3077 nulla
1619 3025 1827 3080 turbela
1854 3037 1934 3079 est
1964 3028 2016 3080 in

460 3115 660 3179 medio,
696 3130 799 3169 non
828 3115 914 3179 lis,
949 3130 1054 3169 non
1099 3116 1394 3182 contentio,
1427 3133 1532 3171 non
1558 3119 1813 3186 jurginm.
1863 3119 2025 3173 Pater

464 3220 568 3258 non
597 3205 698 3258 sibi
729 3206 955 3259 ascribit
1001 3203 1213 3259 Patrem
1258 3223 1272 3264 :
1312 3206 1481 3262 Filius
1507 3224 1645 3262 unus
1673 3210 1773 3263 sibi
1808 3212 2029 3265 ascribit

462 3295 675 3350 Patrem
710 3315 723 3352 :
754 3296 915 3353 Pater
938 3313 967 3351 a
1007 3298 1155 3353 nullo
1185 3309 1290 3366 est,
1326 3298 1491 3355 Filius
1521 3303 1586 3355 ab
1614 3318 1719 3356 uno
1745 3312 1826 3357 est
1849 3303 2025 3358 Pal-re.

461 3387 574 3442 Non
607 3391 899 3460 suscipiunl
932 3391 1044 3446 lucc
1068 3391 1237 3457 litem,
1261 3402 1354 3447 aut
1376 3393 1574 3448 habent
1605 3394 2024 3451 dubitationem:

463 3481 528 3536 Ut
559 3495 871 3553 cognoscant
906 3495 953 3539 te
996 3484 1162 3540 solum
1197 3503 1372 3541 verum
1423 3488 1589 3543 Deum
1615 3488 1661 3519 "
1695 3507 1708 3542 :
1754 3506 1858 3545 non
1902 3492 2028 3560 quia

461 3592 565 3629 non
591 3591 714 3631 vere
735 3587 817 3631 est
845 3578 1148 3648 unigenitus
1173 3577 1342 3634 Filius
1363 3580 1477 3645 Dei,
1510 3584 1603 3636 sed
1627 3583 1751 3652 quia
1774 3598 1802 3635 a
1837 3592 2031 3637 semet-

458 3667 592 3737 ipso,
620 3677 677 3721 et
718 3685 783 3722 ex
814 3670 1123 3737 semetipso,
1153 3679 1205 3724 et
1247 3685 1341 3739 per
1366 3673 1731 3742 semetipsum,
1769 3674 1814 3727 si
1852 3682 2029 3726 tamen

460 3761 531 3813 ita
559 3761 665 3814 dici
692 3762 847 3815 debet
879 3779 891 3815 :
928 3759 1046 3814 fons
1067 3772 1121 3815 et
1148 3762 1471 3830 principium
1495 3765 1734 3816 omnium
1769 3765 2029 3818 bonorum

457 3861 541 3906 est
578 3851 757 3917 Pater,
789 3853 878 3920 qui
916 3854 1100 3922 genuit
1135 3852 1291 3907 talem
1324 3855 1514 3907 bonam
1564 3856 1890 3924 progeniem.
1926 3855 2030 3907 Bo-

463 3960 561 3996 nus
586 3945 727 3997 enim
764 3942 929 3999 Filius
954 3957 1059 4006 est,
1082 3944 1176 4000 sed
1199 3945 1339 3999 cedit
1370 3945 1661 3999 bonitatem
1694 3963 1792 3999 suo
1828 3950 2031 4017 genito-

459 4034 529 4097 ri,
559 4050 661 4087 non
687 4035 952 4089 mentiens
972 4036 1065 4089 sed
1086 4035 1260 4090 sciens
1280 4036 1421 4091 unde
1443 4047 1543 4090 est.
1574 4037 1701 4091 Sine
1730 4038 1993 4107 principio
2015 4060 2026 4095 :

456 4126 784 4195 principium
816 4137 992 4181 autem
1021 4127 1140 4180 dico
1176 4143 1278 4181 non
1314 4136 1631 4198 temporum,
1667 4145 1770 4181 non
1810 4130 2030 4186 sarculo-

462 4233 618 4284 rum;
655 4218 770 4273 ltzec
804 4220 946 4273 enim
973 4234 1068 4288 per
1103 4216 1295 4273 Filium
1331 4219 1469 4274 facta
1501 4235 1645 4280 sunt.
1686 4231 1739 4275 et
1774 4237 1877 4275 non
1906 4239 2028 4277 cum

458 4310 595 4366 Filio
660 4319 782 4365 nata
838 4328 852 4363 :
912 4324 1016 4363 non
1084 4319 1290 4363 tantum
1363 4311 1505 4364 enim
1570 4327 1675 4365 non
1745 4321 1869 4367 ante
1940 4312 2029 4367 Fi-

456 4402 586 4457 lium
625 4444 642 4471 ,
694 4412 751 4456 ut
800 4402 845 4457 si
900 4402 1056 4456 aliter
1110 4401 1238 4472 quid
1301 4401 1646 4457 introducere
1705 4418 1825 4456 cum
1889 4402 2023 4458 Filio

456 4495 728 4557 volneris,
783 4508 886 4547 non
941 4493 1176 4548 salvabis
1254 4492 1633 4562 unigenitum,
1715 4496 1808 4549 sed
1883 4496 2023 4550 sicut

456 4587 616 4642 Pater
649 4586 794 4641 solus
843 4600 945 4640 non
997 4596 1154 4639 natus
1199 4596 1305 4651 est,
1351 4596 1406 4639 et
1465 4588 1510 4641 si
1568 4588 1769 4642 dixeris
1823 4585 2018 4643 Filium

455 4694 560 4733 non
617 4689 821 4744 natum,
862 4676 1182 4747 periclitari;
1248 4678 1313 4730 de
1362 4692 1427 4731 eo
1482 4680 1623 4747 quod
1678 4680 1812 4734 dicis
1862 4696 1877 4732 :
1947 4680 2023 4735 ita

457 4772 503 4827 si
558 4771 684 4841 quid
731 4770 1125 4837 computaveris
1158 4785 1278 4824 cum
1333 4769 1626 4839 unigenito,
1660 4773 1785 4841 quid
1838 4772 2022 4842 loque-

456 4866 533 4919 ris
558 4866 793 4934 ignoras.
835 4860 982 4915 Unus
1005 4847 1148 4915 enim
1182 4872 1265 4916 est
1299 4878 1405 4916 non
1439 4872 1617 4929 natus,
1652 4873 1705 4917 et
1737 4864 1844 4919 noli
1873 4880 2020 4935 qua:-

457 4970 576 5010 rere
602 4956 763 5009 alium
818 4969 924 5008 non
982 4964 1162 5007 natum
1204 4972 1216 5009 :
1257 4970 1393 5009 unus
1441 4956 1770 5025 unigenitus,
1814 4967 1870 5012 et
1915 4959 2022 5013 noli

456 5062 696 5116 quaerere
721 5046 883 5100 alium
912 5044 1123 5111 Filium,
1154 5061 1220 5099 ne
1254 5048 1613 5116 interrumpas
1638 5050 1966 5117 unigenitum
2005 5068 2017 5103 :

458 5137 761 5208 unigenitus
790 5139 931 5192 enim
970 5152 1071 5191 non
1116 5147 1198 5191 est
1246 5153 1410 5192 unum
1442 5154 1507 5193 ex
1534 5141 1762 5209 cunctis,
1793 5141 1887 5196 sed
1928 5158 2024 5212 per

524 5254 571 5286 "
591 5254 743 5309 Joan.
778 5269 910 5320 xvu,
943 5253 1029 5306 l3.

529 5388 637 5479 (9b)
669 5406 846 5479 Serua.
874 5406 1323 5479 Tﬁpet,_observo.
1357 5407 1466 5460 Aut
1494 5407 1655 5461 etiam
1694 5416 1860 5471 tuere,
1896 5409 2021 5461 reti-

458 5476 545 5532 ne.
571 5478 739 5545 Supra
768 5476 859 5529 hb.
894 5476 1042 5531 taln
1076 5476 1335 5546 principio
1364 5489 1497 5544 erat,
1531 5494 1675 5532 serva
1709 5480 1847 5545 quod
1881 5489 2013 5543 erat,

454 5559 640 5687 eu2.97)
672 5616 723 5669 Is
749 5622 885 5675 enim
921 5622 1029 5689 qui.
1074 5617 1293 5670 Videtur
1322 5617 1423 5689 hoc
1467 5618 1599 5674 velle
1628 5635 1643 5672 :
1684 5622 1728 5673 is
1757 5620 1890 5672 enim
1930 5618 2018 5686 qui

453 5698 525 5742 est
548 5690 599 5744 in
620 5705 677 5742 eo
703 5691 790 5746 qui
814 5701 909 5747 est.
934 5688 1038 5743 non
1057 5691 1169 5740 ideo
1192 5688 1512 5753 ἁνυπάργει,
1537 5691 1630 5744 hoc
1654 5702 1750 5754 est,
1778 5707 1877 5743 non
1902 5691 2017 5744 ideo

2122 472 2215 524 per
2236 471 2396 524 quem
2421 463 2549 508 sunt
2592 454 2772 507 omnia
2802 473 2816 507 :
2852 455 2966 521 ipse
2988 468 3017 505 a
3045 452 3202 506 Patre
3250 452 3418 507 habet
3445 457 3587 522 quod
3620 465 3707 508 est

2121 548 2292 602 lueres
2328 566 2341 601 :
2373 561 2475 599 non
2505 554 2588 600 est
2621 562 2684 600 ex
2717 547 3051 599 hmreditate.
3078 545 3379 599 Consessor
3402 559 3506 599 non
3526 558 3609 600 est
3633 562 3703 600 ex

2122 639 2327 709 angelis
2360 639 2449 708 qui
2485 640 2720 703 aatant,
2771 652 2944 705 neque
2984 653 3049 692 es
3092 638 3435 708 arclrangelis
3472 657 3487 691 :
3534 638 3703 704 judes

2121 733 2361 785 omnium
2391 747 2493 785 non
2519 740 2602 786 est
2635 748 2772 787 unus
2802 748 2868 786 ex
2899 733 2980 785 his
3020 732 3108 799 qui
3143 730 3475 800 iudicantur.
3510 730 3587 784 Ne
3618 740 3733 815 ιιι-ἡ

2124 829 2310 882 trahas
2349 840 2596 882 naturam
2636 845 2759 898 qua:
2802 845 2906 882 non
2941 829 3171 891 accedit,
3220 843 3391 895 neque
3428 820 3737 902 pervenit.|

2125 919 2291 985 Quem
2319 936 2383 974 ex
2424 921 2525 974 hoc
2560 920 2816 974 debemus
2843 935 3036 986 nosse;
3078 918 3205 987 quia
3237 920 3603 987 unusquisque
3630 926 3705 971 ex

2128 1013 2210 1065 his
2253 1027 2371 1081 quae
2414 1013 2563 1076 dicit,
2627 1024 2719 1066 aut
2776 1012 3091 1083 sibimetipsi
3135 1012 3351 1080 prodest
3385 1022 3475 1065 aut
3521 1012 3703 1065 laedit.

2126 1103 2232 1157 Res
2275 1104 2414 1158 enim
2446 1121 2509 1159 ex
2546 1106 2745 1159 nostris
2796 1106 3130 1159 sermonibus
3172 1120 3277 1157 non
3319 1103 3700 1158 transferetur.

2125 1194 2260 1261 Quia
2291 1197 2448 1265 igitur
2484 1194 2651 1251 Judaei
2684 1211 2786 1249 non
2831 1198 3154 1249 confitentur
3186 1194 3399 1257 Filium,
3436 1210 3537 1247 non
3565 1194 3704 1248 ideo

2129 1305 2231 1343 non
2259 1298 2339 1342 est
2366 1287 2552 1342 Filius.
2588 1286 2854 1342 Judicabit
2891 1288 3035 1342 enim
3056 1300 3149 1341 eos
3174 1286 3267 1356 qui
3297 1301 3402 1341 non
3433 1284 3705 1341 conﬁtem-

2129 1388 2217 1433 tur
2240 1395 2362 1434 eum
2394 1398 2411 1434 :
2439 1379 2563 1447 quia
2598 1380 2811 1447 quidem
2853 1392 3048 1431 novum
3075 1376 3215 1431 istud
3244 1376 3579 1445 sacrilegium
3601 1376 3697 1429 ἰηι-

2130 1474 2481 1528 troduxerunt
2507 1474 2766 1535 dicentes,
2819 1473 3068 1526 emndem
3113 1471 3286 1539 ipsum
3316 1485 3437 1524 esse
3477 1468 3694 1523 Patrem

2130 1580 2286 1634 quem
2314 1576 2366 1621 et
2395 1562 2589 1619 Filium
2624 1580 2639 1619 :
2680 1580 2853 1631 neque
2881 1562 3092 1617 Patrem
3116 1562 3331 1617 Patrem
3366 1563 3561 1627 dicent,
3599 1578 3699 1616 ne-

2130 1670 2236 1725 que
2256 1655 2448 1708 Filium
2480 1654 2676 1709 Filium
2703 1673 2715 1708 :
2756 1654 2846 1707 sed
2877 1654 3172 1708 secundum
3202 1654 3437 1722 ipsorum
3468 1652 3696 1707 sacrile-

2128 1749 2270 1817 gium
2296 1746 2426 1800 nihil
2449 1760 2687 1813 prorsus.
2712 1744 2768 1799 Si
2785 1746 2927 1797 enim
2952 1744 3111 1798 Pater
3132 1760 3236 1799 non
3262 1755 3347 1798 est
3368 1744 3544 1810 Pater,
3568 1744 3695 1813 quia

2129 1838 2243 1907 ipse
2271 1845 2354 1891 est
2385 1848 2437 1890 et
2461 1835 2648 1898 Filius,
2694 1846 2752 1888 ut
2795 1835 2890 1902 ipsi
2923 1833 3266 1903 ﬂagitantur;
3311 1844 3364 1887 et
3394 1832 3560 1887 Filius
3588 1848 3693 1886 non

2127 1929 2319 1993 Filius,
2341 1930 2465 1998 quia
2494 1928 2606 1997 ipse
2637 1936 2718 1981 est
2745 1925 2904 1979 Pater
2933 1942 2945 1978 :
2976 1940 3145 1994 prope
3167 1933 3251 1978 est
3293 1934 3352 1977 ut
3380 1926 3560 1978 dicant
3600 1938 3694 1978 ne-

2126 2036 2231 2090 que
2260 2019 2472 2074 Patrem
2497 2034 2641 2082 esse,
2674 2033 2847 2086 neque
2877 2015 3070 2070 Filium
3104 2034 3119 2070 :
3149 2024 3206 2068 ut
3239 2030 3402 2069 unum
3431 2014 3574 2068 enim
3609 2013 3695 2067 fa-

2124 2114 2266 2168 ciunt
2298 2113 2439 2181 quod
2470 2128 2573 2166 non
2612 2111 2687 2164 fit.
2725 2109 2858 2176 Quis
2883 2110 3023 2163 enim
3063 2107 3259 2177 poterit
3283 2106 3469 2161 audire
3517 2106 3694 2175 ipsum

2125 2221 2183 2261 se
2205 2206 2307 2259 sibi
2338 2219 2458 2260 esse
2503 2203 2757 2257 Patrem?
2796 2203 2916 2272 quis
2966 2202 3162 2272 poterit
3195 2200 3408 2255 Patrem
3437 2201 3605 2269 ipsum
3634 2214 3697 2254 se

2123 2299 2228 2355 sibi
2262 2313 2382 2353 esse
2431 2295 2661 2352 Filium?
2713 2294 2770 2350 Si
2819 2296 2963 2349 enim
3016 2294 3235 2348 voluero
3270 2302 3473 2347 mutare
3507 2307 3695 2347 vocem

2124 2407 2318 2455 meam,
2355 2407 2458 2444 non
2490 2398 2726 2444 mutatur
2751 2398 2984 2442 vestrum
3014 2386 3359 2456 propositum.
3387 2385 3565 2438 Nonne
3589 2399 3693 2451 pu-

2126 2487 2250 2538 tatis
2276 2500 2358 2537 me
2394 2483 2566 2536 aliena
2609 2480 2792 2549 loqui?
2821 2479 3005 2534 Dicam
3037 2493 3166 2549 ergo
3190 2478 3342 2532 Pater
3372 2492 3471 2530 non
3498 2474 3685 2537 Pater,

2123 2584 2178 2629 et
2204 2573 2374 2628 Filius
2417 2587 2519 2626 non
2549 2570 2735 2623 Filius.
2776 2568 2907 2622 Nam
2935 2578 2988 2622 et
3022 2569 3069 2622 si
3093 2569 3301 2631 dixero,
3334 2570 3442 2634 ipse
3468 2564 3566 2618 sibi
3602 2576 3695 2619 est

2122 2666 2301 2731 Pater,
2330 2674 2382 2718 et
2407 2666 2518 2734 ipse
2537 2664 2637 2718 sibi
2663 2673 2744 2717 est
2775 2662 2972 2726 Filius;
3002 2676 3179 2715 nonne
3208 2659 3475 2714 insaniam
3503 2660 3695 2713 statim

2123 2758 2425 2828 significant
2451 2771 2727 2811 sermones
2765 2755 2905 2808 mei?
2940 2754 3031 2807 sed
3062 2768 3147 2807 me
3188 2767 3294 2806 non
3333 2762 3537 2806 tantum
3573 2767 3694 2804 mo-

2122 2860 2284 2904 veant
2316 2849 2596 2902 adversum
2644 2862 2737 2901 eos
2766 2846 2855 2913 qui
2882 2844 3154 2907 dixerunt,
3209 2851 3469 2911 quantum
3518 2852 3697 2896 movet

2121 2948 2173 2993 et
2203 2938 2462 2992 adversus
2491 2951 2586 2991 eos
2617 2938 2709 3005 qui
2762 2934 3038 3003 patiuntur
3080 2949 3093 2985 :
3121 2932 3519 2986 calumniantur
3551 2933 3694 2986 enim

2049 3056 2090 3113 ε
2125 3030 2192 3081 ab
2237 3028 2426 3081 iisdem
2476 3035 2530 3080 et
2582 3024 2889 3093 Scriptum.
2948 3020 3059 3090 Ego
3100 3036 3117 3073 :
3148 3032 3271 3075 tene
3298 3020 3430 3091 Ego,
3465 3030 3520 3074 et
3543 3035 3697 3075 serva

2128 3118 2559 3187 coniunctionem
2603 3135 2615 3171 :
2655 3116 2765 3186 Ego
2804 3125 2852 3169 et
2897 3115 3058 3167 Pater
3095 3131 3254 3168 unum
3284 3132 3465 3169 sumus
3488 3114 3554 3168 ".
3578 3112 3693 3167 Non

2128 3221 2306 3266 tamen
2354 3226 2457 3263 non
2502 3222 2710 3263 smnus.
2763 3208 3042 3263 Contraria
3088 3209 3231 3262 enim
3292 3207 3694 3275 importunitate

2130 3300 2284 3369 plena
2313 3311 2455 3355 sunt.
2507 3299 2674 3353 Filius
2722 3300 2869 3363 dicit,
2926 3298 3064 3368 Ego;
3101 3299 3188 3352 ille
3216 3299 3365 3362 dicit,
3415 3298 3529 3352 Non
3562 3312 3691 3365 ego:

2129 3391 2296 3446 Filius
2331 3392 2479 3454 dicit,
2508 3401 2562 3445 et
2609 3388 2798 3454 Pater;
2849 3391 2937 3443 ille
2960 3391 3109 3453 dicit,
3151 3404 3254 3442 non
3285 3388 3464 3444 Pater.
3501 3390 3688 3451 Unum,

2133 3484 2324 3553 inquit,
2355 3498 2570 3547 sumus;
2608 3493 2661 3536 et
2688 3482 2773 3536 ille
2808 3491 3017 3545 contra,
3049 3498 3151 3536 non
3186 3498 3391 3538 sumus.
3442 3485 3549 3537 Aut
3571 3482 3688 3553 quid

2132 3577 2388 3644 scriptum
2418 3574 2543 3628 est?
2570 3582 2663 3627 aut
2693 3574 2819 3642 quid
2851 3574 3130 3628 delemus?
3156 3585 3248 3628 aut
3270 3575 3398 3643 quid
3433 3574 3693 3645 legimus?

2129 3677 2221 3721 aut
2251 3668 2378 3736 quid
2407 3667 2780 3736 agnoscimus?
2809 3667 2916 3736 Ego
2951 3668 3003 3721 in
3034 3666 3194 3722 Patre
3239 3678 3291 3722 et
3312 3667 3471 3723 Pater
3510 3669 3561 3721 in
3590 3682 3694 3721 me.

2131 3760 2246 3815 Non
2280 3770 2454 3814 tamen
2483 3759 2607 3829 quia
2640 3774 2811 3828 neque
2839 3774 2960 3828 ego,
2999 3774 3171 3829 neque
3197 3758 3356 3814 Pater
3387 3781 3399 3813 :
3441 3760 3699 3828 quemad-

2133 3853 2347 3906 modum
2390 3861 2569 3905 autem
2616 3850 2775 3905 Pater
2812 3852 2865 3905 in
2918 3851 3075 3915 Filio,
3124 3861 3176 3905 et
3208 3842 3376 3906 Filius
3432 3852 3482 3905 in
3516 3850 3695 3914 Patre,

2131 3942 2364 3997 maxime
2385 3943 2601 4011 quidem
2623 3957 2722 3995 cur
2744 3944 2907 3995 audes
2936 3942 3213 4010 quazrere?
3241 3942 3286 3995 is
3301 3942 3444 3995 enim
3472 3941 3561 4010 qui
3586 3940 3694 4011 (97)

2130 4045 2213 4089 est
2239 4039 2291 4087 in
2322 4048 2386 4088 eo
2417 4035 2507 4104 qui
2554 4042 2655 4097 est,
2710 4048 2811 4087 non
2848 4033 2972 4102 quia
3002 4047 3103 4086 non
3147 4032 3554 4102 est'dvum’rpxst
3582 4052 3596 4086 :
3626 4049 3693 4087 an

2132 4127 2255 4194 quia
2286 4141 2388 4179 non
2413 4136 2493 4181 est
2525 4125 2684 4180 Pater
2714 4137 2771 4180 ut
2801 4127 2871 4179 sit
2914 4128 2965 4179 in
3000 4125 3133 4179 Filio
3156 4126 3489 4196 ἀνυπάρχειὶ)
3515 4140 3692 4193 neque

2132 4235 2236 4274 non
2267 4230 2348 4273 est
2376 4220 2542 4273 Filius
2572 4218 2661 4287 qui
2694 4228 2774 4273 est
2809 4219 2858 4271 in
2892 4218 3055 4273 Patre
3083 4218 3369 4288 significat.
3412 4216 3692 4285 Siquidem

2132 4320 2187 4365 et
2222 4310 2447 4380 apostoli
2480 4310 2760 4362 duodecim
2793 4324 2955 4363 tinum
2986 4319 3131 4372 sunt,
3165 4318 3219 4362 et
3249 4307 3602 4375 septuaginta,
3638 4315 3696 4361 et

2130 4402 2429 4473 quingenti,
2477 4411 2529 4455 et
2581 4410 2689 4455 tota
2729 4400 2963 4455 Ecclesia
3010 4415 3195 4453 unum.
3235 4400 3298 4453 Et
3328 4414 3391 4452 ne
3423 4408 3581 4467 putes
3610 4412 3698 4453 me

2130 4497 2193 4550 ad
2233 4496 2463 4549 humana
2493 4494 2758 4548 deducere
2786 4494 2966 4547 divina
3007 4509 3022 4546 :
3057 4493 3149 4546 sed
3180 4493 3380 4546 utimur
3417 4505 3700 4558 compara-

2130 4588 2368 4641 tionibus
2403 4602 2524 4639 cmn
2576 4586 2905 4655 indulgentia
2948 4586 3086 4655 apud
3136 4583 3353 4649 fratres,
3396 4594 3451 4639 et
3484 4593 3700 4638 maneat

2130 4683 2270 4735 Deus
2312 4690 2371 4733 ut
2417 4690 2515 4732 est.
2552 4679 2758 4732 Tamen
2795 4680 2838 4732 si
2893 4677 3192 4732 dixerimus
3244 4676 3697 4743 quemadmodum

2123 4771 2297 4824 omnis
2333 4770 2569 4824 Ecclesia
2604 4785 2723 4839 qua:
2771 4772 2971 4839 ubique
3017 4782 3121 4836 est,
3153 4786 3318 4824 unum
3350 4785 3547 4837 corpus
3580 4779 3695 4832 est;

2123 4863 2299 4917 nullus
2339 4863 2700 4930 reprehendat
2733 4880 2747 4917 :
2799 4864 2923 4929 quia
2971 4876 3073 4916 non
3113 4864 3375 4915 mentitur
3437 4865 3573 4915 Deus
3603 4863 3698 4931 qui

2124 4956 2257 5009 dixit
2289 4974 2301 5008 :
2336 4953 2446 5023 Ego
2480 4957 2534 5008 in
2567 4957 2711 5023 ipsis,
2742 4966 2788 5007 et
2812 4966 2865 5008 tu
2890 4958 2943 5008 in
2966 4972 3045 5009 me
3066 4956 3132 5008 ".
3167 4954 3280 5009 Non
3313 4957 3436 5024 quia
3463 4957 3699 5024 abnega-

2126 5052 2325 5102 tionem
2362 5047 2535 5102 Patris
2585 5049 2866 5117 irreligiosi
2922 5064 3196 5103 sermones
3252 5050 3470 5112 docent,
3526 5062 3701 5117 neque

2124 5141 2266 5209 quod
2299 5158 2405 5195 non
2438 5142 2509 5195 sit
2560 5142 2604 5196 is
2628 5144 2717 5210 qui
2750 5144 2954 5213 genuit,
3011 5158 3185 5212 neque
3225 5142 3558 5210 spretiouem
3584 5140 3702 5209 ejus

1106 5252 1152 5283 "
1180 5251 1336 5307 Joan.
1368 5267 1421 5317 x,
1454 5252 1544 5307 30.
1617 5253 1664 5285 9'
1690 5250 1847 5308 Joan.
1874 5268 2011 5318 xvn,
2044 5252 2133 5307 25.

2123 5425 2227 5483 non
2273 5411 2529 5466 subsistit.
2561 5412 2647 5483 Au
2677 5412 2792 5466 ideo
2832 5408 2989 5465 Pater
3023 5412 3345 5483 ἀνυπάρχει,
3390 5426 3492 5483 nou
3527 5409 3699 5483 subsi-

2125 5480 2377 5551 stit,quia
2405 5496 2479 5535 est
2520 5484 2573 5535 iu
2603 5480 2786 5539 Filio?
2819 5484 3012 5552 Igitur,
3048 5479 3222 5552 neque
3243 5479 3418 5534 Filius
3452 5479 3697 5551 ἀνυπάρ-

2125 5568 2229 5621 χει,
2254 5568 2357 5604 ηοη
2379 5554 2631 5615 subsistit,
2655 5554 2780 5620 quia
2805 5564 2877 5605 est
2907 5554 2961 5604 in
2995 5551 3169 5621 Patre.
3204 5552 3437 5620 Respicit
3471 5555 3537 5602 ad
3566 5552 3695 5604 Illud

2123 5623 2364 5743 ἄιεῖξᾶᾹὲ
2387 5622 2473 5687 18,
2502 5636 2557 5679 et
2591 5623 2816 5691 x1v,i0,
2850 5625 2906 5676 il
2939 5640 2951 5674 :
2984 5620 3148 5678 Pater
3178 5624 3230 5675 in
3267 5639 3345 5675 me
3380 5632 3473 5685 est,
3509 5635 3556 5678 et
3598 5642 3693 5694 ego

2122 5709 2177 5745 ιη
2208 5702 2381 5745 l’utn’.
