4050 6206
380 284 524 352 1068

1230 281 1318 338 os
1356 274 1511 341 FIDE
1548 273 1917 341 ADVERSUS
1951 272 2361 340 SABELLIUM.
2404 312 2469 321 —-
2510 274 2640 338 Lm.
2674 278 2737 339 ιι.

3488 288 3625 348 1066

380 409 476 480 qui
515 415 599 464 est
628 403 860 477 genitus.
895 399 999 454 Sed
1028 399 1074 455 si
1108 413 1212 453 non
1245 412 1329 455 est
1358 400 1548 460 Filius.
1591 411 1641 457 et
1686 402 1956 471 quomodo
1985 407 2031 461 Α
2062 408 2282 467 prepter
2317 408 2587 450 naturam.
2649 396 2725 451 Ex
2769 396 2988 469 Virgine
3031 400 3080 453 in
3138 401 3443 458 novissimis
3485 416 3622 459 tem-

382 510 514 558 sunt
549 516 609 554 ea
637 512 756 567 qua:
784 509 877 564 per
913 492 1107 546 Filium
1132 491 1270 546 facta
1303 505 1428 546 sunt
1450 495 1473 546 ?
1498 492 1611 547 Non
1640 505 1721 548 est
1752 493 1955 547 Filius:

383 599 439 644 et
467 604 584 657 qua:
612 597 692 639 est
718 582 876 649 spes?
906 580 1019 635 Non
1046 591 1130 634 est
1180 583 1271 650 qui
1296 582 1505 650 jndicat
1539 601 1555 639 :
1590 592 1643 637 et
1698 585 1961 653 quemad-

385 682 600 735 modum
628 674 927 745 jmlicium?
955 674 1069 728 Non
1093 685 1176 728 est
1197 675 1287 744 qui
1318 684 1543 729 corOuat
1571 694 1583 729 :
1614 687 1668 730 et
1693 678 1960 744 quomodo

387 772 636 825 labores?
664 769 752 823 Est
802 784 939 822 unus
971 783 1129 836 quem
1174 768 1351 820 nnllns
1389 769 1594 836 genuit,
1626 778 1682 821 et
1711 769 1959 835 unigeni-

388 871 474 918 tns
505 878 655 930 quem
688 876 825 913 unus
854 862 1058 930 genuit.
1091 859 1293 914 Genuit
1326 876 1457 914 sane
1506 862 1912 928 itnpassibiliter
1941 876 1955 913 :

386 966 577 1011 nonut
612 970 736 1020 nos,
787 956 876 1009 sed
921 963 980 1007 ut
1024 954 1108 1006 ille
1145 971 1158 1007 :
1211 970 1314 1007 non
1347 964 1403 1006 ut
1436 953 1626 1022 planta:
1671 970 1790 1023 qua:
1819 955 1957 1025 apud

387 1063 482 1103 nos
506 1057 650 1109 sunt,
676 1063 780 1099 non
818 1058 875 1100 ιιι
904 1046 1095 1109 fontes,
1125 1064 1227 1098 non
1268 1056 1325 1099 ιιι
1350 1046 1425 1100 sol
1460 1064 1473 1100 :
1514 1047 1646 1100 nihil
1676 1048 1819 1101 enim
1858 1049 1957 1102 ho-

386 1156 500 1196 rum
541 1156 659 1210 quae
698 1140 787 1194 hic
812 1148 957 1204 sunt,
997 1138 1347 1206 interpretari
1382 1138 1524 1190 illam
1555 1141 1955 1208 generationem

385 1242 626 1303 possunt.
657 1229 880 1285 Omnem
917 1231 1061 1284 enim
1094 1230 1358 1282 tnrbelam
1397 1229 1647 1285 humana:
1674 1246 1953 1299 compara-

383 1327 556 1379 tiones
575 1325 796 1386 iaciunt,
814 1340 933 1377 cum
955 1323 1243 1389 accipimus
1261 1337 1362 1375 non
1390 1322 1579 1375 similia
1602 1323 1666 1375 ad
1688 1325 1953 1392 interpre-

384 1418 639 1469 tationem
670 1430 851 1468 eorum
882 1430 1000 1483 quae
1028 1414 1364 1482 interpretari
1403 1428 1508 1465 non
1555 1424 1797 1482 possunt.
1834 1414 1956 1469 Ideo

383 1507 537 1573 lites,
571 1508 691 1560 ideo
732 1522 921 1574 pugna:
962 1518 1275 1559 nascuntur.
1320 1504 1375 1559 Si
1423 1516 1599 1560 autem
1633 1508 1957 1563 mouerimus

384 1615 448 1653 ea
482 1615 599 1666 quia:
632 1614 790 1667 supra
820 1612 1003 1651 vocem
1045 1608 1275 1669 sunt,el
1316 1598 1610 1653 dixerimus
1659 1601 1952 1668 possibilia,

386 1690 619 1743 cessabit
650 1689 863 1742 bellum.
902 1688 1037 1756 Quid
1091 1705 1220 1756 ergo
1252 1690 1494 1745 dicemus
1531 1691 1554 1744 ?
1598 1690 1663 1745 In
1698 1694 1953 1761 principio

386 1792 496 1833 erat
530 1779 773 1836 Verbum.
804 1780 936 1847 Quis
968 1782 1141 1836 adhuc
1170 1783 1364 1850 poterit
1394 1784 1643 1854 jurgari?
1674 1786 1805 1839 Nam
1829 1798 1883 1839 et
1909 1790 1952 1842 si

383 1871 656 1939 jurgatnr,
684 1889 786 1926 non
840 1874 931 1927 tibi
963 1876 1055 1928 sed
1082 1872 1296 1938 Joanni,
1347 1886 1401 1931 et
1433 1879 1633 1946 pectori
1685 1879 1894 1933 Domini
1925 1896 1954 1933 a

387 1979 494 2033 quo
524 1965 700 2020 hausit
721 1964 974 2022 Joannes.
1018 1967 1154 2033 Quid
1181 1969 1436 2037 relinquis
1460 1986 1521 2024 ea
1554 1986 1673 2041 qua:
1697 1982 1819 2025 sunt
1841 1973 1957 2027 sine

390 2058 644 2125 periculo,
680 2068 732 2112 et
781 2059 831 2113 in
860 2058 1116 2113 ﬂuctibus
1164 2071 1547 2129 tempestatum
1602 2065 1957 2133 periclitaris?

389 2148 505 2204 Noli
532 2152 710 2205 dicere
741 2162 850 2216 tua,
886 2163 939 2206 et
968 2152 1145 2207 nullus
1178 2162 1229 2207 te
1253 2155 1455 2223 arguit.
1485 2155 1657 2209 Dicito
1686 2171 1803 2225 quae
1833 2159 1957 2211 scri-

390 2252 476 2311 pta
506 2252 652 2307 sunt,
687 2253 740 2297 et
779 2245 955 2299 nullus
998 2256 1046 2299 te
1090 2248 1435 2315 reprehendit
1470 2267 1483 2303 :
1518 2251 1733 2303 etiamsi
1778 2266 1959 2319 repte-

386 2336 653 2403 benderit,
692 2340 1039 2405 semetipsum
1099 2341 1296 2409 potius,
1332 2350 1387 2395 et
1435 2357 1539 2394 non
1579 2351 1650 2397 te.
1685 2343 1783 2408 Qui
1813 2343 1955 2397 enim

383 2427 566 2483 divina
605 2432 969 2498 reprehendit,
997 2432 1177 2486 divina
1224 2435 1441 2502 quidem
1478 2450 1581 2488 non
1614 2436 1844 2502 delebit;
1874 2452 1957 2492 se—

383 2522 669 2589 metipsmn
703 2523 932 2578 alienmn
982 2543 1010 2578 a
1049 2525 1245 2579 divinis
1282 2528 1599 2580 ceustitnet.
1655 2526 1849 2592 Dicito,
1890 2529 1956 2584 In

381 2615 641 2683 principio
695 2626 804 2669 erat
848 2615 1091 2681 Verbum,
1149 2626 1203 2671 et
1268 2618 1645 2688 relinquuntur
1695 2629 1952 2689 tempora.

392 2706 591 2768 Dicito,
622 2705 689 2759 In
726 2708 981 2777 principio
1004 2719 1137 2773 erat,
1162 2719 1215 2763 et
1247 2711 1501 2764 deﬁciunt
1527 2711 1736 2766 saecula.
1762 2713 1952 2777 Dicito,

387 2795 457 2849 In
493 2797 753 2863 principio
789 2810 924 2863 erat,
960 2809 1013 2852 et
1057 2800 1185 2855 nihil
1218 2817 1336 2855 cum
1385 2803 1499 2870 ipso
1542 2811 1660 2858 erat
1700 2802 1951 2859 Verbmn.

390 2885 525 2950 Quia
569 2900 697 2953 ergo
741 2896 853 2940 erat
882 2887 1086 2942 dictum
1145 2897 1247 2954 est,
1300 2907 1364 2945 ne
1412 2902 1565 2961 putes
1597 2908 1783 2948 vocem
1815 2912 1828 2948 :
1855 2909 1955 2947 vox

390 2980 556 3044 enim,
604 2992 713 3034 erat
749 2998 851 3036 non
881 2984 1133 3053 Suscipiet
1181 3003 1193 3038 :
1232 2986 1274 3038 si
1310 2986 1527 3056 quidem
1566 3004 1686 3042 cum
1739 2988 1952 3049 dicitur,

395 3081 521 3125 tunc
551 3072 797 3129 elﬁcitur.
850 3072 1030 3143 Neque
1073 3077 1215 3129 enim
1275 3088 1562 3146 antequam
1600 3079 1808 3133 dicatur
1850 3064 2024 3158 est,'C

390 3177 568 3232 neque
596 3175 773 3233 postea
830 3180 986 3233 quam
1037 3166 1197 3221 fuerit
1238 3170 1400 3231 dicta,
1453 3179 1564 3223 erat
1602 3170 1781 3224 habet.
1817 3170 1949 3235 Quia

391 3271 521 3326 ergo
555 3267 686 3324 erat,
736 3274 838 3313 non
870 3274 973 3313 vox
1020 3269 1122 3325 est,
1154 3263 1245 3315 sed
1299 3260 1531 3316 Verbum
1584 3279 1600 3316 :
1638 3263 1793 3330 quale
1823 3262 1953 3317 Ver-

391 3345 553 3399 bum‘i
606 3346 661 3401 Si
716 3363 821 3402 non
852 3350 987 3403 dixit
1025 3346 1279 3416 Joannes,
1308 3368 1611 3420 qmeratnus
1655 3352 1738 3405 :si
1777 3364 1953 3407 autem

394 3439 546 3503 dixit,
588 3441 713 3509 quid
754 3442 1088 3511 quaeremus?
1126 3442 1194 3495 Et
1228 3445 1385 3512 Deus,
1425 3444 1621 3514 inquit.
1666 3456 1777 3498 erat
1823 3444 1955 3498 Ver-

390 3532 531 3585 bum.
563 3532 639 3588 Τιι
672 3536 805 3589 dicis
826 3551 1032 3602 vocem,
1064 3535 1299 3590 Joannes
1334 3547 1511 3590 autem
1554 3536 1650 3598 ait,
1679 3548 1788 3589 erat
1828 3535 1953 3590 Ver-

392 3625 534 3679 bum.
577 3627 641 3680 Ιαίι
670 3627 711 3680 si
742 3628 827 3681 ille
855 3628 1071 3691 dixerit,
1105 3627 1169 3681 Et
1210 3625 1426 3681 Verbum
1462 3638 1570 3681 erat
1597 3629 1736 3695 apud
1771 3628 1953 3692 Deum,

393 3722 451 3769 tu
479 3716 614 3770 dicis
638 3719 689 3770 in
716 3717 841 3783 Deo,
868 3730 921 3772 et
954 3734 1059 3772 non
1082 3720 1221 3788 apud
1251 3718 1437 3772 Deum.
1462 3716 1532 3771 Ut
1564 3722 1705 3771 enim
1730 3720 1819 3782 sit,
1852 3735 1955 3773 non

389 3818 571 3864 tamen
608 3818 664 3863 ut
700 3812 966 3881 cogitatus
1015 3813 1085 3865 sit
1118 3830 1132 3866 :
1168 3826 1343 3879 neque
1383 3811 1577 3862 iterum
1620 3820 1676 3863 ut
1706 3826 1826 3870 vox,
1863 3811 1956 3864 sed

389 3899 557 3955 Filius
592 3918 607 3956 :
640 3918 739 3955 vox
771 3903 910 3956 enim
959 3903 1118 3956 habet
1154 3902 1345 3955 fratres
1381 3901 1522 3955 :‘tnei
1574 3903 1716 3954 enim
1756 3903 1844 3972 qui
1879 3904 1956 3954 di-

388 4007 583 4047 cuntur
612 4010 887 4048 sermones
914 3996 1181 4064 prioribus
1206 3993 1388 4046 verbis
1420 4002 1543 4046 sunt
1564 3990 1756 4045 fratri-5
1791 4010 1802 4045 :
1839 3992 1957 4044 uni-

390 4086 599 4154 genitus
623 4096 797 4138 autem
833 4102 935 4139 non
968 4085 1191 4153 suscipit
1227 4084 1438 4136 fratres.
1475 4082 1605 4135 Nam
1642 4094 1694 4137 et
1725 4084 1766 4136 si
1801 4094 1956 4136 vocat

388 4180 599 4238 l'ratres,
633 4178 1081 4246 nuncupationem
1122 4178 1303 4230 donat.
1339 4175 1396 4228 Si
1426 4185 1606 4228 autctn
1640 4184 1693 4227 et
1724 4175 1954 4227 coita-re-

389 4268 481 4321 des
506 4284 710 4330 smnus,
744 4284 846 4320 non
890 4278 1094 4320 natura:
1126 4268 1219 4318 sed
1263 4266 1449 4333 gloria!
1495 4265 1787 4333 accipimus
1817 4263 1950 4335 (98).

386 4361 467 4416 Ad
494 4361 635 4414 illam
662 4361 805 4414 enim
854 4371 1098 4413 naturam
1133 4375 1303 4427 neque
1347 4356 1632 4427 pervenies
1661 4368 1736 4418 ιιι,
1783 4370 1954 4426 neque

2060 492 2298 560 poribus,
2354 503 2419 543 ex
2473 489 2580 543 Deo
2629 499 2754 543 ante
2806 492 3021 545 sarcula.
3078 494 3153 546 Ex
3202 489 3441 565 Virgine,
3503 512 3623 549 cum

2060 582 2406 645 hominibus;
2459 596 2524 635 ex
2566 580 2674 634 Deo
2712 591 2889 634 autem
2940 595 3063 637 ante
3101 599 3310 639 onmes.
3368 585 3490 639 Istic
3534 601 3626 641 er-

2060 688 2127 740 go
2157 683 2210 727 et
2244 674 2694 742 dispensationem
2733 676 3017 740 conﬁtere,
3063 686 3116 730 et
3154 685 3403 731 naturam
3448 679 3627 733 delere

2060 765 2185 829 noli,
2226 781 2321 820 nec
2364 766 2673 835 exstinguas
2716 769 2808 821 tibi
2863 767 3038 822 lumen
3074 770 3170 839 (l).
3224 768 3279 824 Si
3326 771 3539 838 quidem
3570 779 3627 826 et

2060 857 2147 924 qui
2179 858 2363 911 oculos
2391 858 2645 912 claudunt
2675 876 2821 926 suos,
2866 876 2968 913 non
3018 861 3192 916 lumen
3249 864 3620 931 exstinguunt.

2058 953 2150 1005 sed
2176 951 2271 1020 ipsi
2302 952 2501 1006 lumine
2525 970 2627 1031 non
2665 954 2933 1007 fruuntur.
2969 953 3098 1007 Nam
3127 964 3179 1008 et
3209 954 3251 1009 si
3277 956 3396 1025 quis
3439 954 3621 1009 lmneu

2059 1058 2244 1096 vermn
2276 1059 2379 1097 non
2424 1045 2583 1099 fuerit
2631 1046 2934 1109 confessus,
2983 1063 3084 1099 non
3135 1047 3259 1100 illud
3308 1048 3470 1113 delet,
3527 1050 3622 1103 sed

2060 1136 2172 1202 ipse
2206 1148 2381 1189 manet
2405 1138 2456 1189 in
2487 1140 2741 1193 tenebris.
2791 1141 2862 1193 Ita
2912 1142 3051 1194 cnim
3095 1141 3208 1210 ipse
3242 1142 3404 1197 Filius
3437 1143 3567 1197 dicit
3603 1161 3617 1199 :

2060 1226 2162 1290 Qui
2194 1244 2294 1281 non
2352 1231 2630 1283 crediderit
2671 1233 2722 1284 in
2763 1229 2982 1295 Filium,
3022 1251 3122 1285 mm
3168 1235 3379 1295 videbit,
3412 1236 3500 1288 sed
3540 1236 3620 1289 ira

2059 1319 2155 1372 Dei
2178 1332 2349 1374 manet
2385 1340 2539 1391 super
2562 1325 2725 1385 ipsum
2755 1325 2822 1379 '3.
2850 1327 2977 1390 Qum
3017 1326 3129 1379 ira?
3168 1326 3256 1380 illa
3289 1329 3471 1397 utique
3504 1343 3623 1397 qua

2059 1412 2126 1464 ab
2152 1412 2324 1467 initio.
2364 1413 2463 1479 Qui
2495 1417 2636 1469 enim
2687 1432 2792 1470 non
2841 1411 3127 1472 conﬁtetur
3168 1434 3289 1473 eum
3337 1436 3430 1489 per
3464 1436 3620 1490 quem

2058 1514 2344 1558 revocatur
2380 1508 2668 1571 sententia,
2698 1510 2808 1577 ipse
2846 1510 3126 1564 adversum
3156 1527 3214 1565 se
3246 1513 3417 1581 ipsum
3468 1529 3622 1568 revo-

2056 1604 2145 1648 cat
2181 1598 2522 1650 sententiam.
2555 1598 2770 1667 Negotia
2811 1602 2953 1654 enim
2987 1614 3234 1671 separata
3281 1604 3480 1659 habent
3522 1622 3622 1660 na-

2057 1694 2232 1739 turam
2269 1704 2282 1739 :
2313 1690 2479 1742 nostri
2518 1702 2694 1744 antem
2719 1692 2978 1759 cogitatus
3012 1694 3280 1761 accipiunt
3319 1696 3567 1760 fructum.
3589 1713 3620 1751 a

2058 1779 2286 1834 veritate
2307 1781 2522 1849 quidem
2555 1783 2735 1844 vitam,
2769 1800 2797 1836 a
2824 1784 3102 1838 mendacio
3136 1796 3312 1838 autem
3344 1802 3534 1841 noxam
3564 1797 3621 1843 et

2057 1870 2428 1940 perditionem.
2463 1873 2517 1925 Si
2551 1874 2670 1942 quis
2701 1875 2844 1928 enim
2889 1875 3217 1943 percusserit
3257 1886 3416 1945 caput
3460 1893 3617 1934 suum

2058 1962 2121 2014 ad
2162 1973 2386 2031 petram,
2415 1976 2565 2033 petra
2597 1967 2810 2034 quidem
2852 1967 2964 2035 ipsa
2996 1976 3195 2033 manet,
3240 1979 3402 2037 caput
3436 1981 3615 2024 autem

2057 2050 2125 2105 ab
2156 2053 2460 2123 insipientia
2503 2056 2697 2124 accipit
2727 2055 2958 2123 plagam,
3000 2056 3137 2112 forte
3165 2067 3342 2111 autem
3377 2068 3431 2112 et
3474 2059 3619 2127 peri-

2062 2145 2261 2199 culum.
2308 2146 2445 2200 Dicit
2503 2162 2633 2202 sane
2685 2156 2740 2202 et
2796 2139 3081 2215 Apostolus
3134 2165 3148 2201 :
3199 2146 3619 2204 Fundamentum

2056 2237 2202 2290 aliud
2223 2254 2368 2292 nemo
2395 2249 2561 2309 potest
2579 2257 2770 2308 ponere
2813 2252 3002 2309 printer
3027 2258 3143 2294 eum
3181 2243 3271 2311 qui
3304 2253 3375 2295 est
3418 2245 3619 2312 positus

2056 2325 2295 2384 Christus
2343 2330 2495 2385 Jesus
2538 2333 2619 2398 ’9;
2684 2343 2738 2386 et
2786 2333 2973 2387 iterum
3024 2354 3037 2389 :
3088 2332 3246 2387 Petra
3302 2348 3477 2389 autem
3509 2346 3621 2390 erat

2056 2418 2291 2495 Christus
2320 2423 2358 2473 ί.
2406 2422 2461 2476 Si
2495 2422 2561 2475 ad
2608 2422 2764 2476 istam
2817 2434 3023 2491 petram
3075 2435 3235 2495 caput
3288 2427 3620 2495 percusseris

2056 2494 2229 2572 tuum,
2260 2511 2485 2567 scissum
2512 2523 2596 2567 est
2625 2515 2765 2583 quod
2811 2516 3022 2570 volebas
3051 2534 3064 2570 :
3110 2494 3154 2571 si
3185 2494 3360 2572 autent
3403 2520 3617 2575 cnnl'es-

2055 2620 2149 2657 sus
2178 2603 2345 2657 fueris
2378 2605 2578 2668 lumen,
2611 2605 2833 2659 habebis
2877 2609 3016 2675 quod
3050 2609 3347 2667 conﬁteris.
3384 2610 3440 2665 Si
3471 2612 3615 2666 enim

2055 2693 2276 2762 apostoli
2311 2695 2627 2763 quibusdam
2660 2696 2874 2763 quidem
2904 2697 3037 2751 odor
3066 2700 3252 2753 mortis
3285 2700 3350 2753 ad
3382 2708 3611 2754 mortem

2055 2795 2199 2847 sunt,
2226 2784 2547 2852 quibusdam
2584 2795 2759 2838 autem
2805 2788 2938 2839 odor
2981 2789 3101 2841 vita:
3136 2788 3201 2842 ad
3239 2790 3432 2853 vitam;
3467 2790 3511 2843 si
3541 2789 3615 2843 illi

2054 2873 2144 2941 qui
2186 2890 2278 2940 per
2317 2873 2587 2929 Christum
2633 2877 2710 2929 sal
2756 2886 2901 2935 sunt.
2949 2886 2999 2930 el
3052 2880 3142 2948 qui
3197 2895 3291 2949 per
3345 2880 3616 2935 Christum

2055 2965 2334 3018 luminaria
2369 2966 2691 3030 eﬂlciuntnr,
2732 2969 2797 3021 ad
2838 2981 3063 3023 mortem
3110 2980 3164 3025 et
3211 2972 3276 3025 ad
3320 2972 3483 3025 vitam
3535 2973 3618 3027 his

2055 3058 2143 3126 qni
2184 3060 2407 3113 credunt
2432 3070 2485 3113 et
2515 3062 2603 3128 qui
2652 3077 2753 3114 non
2802 3063 3030 3116 credunt
3078 3064 3387 3118 habentur:
3418 3076 3619 3134 quanto

2059 3150 2226 3219 magis
2262 3152 2305 3204 is
2346 3153 2434 3220 qui
2476 3153 2697 3205 donavit
2744 3154 2856 3208 lucc
2899 3156 3205 3210 hominibus
3239 3156 3524 3211 Christus?
3561 3157 3619 3210 Si

2054 3242 2190 3309 quis,
2237 3242 2429 3312 inquit,
2483 3258 2570 3296 vos
2610 3260 2710 3297 non
2758 3248 3060 3315 susceperit,
3121 3260 3360 3301 exeuntes
3401 3250 3621 3301 excutite

2056 3336 2314 3398 pulverem
2355 3342 2418 3387 de
2456 3337 2670 3404 pedibus
2701 3338 2880 3390 vestris
2923 3354 2942 3391 :
2983 3338 3306 3393 tolerabilius
3344 3341 3479 3393 enim
3517 3342 3621 3394 erit

2058 3434 2209 3478 terra!
2256 3426 2606 3480 Sodomorum
2638 3430 2693 3480 in
2736 3430 2818 3481 die
2850 3429 3059 3496 iudicii,
3102 3448 3255 3500 quam
3296 3434 3491 3486 civitati
3540 3434 3621 3488 illi

2053 3532 2268 3584 quwuos
2298 3532 2397 3569 non
2424 3518 2638 3585 suscipit
2668 3518 2757 3585 qui
2783 3534 2814 3569 a
2843 3535 2924 3571 me
2955 3520 3100 3572 missi
3129 3522 3250 3573 estis
3281 3523 3317 3574 '.
3349 3524 3403 3576 Si
3441 3537 3618 3582 autem

2056 3610 2178 3676 quis
2202 3609 2372 3676 ipsum
2407 3625 2509 3662 non
2537 3610 2833 3677 susceperit
2858 3612 3129 3663 Christum
3167 3630 3179 3664 :
3219 3617 3344 3680 qutd
3383 3616 3427 3668 si
3453 3619 3616 3671 etiam

2060 3715 2163 3752 non
2190 3696 2360 3753 solum
2392 3716 2496 3752 non
2528 3700 2848 3768 susceperit.
2875 3703 2968 3757 sed
3009 3704 3318 3759 interimere
3353 3708 3621 3765 voluerit?

2057 3790 2099 3843 si
2122 3806 2284 3844 ausus
2313 3793 2433 3860 quis
2472 3792 2629 3845 fuerit
2654 3794 2852 3850 dicere.
2882 3794 3002 3860 quia
3040 3782 3155 3847 sine
3182 3794 3314 3850 Filio
3346 3809 3428 3851 est
3451 3797 3612 3864 Dens,

2056 3891 2146 3935 aut
2176 3883 2297 3950 quia
2352 3884 2468 3936 sine
2512 3882 2672 3937 Patre
2719 3895 2803 3937 est
2853 3883 3060 3938 Filius?
3111 3884 3234 3940 llaec
3284 3888 3426 3940 enim
3474 3903 3618 3944 nunc

2056 3972 2271 4039 quidam
2317 3972 2717 4025 calumniantur
2758 3976 3021 4038 dicentes,
3071 3976 3196 4044 quia
3230 3977 3343 4045 ipse
3384 3979 3485 4033 sibi
3535 3990 3619 4036 est

2057 4060 2235 4124 Pater,
2272 4061 2384 4129 ipse
2412 4072 2496 4115 est
2522 4074 2574 4114 et
2602 4062 2787 4125 Filius,
2818 4074 2998 4119 etnon
3040 4077 3123 4118 est
3164 4064 3351 4123 Filius.
3388 4066 3444 4123 Si
3472 4070 3615 4123 enim

2054 4150 2215 4207 Pater
2239 4155 2347 4224 ipse
2371 4155 2472 4206 sibi
2510 4165 2591 4207 est
2622 4165 2803 4223 pater,
2850 4172 2951 4210 non
2984 4168 3069 4210 est
3114 4157 3294 4224 Pater,
3341 4163 3465 4230 quia
3504 4163 3619 4229 ipse

2054 4244 2154 4298 sibi
2204 4256 2258 4297 et
2311 4246 2449 4297 ﬁlius
2508 4256 2606 4301 est.
2657 4258 2713 4299 nt
2750 4249 2917 4301 aiunt.
2964 4248 3219 4303 Ludimus
3266 4250 3318 4303 in
3366 4252 3607 4309 divinis:

2056 4331 2441 4385 irrationabilia
2468 4336 2609 4385 enim
2648 4334 2749 4387 ista
2781 4350 2847 4387 ne
2877 4335 3089 4403 quidem
3116 4337 3267 4405 parvi
3298 4340 3615 4408 suscipiunt.

387 4454 527 4507 ullus
565 4454 853 4522 perveniet.
895 4452 1047 4505 Sicut
1078 4452 1221 4505 enim
1257 4449 1418 4503 Pater
1453 4451 1670 4515 eminet,
1700 4460 1752 4503 et
1791 4466 1950 4519 supra
1985 4451 2027 4504 D
2059 4421 2135 4476 De
2163 4424 2247 4522 his
2289 4438 2419 4477 ⁵³¹¹θ
2457 4429 2795 4522 ⁵θ¹’¹¹¹ξ)¹¹¹¹ξ¹¹⁸
2832 4442 2993 4479 """m
3037 4427 3407 4483 breViSSil'm“
3441 4431 3617 4485 ί¹¹ί³¹¹⁶

385 4558 598 4597 omnem
630 4556 871 4597 naturam
889 4553 967 4595 est
995 4546 1134 4611 quod
1159 4554 1235 4595 cst
1257 4559 1359 4595 non
1380 4553 1573 4595 natus:
1607 4542 1677 4594 ita
1705 4554 1756 4595 et
1784 4540 1948 4595 Filius

384 4649 545 4703 supra
578 4649 766 4688 omnes
797 4634 1025 4687 habetur
1059 4633 1110 4686 in
1142 4649 1205 4687 eo
1237 4634 1379 4701 quod
1409 4643 1487 4687 cst
1517 4634 1794 4701 progenies
1820 4646 1946 4684 vera

387 4726 526 4780 Deus
553 4727 693 4796 apud
726 4726 915 4790 Deum,
949 4726 1084 4779 Dens
1120 4726 1185 4777 ad
1216 4726 1490 4778 dexteram
1525 4726 1636 4784 Dei,
1672 4724 1808 4777 Deus
1837 4722 1947 4777 for-

387 4820 474 4883 tis,
508 4819 645 4872 Dens
674 4834 830 4886 quem
879 4819 1029 4870 unxit
1060 4816 1222 4869 Dens.
1270 4814 1577 4885 Agnoscitis
1633 4814 1942 4882 prophetica

386 4911 546 4963 verba
581 4910 715 4980 (99).
750 4909 888 4974 Quitl
918 4910 991 4961 ait
1021 4910 1276 4977 propheta
1310 4906 1515 4959 David?
1542 4905 1667 4958 Ideo
1706 4905 1849 4957 unxit
1877 4916 1944 4968 te,

383 5001 543 5063 Deus,
572 5002 706 5055 Deus
730 5012 845 5053 tuus
865 5000 932 5053 ".
964 4998 1093 5052 Nam
1123 5011 1175 5052 et
1198 4999 1350 5052 fortis
1380 4998 1551 5051 dictus
1590 5009 1672 5051 cst
1704 4996 1771 5049 ab
1792 4996 1945 5058 Isaia,

382 5102 436 5146 et
468 5093 603 5145 Deus
634 5094 898 5146 nobiscum
921 5093 987 5155 ’⁷,
1028 5108 1147 5145 cum
1172 5107 1237 5144 ex
1264 5090 1500 5159 Virgine.
1538 5088 1797 5153 Nonergo
1828 5104 1947 5140 cum

381 5183 709 5253 cx~Virgine
752 5193 878 5236 tunc
928 5182 1089 5246 Dens,
1136 5182 1229 5235 sed
1290 5182 1568 5236 nobiscum
1623 5190 1768 5232 tunc.
1827 5179 1942 5233 Non

382 5273 615 5344 primum
652 5290 718 5328 ex
758 5273 995 5344 Virgine,
1036 5274 1127 5327 sed
1163 5272 1392 5340 primum
1432 5286 1497 5325 ex
1539 5269 1667 5324 Deo.
1710 5270 1783 5324 Ex
1827 5270 1944 5321 Vir-

380 5365 506 5436 gine
552 5368 692 5421 cnim
743 5379 959 5437 propter
998 5364 1473 5435 dispensationem,
1513 5378 1574 5416 ex
1620 5364 1723 5417 Deo
1762 5373 1940 5417 autem

448 5476 496 5509 ”
523 5475 667 5532 Psal.
698 5494 836 5544 thv,
863 5479 916 5533 8.
1017 5478 1061 5509 ’⁷
1083 5478 1261 5545 lsa.v,
1292 5477 1363 5543 6;
1397 5492 1489 5537 vn,
1524 5476 1609 5530 lt.

379 5559 434 5614 x,
460 5548 547 5613 ts,
578 5549 663 5606 t5.

722 5648 844 5726 Non
882 5659 1123 5726 naturam
1153 5644 1486 5726 sedgloriam
1514 5644 1818 5697 accioimus.

454 5718 563 5793 (99)
596 5722 692 5775 Ms.
722 5720 995 5790 Agnoscitc
1027 5718 1327 5787 praplteticu
1363 5718 1531 5770 verba.

624 5815 891 5873 ιἈτιιοι..
924 5810 1040 5871 Gn.
1067 5809 1299 5871 XXIV.

1700 5475 1767 5544 _’°
1800 5474 1951 5530 Joan.
1991 5488 2080 5539 nt,
2104 5473 2192 5529 56.

2062 4525 2166 4566 tcm
2207 4515 2495 4584 interroga,
2525 4517 2612 4585 qui
2651 4520 2819 4586 prima
2858 4529 3042 4587 utpote
3092 4536 3221 4574 voce
3257 4522 3618 4590 qualitercuno

2055 4622 2159 4675 que
2184 4608 2411 4674 coeperit
2453 4608 2617 4679 loqui,
2654 4622 2708 4666 et
2734 4616 2895 4668 dicito
2916 4616 2999 4669 ei;
3032 4615 3188 4669 Pater
3216 4625 3337 4669 tuus
3375 4616 3462 4669 ubi
3501 4620 3619 4672 est?

2054 4699 2160 4749 Aut
2193 4698 2331 4751 sicut
2359 4714 2759 4758 consueverunt
2806 4706 3046 4761 infantes
3086 4718 3291 4777 patrem
3340 4706 3614 4776 appellare

2054 4796 2099 4847 si
2141 4796 2488 4864 semetipsum
2536 4802 2863 4863 ostenderit,
2925 4806 3103 4871 arguit
3156 4819 3241 4857 Ine
3295 4804 3473 4859 infans
3515 4826 3529 4861 :
3573 4808 3615 4860 si

2054 4897 2231 4941 autem
2269 4890 2525 4956 parvulus
2555 4892 2735 4945 statim
2774 4902 2832 4945 ut
2864 4892 3025 4947 fuerit
3062 4894 3422 4966 interrogatus
3457 4900 3615 4955 intel~

2056 4981 2248 5032 texerit
2282 4984 2408 5051 quid
2440 4986 2637 5052 qumis
2680 4986 2747 5038 ab
2778 5000 2863 5047 eo,
2900 5002 3022 5039 emn
3070 4988 3159 5055 qui
3208 5004 3267 5043 se
3306 4992 3489 5059 (tenuit
3523 5007 3614 5045 os-
3691 5056 3701 5071 δ

2062 5080 2276 5134 tendit:
2313 5079 2433 5133 vide
2477 5078 2604 5148 quid
2653 5078 2827 5131 audis.
2884 5078 3016 5133 Cum
3070 5090 3249 5134 autem
3300 5084 3614 5139 benedictum
3698 5074 3703 5084 ’

2051 5173 2240 5237 Filius,
2276 5182 2462 5226 tenens
2492 5186 2708 5241 panem,
2751 5171 2892 5225 levat
2918 5188 3109 5225 manus
3136 5189 3260 5228 suas
3287 5191 3523 5241 sursum,
3557 5186 3613 5232 ut

2053 5278 2195 5322 tuam
2233 5278 2465 5321 mentem
2496 5267 2560 5317 ad
2590 5281 2710 5319 eum
2746 5267 2834 5333 qui
2869 5280 2926 5320 se
2956 5268 3138 5333 genuit
3172 5269 3415 5332 extollat,
3453 5284 3611 5327 nosce

2050 5360 2284 5425 Patrem,
2318 5370 2371 5414 et
2396 5372 2545 5411 cessa
2589 5372 2787 5425 negare
2820 5356 3036 5413 Filium.
3072 5360 3128 5413 Si
3171 5361 3333 5431 igitur
3365 5361 3617 5432 Unigeni-

2300 5472 2541 5527 "lCor.
2585 5474 2746 5536 Ill,“
2880 5473 3098 5529 ‘ICor.
3145 5477 3280 5539 λι.
3380 5476 3615 5537 ’Matth.

2118 5641 2194 5709 (l)
2230 5635 2326 5695 Ms.
2354 5636 2434 5691 Ne
2453 5638 2757 5710 exstinguas
2789 5640 2880 5694 tibi
2904 5639 3097 5696 lumen.

3176 5797 3252 5858 ει
