4050 6206
468 280 616 336 ⁸1⁷0δῖ

1167 275 1433 327 ιυδιλιιιι
1472 271 1948 325 CASSAKIIL’NSIS
1987 268 2136 322 UPP.
2178 267 2356 322 PARS
2394 267 2479 325 IV.
2514 299 2582 315 --
2620 269 3042 325 BOGMATICA.

3580 270 3724 326 ωδε

474 406 570 453 tus
591 392 721 449 dicit
758 411 772 447 :
810 392 995 454 Pater,
1021 390 1218 462 gratias
1256 407 1354 461 ago
1398 391 1517 456 tibi,
1562 391 1688 462 quia
1735 406 1935 458 semper
1977 406 2055 442 me
2083 392 2129 449 Α
2155 390 2333 444 omnis
2358 390 2543 445 beatus
2568 390 2735 457 audit,
2761 390 2884 444 inde
2914 399 2969 444 et
3002 402 3101 443 nos
3131 386 3370 444 universi
3418 387 3721 444 audiemus.

478 485 741 542 exaudiui
770 500 789 537 :
816 483 906 537 sed
932 493 1140 552 propter
1159 482 1578 536 circumstantem
1613 482 1862 550 populum
1889 481 2046 535 istum

479 579 619 641 dico,
650 585 707 631 ut
736 574 950 629 credant
980 575 1105 641 quia
1135 583 1190 626 tu
1230 589 1311 626 me
1342 574 1530 626 misisti
1559 573 1598 626 ³.
1641 573 1747 628 ista
1779 574 2045 641 interpre-

481 671 684 724 tatione
729 681 832 721 non
875 663 1159 735 indigent:
1188 672 1242 719 et
1273 664 1522 719 sedemus
1551 672 1609 718 ut
1664 663 1947 728 insensati,
1993 672 2049 717 et

480 759 737 815 ludimus.
792 757 927 812 Num
991 757 1344 827 semetipsum
1413 755 1599 827 genuit
1663 754 1861 810 Pater?
1919 769 2046 808 num

424 912 431 924 I
481 850 829 919 semetipsum
878 849 1071 905 misit?
1104 864 1231 903 num
1259 848 1605 917 semetipsum
1637 854 1777 911 orat,
1820 856 1875 901 et
1919 846 2048 900 sibi-

425 930 431 944 ’
480 942 691 1013 metipsi
718 941 919 1012 gratias
953 941 1081 1013 agit,
1122 950 1178 995 et
1238 940 1352 1010 ipse
1395 939 1496 995 sibi
1549 950 1633 995 est
1674 938 1864 1005 Filius,
1921 937 2040 1009 ipse

479 1033 581 1089 sibi
621 1042 702 1088 est
733 1033 995 1104 pontifex,
1029 1032 1143 1103 ipse
1199 1032 1301 1087 sibi
1330 1041 1413 1087 est
1443 1046 1633 1103 agnus,
1672 1030 1787 1101 ipse
1822 1029 1924 1085 sibi
1954 1036 2042 1085 est

482 1125 593 1188 via,
618 1124 732 1193 ipse
764 1124 864 1179 sibi
933 1135 1017 1180 est
1057 1123 1259 1195 ianua?
1307 1124 1373 1179 Et
1416 1124 1534 1192 quis
1571 1125 1703 1189 hmo,
1738 1122 1949 1178 etiamsi
1980 1123 2050 1177 sit

480 1217 980 1287 insipientissimus,
1033 1217 1306 1287 patietur?
1357 1215 1489 1270 Num
1541 1231 1648 1270 una
1705 1230 1806 1269 vox
1864 1225 1948 1269 est
1991 1222 2049 1271 ut

468 1310 988 1375 circumveniamus,
1026 1325 1125 1363 una
1167 1318 1248 1365 est
1271 1310 1446 1363 littera
1475 1319 1533 1362 ut
1566 1307 1876 1364 deleamus?
1911 1306 2048 1361 Dicit

481 1401 625 1455 enim
677 1401 866 1455 iterum
926 1400 1241 1455 Duminusx:
1282 1400 1420 1455 Ecce
1475 1416 1566 1470 ego
1621 1400 1782 1471 diligo
1834 1398 2048 1454 Patrem

481 1507 653 1545 meum
677 1489 719 1556 ⁵,
754 1507 844 1560 ego
878 1491 1072 1545 honoro
1116 1490 1329 1545 Patrem
1355 1507 1525 1544 meum
1549 1492 1592 1554 ⁵,
1635 1475 1927 1559 ορεταίμιιε
1954 1504 2046 1559 ego

482 1584 621 1653 {acia
644 1584 730 1639 ille
749 1584 896 1654 facit,
935 1583 1095 1639 Pater
1134 1601 1278 1639 meus
1317 1584 1553 1654 quotidie
1583 1592 1836 1650 operatur
1874 1593 1921 1636 et
1954 1599 2047 1653 ego

482 1691 668 1744 operor
694 1677 736 1738 ⁸,
767 1676 812 1727 si
846 1674 1055 1728 creditis
1085 1676 1139 1727 in
1168 1672 1332 1727 Deum
1363 1685 1409 1727 et
1440 1674 1494 1727 in
1530 1689 1610 1727 me
1651 1674 1883 1739 creditis,
1914 1673 2047 1727 vado

2150 482 2193 536 A
2224 482 2362 537 Filio
2388 483 2521 538 nihil
2562 483 2742 537 audiat
2788 497 3004 550 sponsa,
3045 482 3186 550 quod
3235 496 3341 534 non
3399 489 3484 534 est
3537 482 3723 550 sponsi

2149 574 2253 628 sui.
2287 574 2343 629 Si
2375 575 2586 644 quidem
2618 589 2721 627 non
2748 574 2873 628 licet
2912 588 3121 641 sponsae
3153 573 3384 627 alienam
3439 575 3725 643 suscipere

2150 664 2203 718 iu
2251 664 2469 719 auribus
2519 679 2728 728 vocem,
2763 666 2924 719 etiam
2958 665 3005 719 si
3038 663 3234 718 Paulus
3288 666 3454 720 dicat.
3512 666 3617 721 Sed
3658 680 3725 720 ut

2148 769 2253 809 non
2279 754 2548 811 dubitaret
2571 770 2767 824 sponsa
2802 756 2870 811 de
2920 755 3106 821 Paulo,
3144 755 3223 810 ait
3255 757 3370 825 ipse
3403 778 3416 813 :
3456 757 3537 814 An
3563 775 3723 829 expe-

2147 846 2421 901 rimentum
2442 849 2677 917 quaeritis
2697 848 2810 916 ejus
2829 848 2920 915 qui
2951 850 3000 899 in
3027 864 3106 901 me
3124 846 3359 913 loquitur
3376 848 3616 904 Christus
3640 850 3723 905 ιιι

2150 940 2476 1011 Desponsavi
2506 941 2647 994 enim
2686 954 2801 1008 vos,
2844 940 3033 1010 inquit,
3073 942 3187 995 viro
3228 941 3350 1006 uni;
3384 957 3488 996 non
3521 952 3709 998 tamen

2148 1034 2365 1103 populo,
2422 1033 2515 1088 sed
2576 1033 2667 1086 uni
2728 1032 3003 1103 unigenito
3062 1048 3167 1088 una
3220 1049 3431 1104 sponsa.
3478 1034 3718 1090 Amicus

2149 1125 2291 1179 enim
2344 1124 2524 1195 sponsi
2572 1124 2659 1180 ille
2694 1135 2779 1179 est
2809 1125 2897 1194 qui
2933 1125 3129 1195 gaudet
3155 1126 3221 1181 de
3271 1141 3465 1197 sponsa
3493 1128 3708 1196 sponsi.

2147 1214 2265 1271 Non
2288 1224 2371 1271 est
2400 1216 2559 1269 vidua
2592 1224 2777 1272 sancta
2811 1217 3069 1273 Ecclesia.
3111 1216 3256 1273 Vivit
3295 1220 3440 1274 enim
3480 1221 3562 1289 qui
3604 1236 3714 1289 pro

2148 1307 2260 1377 ipsa
2290 1316 2372 1363 est
2411 1318 2678 1364 mortuus.
2731 1308 2912 1379 Angeli
2955 1325 3060 1364 non
3117 1322 3390 1366 mortuum
3442 1313 3708 1370 adorant:

2148 1398 2241 1451 sed
2265 1398 2369 1451 vita
2394 1381 2530 1462 erat,
2571 1406 2707 1463 erat,
2731 1408 2868 1465 erat,
2888 1410 2946 1453 et
2976 1408 3077 1465 est,
3114 1411 3168 1455 et
3204 1417 3307 1456 non
3359 1412 3534 1458 cessat
3564 1418 3704 1460 esse.

2147 1486 2332 1558 Neque
2352 1480 2510 1543 enim
2535 1490 2699 1558 coepit
2723 1504 2753 1543 a
2785 1491 3150 1560 temporibus;
3186 1506 3364 1562 neque
3396 1494 3620 1547 cessavit
3649 1495 3706 1548 in

2148 1580 2342 1636 saecula
2389 1581 2489 1654 (l).
2541 1579 2780 1651 Regnum
2829 1583 2972 1637 enim
3027 1581 3141 1650 ejus
3172 1600 3274 1638 non
3318 1584 3482 1639 habet
3512 1586 3709 1649 linem:

2153 1674 2277 1745 quia
2312 1690 2415 1730 non
2445 1675 2738 1746 temporale
2776 1676 3056 1746 imperium
3100 1674 3216 1745 ejus
3249 1686 3352 1743 est,
3395 1678 3491 1733 sed
3527 1694 3715 1749 perpe-

480 1768 552 1821 ad
585 1765 794 1820 Patrem
835 1782 1005 1820 meum
1029 1766 1072 1823 ".
1098 1765 1311 1820 Gratias
1346 1765 1476 1836 agit,
1508 1773 1647 1829 orat,
1691 1764 1830 1819 viam
1856 1773 2052 1820 semet-
2080 1740 2124 1796 Β
2154 1776 2323 1821 tuum.
2371 1765 2603 1837 Tempus
2634 1767 2780 1823 enim
2823 1767 3364 1834 resurrectionisest,
3407 1779 3464 1824 et
3502 1740 3714 1843 tempus

470 1858 655 1927 ipsum
683 1868 861 1924 vocat,
898 1866 956 1912 ut
991 1872 1254 1928 agnoscas
1290 1857 1356 1912 ad
1387 1872 1547 1926 quem
1592 1856 1742 1912 vadis
1775 1875 1788 1911 :
1824 1857 2045 1927 januam

469 1952 829 2019 semetipsum
855 1949 985 2004 dicit
1013 1957 1058 2014 ο,
1088 1959 1149 2003 ιιι
1172 1963 1433 2018 agnoscas
1474 1949 1539 2002 ad
1574 1963 1730 2017 quem
1771 1948 2043 2019 ingredie-

485 2044 560 2097 ris
598 2060 612 2096 :
645 2041 831 2107 Pater,
859 2042 1055 2111 inquit,
1084 2058 1228 2095 meus
1259 2040 1493 2111 agricola
1516 2048 1614 2106 est,
1647 2051 1694 2095 et
1717 2056 1808 2111 ego
1834 2042 1950 2095 uitis
1978 2042 2000 2073 ’
2024 2060 2045 2097 ε

476 2134 608 2188 νίιίε
649 2142 703 2187 et
754 2134 989 2202 agricola
1029 2148 1170 2187 unus
1224 2133 1341 2187 est?
1393 2130 1544 2187 Hanc
1589 2134 2045 2203 comparationem

476 2226 740 2281 Dominus
765 2224 919 2292 dixit,
957 2233 1014 2280 ut
1047 2238 1115 2279 ne
1141 2224 1262 2295 quis
1286 2239 1371 2279 me
1405 2224 1778 2293 reprehendat.
1813 2224 1926 2295 Ego
1949 2239 2047 2281 au-

482 2326 589 2372 tem
632 2318 753 2372 volo
777 2326 835 2372 ut
863 2332 950 2372 me
985 2318 1198 2387 quidem
1246 2330 1435 2372 omnes
1470 2316 1719 2374 homines
1756 2317 2048 2385 reprehen-

479 2409 656 2462 dant:
690 2421 788 2476 ego
828 2416 1008 2460 autem
1056 2405 1222 2460 volo:
1268 2406 1479 2462 Domini
1527 2418 1707 2462 autem
1739 2405 2047 2461 custodiant

481 2497 665 2553 verba.
700 2497 949 2551 Descendi
979 2496 1044 2549 de
1082 2496 1208 2550 caelo
1248 2504 1306 2550 ut
1342 2497 1534 2565 faciam
1572 2478 1889 2551 voluntatem
1931 2497 2044 2562 ejus

470 2589 572 2659 qui
611 2602 691 2642 me
720 2587 859 2641 misit
886 2588 930 2619 “
960 2606 973 2643 :
1001 2584 1237 2642 obedivit
1277 2595 1454 2642 autem
1477 2601 1649 2656 usque
1695 2586 1760 2641 ad
1794 2596 2041 2642 mortem.

481 2678 593 2732 Sed
630 2676 756 2746 quid
808 2692 950 2732 nunc
986 2692 1120 2747 opus
1148 2686 1232 2732 est
1260 2676 1450 2732 Pauli?
1488 2692 1791 2747 quanquam
1820 2686 1874 2731 et
1904 2675 2045 2729 Pau-

476 2768 567 2825 ‘lus
594 2783 704 2823 non
732 2769 1045 2825 testimonio
1071 2784 1173 2825 suo
1199 2769 1379 2838 dicat;
1424 2778 1598 2824 tamen
1630 2769 1755 2839 quia
1794 2769 1909 2840 ipse
1942 2768 2047 2823 Do-

482 2862 660 2917 minus
697 2876 801 2916 non
841 2862 1079 2927 auditur,
1119 2870 1180 2917 ut
1206 2861 1336 2931 quid
1371 2862 1436 2916 de
1473 2861 1781 2917 domesticis
1809 2862 1925 2931 ejus
1960 2868 2046 2915 est

481 2954 703 3009 sermo?
729 2953 818 3008 Vis
851 2968 981 3008 sane
1010 2954 1276 3008 honorare
1302 2951 1519 3017 Filium,
1553 2964 1609 3007 ut
1643 2953 1754 3007 vult
1791 2954 1900 3018 ille,
1937 2969 2042 3008 non

484 3056 542 3098 ut
566 3055 619 3099 tu
645 3045 743 3101 vis.
762 3043 894 3098 Num
919 3044 963 3099 si
989 3044 1194 3099 dixeris
1217 3059 1318 3098 non
1349 3054 1449 3106 est,
1476 3045 1771 3110 honorasti,
1797 3047 1841 3099 si
1871 3046 2037 3100 inter-
2071 3077 2114 3136 ο

480 3138 680 3191 emeris
722 3149 880 3206 quem
931 3150 1035 3190 non
1102 3144 1389 3204 potuerunt
1439 3134 1641 3190 Judaei?
1682 3135 1848 3190 Judaai
1899 3140 2041 3191 enim

480 3226 806 3282 fabrililium
853 3242 975 3281 eum
1017 3235 1360 3297 putaverunt,
1388 3238 1441 3280 et
1469 3237 1529 3280 ut
1561 3225 1698 3282 fabri
1749 3227 1913 3281 lilium
1961 3228 2045 3282 in-

481 3317 843 3384 teriecerunt;
902 3327 955 3372 tu
1006 3327 1064 3372 ut
1113 3317 1305 3371 Filium
1360 3318 1449 3371 Dei
1501 3317 1787 3373 interﬁcis.
1838 3317 1943 3372 Sed
1986 3329 2039 3371 ιιι

484 3408 751 3475 morieris,
793 3425 897 3463 non
936 3409 1041 3464 ille.
1078 3410 1195 3465 Non
1224 3410 1365 3465 enim
1411 3423 1475 3462 ex
1513 3411 1598 3463 his
1631 3425 1748 3479 quas
1801 3419 1859 3465 tu
1888 3411 2040 3474 dicis,

483 3501 572 3553 ille
604 3516 711 3553 non
752 3508 834 3555 est
869 3513 883 3553 :
914 3501 1007 3555 sed
1053 3516 1118 3556 cx
1166 3501 1247 3555 his
1277 3516 1395 3569 qua:
1435 3515 1539 3555 non
1581 3502 1777 3568 credis,
1826 3512 1878 3555 tu
1938 3517 2042 3556 non

482 3593 610 3646 eris.
638 3590 766 3658 Quae
808 3593 1011 3663 scripta
1058 3604 1182 3648 sunt
1212 3593 1397 3658 dicito,
1430 3601 1483 3648 et
1514 3595 1921 3664 derelinquetur
1950 3594 2036 3649 lis.

480 3683 596 3737 Non
636 3699 813 3738 meum
844 3692 897 3739 et
933 3693 1101 3751 tuum,
1134 3686 1227 3740 sed
1267 3701 1384 3754 quae
1428 3685 1728 3739 communia
1774 3695 1899 3739 sunt
1939 3686 2041 3741 Ec-

480 3776 677 3831 clesiae.
712 3774 842 3841 Quis
863 3776 1005 3829 enim
1050 3784 1102 3829 te
1126 3773 1365 3844 iudicat?
1395 3775 1521 3841 quid
1563 3775 1731 3829 hahes
1762 3776 1903 3844 quod
1934 3790 2042 3829 non

480 3865 771 3935 accepisti?
802 3863 919 3919 Non
950 3865 1049 3919 ista
1065 3866 1152 3918 'est
1180 3878 1279 3918 vox
1318 3862 1467 3918 Pauli
1491 3862 1583 3932 qui
1614 3863 1690 3917 ait
1721 3880 1736 3917 :
1775 3862 1860 3918 Ea:
1894 3876 2044 3933 parte

480 3956 832 4028 agnoscimus,
866 3965 918 4010 et
947 3971 1011 4010 ea:
1040 3967 1188 4025 parte
1220 3955 1588 4023 propltetamus
1628 3955 1712 4008 “‘l
1761 3953 1886 4010 Haec
1912 3955 2044 4010 dixit

480 4048 697 4116 Paulus,
738 4062 806 4103 ne
848 4061 978 4103 sane
1027 4046 1172 4102 solus
1212 4053 1490 4117 putaretur
1539 4060 1603 4100 ex
1644 4055 1819 4115 parte,
1867 4047 1960 4101 sed
1990 4055 2045 4100 et

480 4140 729 4210 Apostoli
760 4155 882 4195 cum
906 4140 1022 4209 ipso
1050 4138 1140 4209 qui
1176 4140 1272 4204 ait,
1302 4154 1438 4193 nunc
1456 4138 1690 4193 videmus
1732 4155 1825 4209 per
1857 4155 2044 4210 specu-

480 4232 589 4286 tum
627 4231 691 4286 “.
718 4229 821 4285 Sed
855 4229 1052 4285 Paulus
1082 4244 1177 4298 per
1208 4228 1482 4297 speculum
1508 4246 1523 4296 ;
1555 4240 1609 4284 tu
1635 4240 1818 4284 autem
1848 4243 1902 4285 et
1924 4231 2043 4286 istic

480 4326 589 4394 iam
607 4324 683 4378 vis
728 4322 864 4378 facie
892 4325 958 4378 ad
973 4322 1167 4378 faciem
1193 4337 1369 4378 nosse.
1404 4321 1861 4387 Quemadmodum
1914 4338 2043 4378 sane

2149 1857 2356 1912 salutis.
2386 1856 2502 1913 Non
2532 1858 2827 1913 moriamur
2852 1872 3001 1928 ergo,
3043 1874 3164 1913 cum
3198 1858 3458 1914 debemus
3500 1862 3703 1916 vivere.

2150 1946 2255 2003 Sed
2280 1935 2421 2003 nunc
2443 1949 2657 2019 quidem
2682 1950 2866 2019 paucis
2893 1950 2961 2003 ob
2984 1951 3306 2004 memoriam
3353 1960 3409 2005 et
3446 1952 3704 2007 honorem

2147 2038 2324 2095 Patris
2350 2040 2492 2095 illius
2525 2042 2716 2107 nostri,
2754 2041 2826 2095 ita
2863 2041 3012 2106 boni,
3051 2043 3122 2095 ita
3170 2042 3455 2106 laboriosi,
3508 2053 3561 2099 et
3610 2059 3711 2114 pro

2148 2128 2401 2185 Ecclesiis
2431 2129 2629 2199 ubique
2649 2129 2904 2199 vigilante
2926 2130 3009 2201 (5)
3039 2132 3180 2186 dicta
3224 2133 3333 2187 sint
3389 2134 3565 2188 nobis.
3609 2133 3712 2189 Ne-

2146 2238 2252 2294 que
2276 2222 2417 2278 enim
2447 2223 2657 2293 generis
2693 2220 2843 2291 ejus;
2866 2224 3178 2279 memoriam
3227 2225 3475 2291 fecimus,
3538 2241 3713 2297 neque

2145 2315 2498 2382 educationis,
2545 2324 2661 2373 aut
2692 2314 3036 2382 eruditionis,
3092 2326 3185 2371 aut
3233 2317 3457 2373 alterius
3506 2318 3629 2372 vita
3654 2326 3714 2371 et

2150 2406 2429 2480 propositi.
2463 2404 2738 2460 Sullicient
2761 2406 2903 2461 enim
2938 2405 2998 2461 in
3042 2408 3275 2463 Ecclesia
3314 2409 3403 2464 Dei
3438 2409 3504 2464 de
3545 2408 3713 2463 Patre

2148 2509 2204 2554 et
2242 2497 2380 2553 Filio
2424 2497 2566 2566 loqui
2628 2496 2724 2569 (6).
2771 2497 2941 2567 Loqui
2997 2499 3191 2569 quippe
3232 2500 3475 2568 dicihilia,
3525 2509 3705 2555 tacere

2146 2598 2322 2643 autem
2361 2602 2481 2658 qua:
2502 2587 2710 2645 occulta
2758 2598 2901 2643 sunt.
2939 2588 3271 2659 Tinguamur
3307 2590 3497 2645 intres
3529 2590 3581 2644 in
3616 2590 3707 2645 his

2146 2696 2265 2750 quae
2296 2680 2348 2735 in
2373 2679 2665 2750 Scripturis
2715 2681 2912 2750 scripta
2953 2695 3102 2747 sunt,
3144 2698 3247 2738 non
3287 2690 3343 2738 ut
3384 2696 3565 2736 vacuae
3608 2680 3707 2736 lit-

2148 2780 2277 2825 terte
2302 2771 2683 2842 prophetarum
2716 2780 2773 2826 ιιι
2800 2772 3022 2827 Judteis.
3046 2772 3124 2827 liii
3147 2774 3293 2829 enim
3332 2774 3615 2829 adversum
3644 2787 3707 2829 se

2146 2861 2360 2934 legunt;
2395 2861 2631 2932 legentes
2669 2862 2811 2916 enim
2844 2862 3052 2927 litteras
3097 2874 3151 2918 et
3197 2879 3301 2918 non
3348 2864 3702 2933 suscipientes

2146 2956 2423 3025 negotium
2450 2969 2517 3010 ex
2554 2954 2636 3009 his
2663 2955 2855 3024 quibus
2901 2954 3082 3026 legunt
3100 2956 3200 3026 (7),
3225 2956 3547 3025 semetipsos
3577 2971 3705 3012 con-

2147 3050 2400 3102 demnaut
2420 3047 2509 3116 qui
2545 3056 2825 3100 excusant.
2869 3045 3056 3101 Videte
3083 3061 3150 3101 ne
3190 3048 3471 3118 patiamur
3498 3061 3561 3102 ea
3585 3063 3703 3119 qua

2149 3138 2346 3193 Judasis
2387 3138 2748 3207 increpamus.
2789 3136 2843 3191 Si
2888 3139 3031 3193 enim
3076 3139 3302 3195 dicimus
3344 3138 3563 3206 Filium,
3604 3154 3709 3194 non

2148 3229 2467 3284 conﬁtemur
2503 3238 2680 3283 autem
2710 3229 2923 3292 Filium,
2952 3240 3004 3284 et
3030 3231 3072 3283 si
3102 3230 3444 3298 agnoscimus
3472 3229 3706 3293 Patrem,

2147 3333 2459 3387 spernamus
2500 3329 2675 3373 autem
2722 3319 2967 3384 Patrem;
3014 3320 3104 3372 illa
3148 3319 3262 3390 ipsa
3306 3336 3427 3391 quae
3458 3320 3706 3389 legimus.

2152 3411 2268 3481 ipsa
2302 3412 2453 3466 nobis
2482 3410 2537 3466 in
2587 3413 2671 3465 die
2694 3410 2879 3480 judicii
2920 3410 3164 3480 legentur
3198 3411 3265 3465 ad
3303 3409 3707 3466 condemnatio-

2160 3520 2303 3559 nem.
2334 3504 2466 3560 Dicit
2533 3504 2673 3559 euim
2711 3503 3012 3559 Dominus:
3048 3497 3159 3568 Ego
3176 3514 3278 3553 non
3290 3499 3476 3569 judico
3522 3504 3587 3567 “,
3615 3501 3704 3555 sed

2151 3611 2333 3650 sermo
2360 3610 2522 3665 quem
2585 3594 2792 3649 locutus
2840 3604 2921 3647 est
2970 3592 3088 3663 ipse
3139 3606 3260 3645 eum
3305 3590 3536 3659 iudicat.
3569 3588 3703 3643 Dixit

2149 3688 2267 3754 tibi,
2298 3688 2422 3756 quia
2455 3686 2590 3740 vado
2633 3687 2700 3740 ad
2760 3687 2970 3741 Patrem
3028 3700 3199 3739 meum
3249 3682 3393 3737 Dixit
3444 3681 3561 3747 tibi,
3587 3681 3707 3750 quia

2146 3776 2343 3830 missus
2365 3791 2395 3829 a
2423 3771 2585 3828 Patre
2622 3786 2776 3837 sum;
2802 3782 2857 3825 et
2879 3782 2932 3824 tu
2956 3770 3088 3825 dicis
3111 3771 3232 3840 quia
3258 3785 3362 3824 non
3385 3778 3469 3824 est
3490 3768 3711 3823 missus!

2145 3867 2236 3921 sed
2260 3867 2374 3935 ipse
2393 3874 2476 3920 est
2502 3864 2591 3934 qui
2618 3865 2731 3918 haec
2748 3863 2901 3928 dixit,
2924 3873 2978 3917 et
2998 3872 3122 3916 tunc
3142 3860 3400 3929 judicabit
3423 3878 3437 3915 ;
3458 3860 3596 3930 leget
3619 3860 3710 3915 tibi

2144 3958 2450 4028 Evangelia,
2468 3956 2619 4011 dabis
2638 3956 2922 4019 rationem,
2944 3954 3083 4009 dicet
3098 3968 3193 4008 cur
3216 3952 3327 4007 haec
3341 3952 3540 4022 scripta
3557 3946 3713 4006 sunt!

2145 4049 2269 4105 Haec
2293 4059 2469 4104 autem
2495 4058 2621 4103 tunc
2647 4061 2749 4102 non
2779 4047 2883 4103 dixi
2912 4061 3008 4116 per
3037 4059 3242 4100 vocem.
3264 4043 3331 4097 Et
3350 4058 3457 4113 qua
3478 4041 3616 4097 facie
3637 4042 3713 4097 vi-

2148 4143 2304 4197 debis
2346 4139 2474 4194 illud
2506 4138 2721 4193 lumen?
2751 4136 2997 4192 Contenti
3024 4137 3193 4191 simus
3215 4134 3458 4199 veritate,
3488 4144 3711 4186 excuse-

2149 4248 2268 4287 mus
2291 4231 2433 4286 lites.
2471 4228 2673 4300 Siquis
2694 4239 2871 4284 autem
2910 4238 2966 4282 et
3009 4227 3154 4282 novit
3190 4224 3393 4295 aliquid
3442 4237 3561 4276 cum
3605 4234 3708 4290 pa-

2152 4323 2335 4379 tientia
2365 4331 2420 4378 et
2458 4337 2562 4378 non
2592 4323 2659 4375 ad
2692 4319 3086 4391 instigationem
3125 4334 3246 4389 qua:
3278 4314 3435 4379 ledit,
3462 4313 3555 4368 sed
3582 4326 3710 4380 cum

480 4430 603 4470 eum
621 4414 884 4469 interimis
901 4426 1058 4482 quem
1085 4412 1253 4466 vides.
1282 4409 2053 4480 llaec(2-3)videbamusjsem-
2084 4423 2125 4479 ι)
2156 4414 2459 4471 humilitate
2503 4428 2622 4483 qua:
2681 4414 2916 4483 prodest,
2968 4426 3071 4464 non
3114 4422 3173 4463 ιιι
3222 4406 3443 4474 inimici,
3495 4406 3590 4460 sed
3654 4412 3711 4458 ut

482 4523 579 4580 per
597 4522 627 4561 a
655 4506 811 4562 beato
835 4504 926 4560 illo
946 4506 1082 4561 viro.
1115 4502 1268 4574 Saepe
1283 4502 1423 4558 enim
1445 4501 1763 4557 dicebantur
1800 4505 1866 4557 ab
1885 4520 1968 4570 eo,
1991 4516 2048 4561 nt

480 4600 697 4670 quidam
724 4598 1129 4668 suspicarentur
1168 4610 1263 4651 ore
1293 4594 1505 4666 quidem
1541 4609 1639 4651 suo
1661 4595 1760 4651 ista
1786 4600 2045 4667 proferre,

480 4694 647 4749 corde
671 4702 847 4747 autem
875 4690 1033 4745 aliter
1054 4690 1277 4744 habere.
1326 4685 1393 4740 Et
1443 4686 1658 4755 quidem
1714 4704 1921 4745 memor
1956 4706 2049 4744 vo-

485 4786 573 4841 bis
600 4799 721 4840 sum
750 4782 965 4839 audisse
995 4795 1081 4836 me
1118 4780 1186 4835 ab
1212 4793 1277 4833 eo
1312 4787 1500 4834 sancto
1551 4779 1705 4835 nobis
1742 4779 2047 4848 iuramento

483 4875 841 4940 satisfecisse,
866 4876 993 4945 quia
1015 4888 1120 4928 non
1150 4871 1292 4928 aliud
1324 4872 1378 4925 in
1414 4872 1615 4942 lingua,
1651 4881 1705 4927 et
1739 4872 1881 4926 aliud
1908 4884 2050 4929 esset

485 4974 539 5029 in
574 4972 739 5030 corde
764 4970 914 5041 ejus;
946 4967 1041 5024 sed
1074 4965 1239 5022 corde
1276 4963 1492 5034 quidem
1524 4964 1763 5019 creditur
1785 4966 1852 5017 ad
1883 4964 2046 5034 justi-

485 5060 750 5125 tiam,ore
768 5067 947 5113 autem
977 5054 1264 5112 conﬁtetur
1298 5054 1364 5108 ad
1386 5054 1613 5108 salutem
1656 5071 1670 5109 :
1710 5055 1850 5109 unde
1884 5055 2046 5126 igitur

556 5177 576 5207 ⁸
598 5176 754 5233 Joan.
781 5190 856 5239 ιι,
886 5174 976 5240 41,
1008 5173 1099 5227 42.
1169 5174 1189 5205 ⁵
1226 5172 1381 5226 Joan.
1410 5188 1520 5236 xiv,
1543 5173 1631 5227 51.

486 5260 541 5309 x,
576 5246 629 5299 9.
739 5246 760 5279 ’
793 5246 945 5301 Joan.
987 5260 1076 5309 xv,
1121 5244 1167 5299 1.
1274 5244 1317 5275 ¹⁰
1350 5243 1505 5298 .Ioan.
1542 5259 1616 5309 vt,
1646 5245 1736 5300 38.

485 5329 604 5382 vui,
636 5316 722 5370 15.

554 5427 694 5498 (ιι-’5)
730 5425 859 5481 Ha'c
898 5429 1217 5491 videbamus,
1257 5437 1362 5483 etc.
1406 5428 1568 5482 llenr.
1604 5426 1845 5483 Valesius
1872 5426 2042 5495 legit:

486 5492 983 5568 Haécaudiebamus
1005 5515 1205 5568 semper
1235 5516 1266 5552 a
1291 5500 1438 5552 beato
1464 5498 1553 5552 illo
1584 5501 1713 5562 uiro,
1742 5514 1877 5561 saepe
1905 5492 2043 5551 enim

484 5569 571 5639 ita,
598 5565 900 5639 dicebantur
943 5569 1006 5621 ab
1057 5565 1136 5639 eo,
1177 5579 1231 5622 ut
1262 5569 1473 5639 quidam
1521 5570 1913 5636 suspicarentur
1959 5584 2045 5625 ore

483 5637 833 5707 quidemeum
866 5638 967 5690 ista
996 5638 1252 5707 proferre,
1275 5637 1383 5692 etc.

557 5705 635 5773 (4)
668 5703 846 5769 Neque
869 5703 1104 5762 cessavit.
1131 5706 1291 5763 Forte
1332 5724 1493 5774 neque
1518 5708 1760 5763 cessabit.

1732 5175 1752 5205 ⁵
1782 5172 1935 5227 Joan.
1968 5189 2083 5238 vtu,
2126 5174 2216 5229 49.
2294 5171 2486 5226 ‘Joan.
2521 5186 2570 5233 v,
2607 5169 2692 5230 17,
2719 5165 2826 5238 56.

1835 5244 1873 5275 ³⁸
1908 5245 1923 5298 l
1953 5244 2075 5299 Cor.
2115 5261 2234 5310 xm,
2260 5246 2312 5301 9.

2152 4507 2465 4573 Christiani,
2508 4522 2612 4561 non
2669 4515 2726 4559 ut
2778 4506 2829 4559 in
2878 4505 3048 4568 circo,
3103 4503 3195 4555 sed
3237 4510 3296 4554 ut
3341 4500 3395 4554 in
3449 4496 3712 4554 Ecclesia.

2161 4599 2347 4654 llahes
2398 4597 2602 4667 aliquid
2647 4613 2661 4650 :
2707 4597 2857 4649 trade
2912 4610 3014 4648 non
3076 4610 3195 4647 cum
3250 4594 3363 4655 lite,
3413 4608 3518 4646 non
3564 4593 3713 4662 quasi

2154 4703 2363 4753 auctor,
2403 4690 2496 4744 sed
2538 4703 2854 4744 ammonens
2880 4702 2942 4741 ea
2972 4701 3091 4757 quae
3123 4685 3363 4739 didicisti
3412 4700 3442 4739 a
3475 4683 3711 4753 Scriptu-

2155 4785 2250 4838 ris.
2288 4783 2533 4837 Retinete
2556 4781 2688 4846 hmc,
2718 4788 2773 4835 et
2804 4778 3093 4833 cessabitis
3124 4776 3287 4840 alite,
3327 4785 3381 4830 et
3418 4775 3486 4829 ab
3518 4772 3711 4828 Eccle~

2154 4876 2230 4929 sia
2269 4874 2508 4943 separari
2555 4872 2742 4927 nolite.
2794 4869 2849 4924 Si
2897 4884 2995 4939 ego
3045 4868 3231 4930 deliro,
3276 4866 3402 4934 quid
3438 4866 3505 4919 ad
3555 4864 3642 4917 te?
3672 4864 3713 4917 si

2154 4984 2254 5038 ego
2287 4965 2461 5021 aliena
2498 4965 2710 5035 loquar,
2746 4978 2829 5016 me
2852 4960 3036 5030 judica
3070 4970 3123 5014 et
3152 4959 3375 5029 perdere
3402 4954 3709 5010 noli.Occa-

2151 5058 2357 5113 sionem
2388 5054 2553 5110 nolite
2594 5066 2835 5123 quaerere
2874 5049 2939 5105 ad
2988 5048 3296 5104 schismata.
3328 5046 3455 5101 Ovis
3477 5059 3597 5113 qua:
3625 5057 3713 5097 ex-

2929 5164 3104 5219 7.Ioan.
3133 5177 3240 5225 xtv,
3270 5161 3322 5224 l,
3353 5160 3442 5216 28.
3517 5159 3540 5191 ⁸
3563 5158 3711 5214 Joan

2410 5244 2451 5273 ¹²
2492 5229 2643 5303 ιιιιά.,
2680 5237 2763 5291 12.
2862 5234 2966 5288 “ll
2993 5234 3117 5288 Cor.
3171 5248 3287 5297 χιιι,
3322 5233 3374 5285 5.
3478 5229 3525 5262 ¹⁸
3556 5229 3710 5286 Joan.

2224 5425 2301 5495 (5)
2347 5419 2720 5495 Vigilante._ll.
2758 5417 3016 5495 Valesius
3040 5415 3171 5495 legit
3192 5412 3475 5495 vigilantis.

2223 5479 2667 5580 ‘Msisuﬁicit
2706 5492 2841 5545 enim
2878 5492 2931 5543 in
2972 5479 3208 5542 Ecct'esia
3241 5479 3337 5539 Dei
3375 5486 3438 5538 de
3477 5479 3643 5537 Patre
3666 5488 3712 5538 et

2156 5566 2523 5760 F'zfigllfgiu‘liis
2566 5632 2749 5705 quibus
2776 5630 2970 5702 tegunt.
3004 5627 3190 5684 Graeco
3213 5639 3381 5693 more.
3415 5637 3515 5697 ιπο
3542 5638 3608 5680 ⁸³
3635 5621 3715 5677 δί’

2156 5726 2265 5760 aute
2311 5716 2488 5760 count.

2150 5726 2265 5771 qua’
2292 5716 2488 5769 tegunt.
