4050 6206
428 264 570 327 i069

1516 246 1604 307 ne
1638 240 2234 308 RhSUltRECTlONE.
2276 282 2329 291 -
2383 243 2511 302 Lts.
2555 246 2631 336 ι..

3520 245 3663 335 uno

423 385 503 430 tra
529 380 745 446 gregem
774 383 877 439 est,
906 386 1035 445 pars
1072 378 1182 444 lupi
1216 377 1319 431 est.
1353 362 1487 431 Nam
1517 377 1618 433 etsi
1651 377 1841 433 fortior
1869 377 1988 432 ovis
2017 383 2062 439 Α
2092 388 2202 433 tres
2237 398 2249 432 :
2293 392 2396 431 non
2442 375 2702 430 faciamus
2740 368 3143 435 conventicula,
3186 383 3294 423 non
3347 370 3651 439 Speluncae.

423 483 503 531 es,
531 468 750 538 expedit
802 467 896 521 ti-bi
949 465 1086 521 infra
1144 467 1378 538 parietes
1427 470 1584 525 ovilis
1634 486 1773 537 esse,
1822 486 2014 539 quam,

424 560 593 615 foras.
625 559 801 615 Fortis
835 572 914 623 es,
958 567 1112 627 porta
1165 575 1339 614 meam
1383 548 1750 617 inﬁrmitatem
1786 575 1803 616 :
1839 562 1990 616 infir-

424 668 544 707 mus
577 668 656 719 es,
684 653 864 719 accipe
886 652 1149 710 medelam
1177 668 1207 708 a
1230 656 1500 710 communi
1534 656 1771 714 Ecclesia
1799 676 1812 711 :
1837 665 1988 727 gutta

422 763 529 803 una
592 757 881 803 torrentem
941 760 1049 800 non
1099 744 1252 800 facit.
1308 745 1364 799 Si
1411 746 1557 800 enim
1604 755 1660 801 et
1708 734 1986 812 ceciderit,

422 850 707 906 antequam
741 838 923 903 ‘cadat,
953 853 980 889 a
1012 847 1155 891 terra
1193 836 1535 891 absorbetur.
1580 835 1739 891 Gutta
1781 847 1986 903 autem,

424 941 478 987 et
513 940 682 1003 gutta,
712 940 771 984 et
795 938 943 1001 gutta
973 929 1136 984 etiam
1182 936 1392 983 mantes
1434 932 1650 984 evertit.
1697 929 1876 984 Canna
1929 944 1989 985 es

426 1020 646 1093 fragilis,
681 1022 834 1076 multi
866 1030 1044 1076 autem
1096 1016 1245 1075 ferro
1294 1027 1422 1074 sunt
1473 1018 1746 1074 fortiores.
1789 1017 1989 1077 Oculus

424 1116 567 1171 solus
595 1128 701 1167 non
727 1122 810 1168 est
831 1112 1044 1177 oculus,
1075 1126 1251 1181 neque
1273 1120 1436 1182 caput
1459 1122 1645 1182 caput,
1683 1129 1857 1183 neque
1896 1128 1989 1183 pes

421 1222 537 1278 pes.
575 1204 909 1276 Compositio
952 1204 1095 1260 enim
1146 1204 1511 1258 membrorum
1571 1213 1738 1257 totmn
1790 1207 1987 1260 bonum

420 1294 571 1349 facit.
617 1280 750 1347 Nam
782 1293 883 1348 etsi
926 1306 1076 1346 esses
1110 1287 1320 1357 oculus,
1369 1291 1605 1355 ablatus,
1631 1307 1754 1348 eras
1792 1310 1986 1349 CIBCIIS.

419 1389 463 1443 Δ
488 1398 710 1454 corpore
739 1384 881 1438 enim
910 1376 1155 1439 sublatus
1179 1376 1392 1448 oculus,
1426 1398 1601 1437 caecus
1644 1392 1728 1438 est
1772 1376 1989 1451 oculus,

420 1468 595 1546 magis
626 1482 804 1529 autem
846 1483 1107 1529 mortuus.
1135 1474 1191 1529 In
1222 1474 1461 1529 Ecclesia
1497 1466 1693 1530 fratres
1743 1478 1844 1531 sub
1879 1474 1990 1532 alas

420 1565 612 1622 matris
635 1555 1022 1621 conveniamus
1050 1582 1068 1625 :
1097 1555 1150 1620 in
1174 1558 1414 1620 Ecclesia
1459 1567 1512 1619 in
1540 1576 1645 1635 qua
1672 1565 1988 1622 ornamenta

424 1673 635 1730 sponsae
662 1664 805 1725 sunt,
832 1666 887 1712 et
915 1655 1156 1713 membra
1178 1649 1400 1723 Christi,
1432 1672 1539 1711 non
1569 1658 1635 1713 ad
1677 1658 1989 1723 schismata,

2090 470 2253 526 Forte
2295 471 2436 523 enim
2493 464 2723 538 apostoli
2780 464 2895 521 haec
2945 463 3257 517 fundarunt.
3292 461 3408 516 Non
3452 463 3652 534 lapides

2089 562 2230 625 dico,
2271 561 2365 616 sed
2402 561 2612 630 negotia
2652 567 2855 614 rerum.
2892 557 3021 612 Exis
3060 558 3129 611 ab
3160 555 3424 621 Ecclesia,
3471 566 3529 611 et
3568 572 3653 613 re-

2089 653 2287 724 linquis
2326 664 2553 708 matrem
2598 656 2741 707 tuam
2772 659 2992 723 propter
3042 665 3148 703 me.
3178 648 3314 714 Quid
3348 664 3466 703 sum
3512 650 3653 704 enim

2090 761 2211 818 ego,
2245 754 2339 801 a‘ut
2377 740 2599 809 Paulus,
2625 754 2720 799 aut
2754 740 2940 813 Apollo
2964 742 3084 811 quis
3120 741 3239 794 est?
3287 741 3359 795 De
3387 756 3469 796 me
3510 751 3565 796 et
3604 751 3655 797 te

2090 840 2193 909 erit
2225 853 2423 894 sermo.
2455 834 2592 891 Num
2629 851 2727 908 ego
2770 832 3063 891 crucifixus
3109 833 3265 888 sum?
3294 833 3533 887 Necdum
3588 846 3656 888 ne

2090 929 2304 999 quidem
2329 929 2535 999 alapam
2562 928 2767 999 accepi.
2802 926 2842 980 Ε
2865 926 3139 981 contrario
3175 937 3371 991 autem,
3405 937 3459 979 et
3485 925 3655 980 hono-

2090 1030 2241 1076 ratus
2291 1036 2408 1076 sum
2463 1029 2678 1090 propter
2726 1016 2932 1074 Jesum.
2987 1018 3052 1073 Et
3095 1018 3183 1073 ille
3221 1016 3435 1087 quidem
3487 1018 3654 1072 multa

2094 1127 2283 1182 passus
2305 1121 2387 1166 est
2416 1121 2634 1181 propter
2657 1126 2741 1165 me
2774 1128 2791 1163 ς
2830 1126 2929 1178 ego
2968 1122 3145 1166 autem
3196 1109 3493 1165 honoratus
3528 1126 3647 1165 sum

2092 1214 2310 1275 propter
2349 1204 2544 1273 ipsum.
2589 1198 2658 1257 Et
2686 1219 2783 1258 nos
2816 1203 3033 1272 quidem
3084 1199 3343 1258 feriamur
3392 1201 3655 1259 adversus

2092 1309 2333 1360 crucem,
2379 1306 2432 1351 et
2475 1296 2768 1350 adversum
2807 1309 2927 1349 eum
2963 1292 3052 1363 qui
3100 1305 3312 1363 propter
3356 1310 3452 1349 nos
3498 1293 3567 1349 fel
3604 1302 3654 1350 et

2094 1398 2301 1443 acetmn
2343 1386 2497 1450 bibit,
2530 1397 2584 1441 et
2608 1386 2934 1456 imponimus
2978 1385 3029 1440 ei
3063 1386 3246 1455 spinas
3287 1387 3457 1458 magis
3489 1402 3652 1456 quam

2092 1479 2278 1545 Judaei,
2303 1488 2357 1534 et
2388 1479 2669 1533 effodimus
2703 1494 2894 1533 manus
2936 1478 3052 1547 ejus
3096 1488 3151 1533 et
3189 1473 3376 1548 pedes,
3422 1489 3475 1534 et
3502 1478 3656 1534 dinu-

2094 1584 2364 1624 merantus
2382 1568 2499 1636 ejus
2525 1584 2646 1622 ossa
2683 1586 2696 1622 :
2728 1566 2860 1633 Quae
2898 1561 3061 1635 enim,
3097 1568 3293 1638 inquit,
3325 1566 3523 1638 fecistis
3562 1565 3656 1623 uni

2094 1677 2158 1715 ea:
2188 1661 2417 1714 minimis
2447 1661 2570 1714 istis
2603 1660 2692 1729 qui
2721 1666 2935 1714 credunt
2980 1661 3033 1713 in
3061 1676 3164 1724 me,
3192 1660 3319 1713 mihi
3367 1660 3560 1727 fecistis
3588 1658 3657 1726 ⁸⁸,

428 1767 534 1806 non
559 1750 623 1804 ad
646 1740 900 1805 haereses.
929 1747 1229 1819 Aliquoties
1248 1749 1392 1805 enim
1426 1743 1548 1806 dico
1577 1768 1591 1804 :
1624 1748 1846 1805 offendit
1874 1766 1989 1805 mea
2028 1760 2072 1819 Β
2098 1762 2189 1805 aut
2224 1750 2425 1805 bonum
2460 1760 2553 1805 aut
2586 1749 2811 1805 malum.
2850 1750 2973 1806 Haec
3004 1749 3200 1806 fratres
3239 1761 3290 1807 et
3340 1748 3391 1807 in
3438 1751 3522 1808 his
3550 1753 3657 1808 fra-

427 1843 646 1912 lingua:
682 1851 858 1910 potest
886 1841 999 1894 fieri
1027 1850 1086 1895 ut
1128 1855 1280 1895 mens
1325 1853 1441 1896 mea
1494 1839 1752 1897 olfendat.
1802 1842 1906 1896 Sed
1937 1853 1990 1897 tu

427 1933 537 1988 noli
565 1951 578 1988 :
606 1933 919 1988 obliviscere
962 1932 1037 2009 (8)
1078 1946 1199 1988 eum
1238 1933 1329 2001 qui
1377 1933 1512 1986 dixit
1552 1949 1567 1986 :
1610 1931 1791 1987 Pretio
1832 1934 1993 2003 empti

428 2027 573 2091 estis,
604 2024 763 2080 nolite
790 2024 906 2093 ﬁeri
933 2024 1068 2079 servi
1107 2024 1373 2079 hominum
1397 2024 1462 2078 ".
1491 2016 1599 2080 Ista
1631 2026 1773 2080 enim
1801 2027 1995 2081 domus

429 2133 534 2173 non
558 2132 673 2174 mea
697 2126 778 2172 est
798 2126 891 2171 aut
919 2126 1031 2175 tua.
1076 2116 1186 2173 Cur
1235 2118 1338 2172 mei
1393 2132 1555 2173 causa
1587 2117 1797 2172 recedis
1828 2133 1856 2171 a
1894 2110 1996 2171 Do-

427 2209 625 2265 minica
672 2210 871 2265 domo?
917 2209 982 2264 Et
1033 2210 1206 2279 primo
1246 2210 1461 2280 quidem
1507 2210 1636 2280 quid
1686 2209 1995 2279 accepimus

424 2302 580 2357 nobis
608 2301 731 2371 quia
764 2302 1117 2373 sapientiores
1146 2302 1400 2357 omnibus
1434 2300 1658 2356 sumus?
1685 2300 1889 2357 Deinde
1935 2310 1997 2354 ut

424 2394 551 2463 quid
577 2395 720 2464 quod
749 2394 801 2448 in
825 2408 987 2464 prece
1011 2392 1088 2465 (9)
1118 2392 1363 2447 diabolus
1396 2393 1579 2457 habet,
1611 2392 1874 2447 donamus
1907 2387 1996 2446 ei?

424 2482 483 2539 Si
519 2499 617 2554 ego
642 2485 886 2539 iniirmus
914 2500 1052 2549 sum,
1097 2493 1149 2538 tu
1170 2484 1259 2552 qui
1297 2498 1356 2538 es
1378 2482 1552 2546 fortis,
1582 2498 1685 2537 non
1714 2482 1990 2546 recedens,

425 2578 685 2633 confirma
729 2574 1053 2632 Ecclesiam.
1101 2576 1159 2630 Si
1203 2590 1305 2644 ego
1349 2573 1525 2628 aliena
1559 2572 1767 2643 loquor,
1804 2582 1903 2629 cur
1936 2576 1992 2627 tu

429 2668 519 2738 qui
540 2668 681 2723 bene
716 2666 959 2737 loqueris
1004 2665 1275 2721 abstrahis
1301 2678 1354 2719 te
1376 2673 1434 2718 ut
1457 2664 1740 2718 videantur
1769 2680 1887 2718 mea
1914 2665 1996 2718 in-

433 2758 672 2813 firmari?
696 2758 762 2812 Et
788 2772 857 2812 ne
882 2756 1006 2827 quis
1025 2771 1110 2812 me
1138 2766 1290 2826 putet
1326 2755 1605 2811 incitatum
1634 2755 1701 2809 ad
1731 2755 1994 2824 quosdam

434 2850 764 2905 diceretsed
804 2850 872 2904 ab
894 2848 1149 2904 exercitio
1184 2847 1295 2919 (10)
1335 2862 1454 2903 sum
1508 2845 1794 2901 multorum
1827 2862 1841 2899 :
1883 2845 1996 2900 scio

441 2951 644 3013 quanta
674 2943 814 2999 dicta
850 2952 976 2998 sunt
1025 2950 1081 2997 et
1121 2942 1388 2996 dicuntur.
1436 2938 1815 3008 Unusquisque
1851 2938 1995 2993 enim

438 3049 687 3106 querens
712 3035 850 3090 unde
883 3042 1136 3105 pascatur
1172 3032 1380 3087 furatur
1403 3032 1536 3103 (11).
1569 3028 1806 3086 Minores
1842 3048 1855 3082 :
1885 3029 1996 3084 fra-

2093 1850 2246 1896 tres:
2281 1858 2387 1896 non
2439 1857 2651 1913 semper
2708 1843 2945 1907 nomina,
2994 1844 3090 1900 sed
3134 1859 3242 1899 res.
3316 1846 3657 1905 Christianus

2092 1934 2232 1987 enim
2262 1948 2440 1999 verus,
2496 1933 2663 1989 frater
2705 1934 2796 1989 sit.
2842 1924 3015 1990 Verus
3070 1935 3409 1991 Christianus
3448 1958 3461 1993 :
3496 1953 3657 1995 verus

2093 2035 2176 2081 est
2225 2026 2368 2081 enim
2429 2027 2696 2085 Christus.
2743 2027 2984 2094 Fratres,
3036 2027 3252 2093 fratres,
3312 2031 3477 2086 nolite
3538 2047 3660 2089 esse

2093 2117 2310 2186 piratas,
2374 2119 2540 2173 nolite
2605 2119 2917 2174 bellatores.
2984 2119 3161 2175 Nolite
3227 2137 3467 2191 quaerere
3531 2139 3656 2179 cum

2094 2225 2199 2278 quo
2271 2209 2520 2280 litigetis,
2587 2211 2679 2266 sed
2732 2227 2890 2281 quem
2969 2212 3209 2269 salvctis.
3284 2212 3399 2284 Ipse
3476 2226 3656 2271 autem

2094 2301 2236 2357 Deus
2294 2302 2460 2371 pacis,
2510 2303 2599 2373 qui
2646 2318 2748 2357 non
2807 2304 3045 2375 pepercit
3106 2306 3382 2375 unigenito
3414 2321 3510 2362 suo
3564 2304 3655 2362 Fi-

2094 2390 2187 2456 lio,
2222 2402 2277 2447 et
2306 2392 2452 2447 misit
2515 2408 2637 2448 eum
2682 2397 2747 2447 ad
2785 2395 3011 2450 salutem
3060 2406 3321 2462 nostram,
3378 2398 3494 2467 ipse
3532 2414 3655 2453 om-

2094 2484 2240 2538 nium
2285 2495 2524 2539 vestrum
2554 2482 2763 2540 animas
2806 2487 2871 2541 ad
2907 2502 3066 2541 uuam
3115 2488 3552 2553 consensionem,
3586 2491 3656 2545 ad

2094 2588 2255 2628 unam
2279 2576 2645 2639 concordiam,
2686 2574 2751 2630 ad
2796 2593 2958 2631 unum
3009 2593 3195 2646 pacem
3236 2590 3291 2635 et
3340 2575 3655 2637 charitatem

2095 2665 2291 2720 adunet
2317 2680 2411 2733 per
2436 2666 2767 2736 unigenitum
2798 2683 2953 2723 suum
2983 2668 3173 2725 Filium
3201 2688 3215 2723 :
3248 2686 3342 2740 per
3380 2687 3541 2742 quem
3572 2682 3659 2729 est

2095 2773 2201 2811 non
2237 2768 2364 2813 nato
2391 2758 2535 2812 Patri
2573 2760 2766 2829 gloria,
2812 2761 3002 2829 honor,
3058 2762 3365 2832 imperium,
3400 2764 3657 2833 maiestas

2096 2850 2150 2905 in
2178 2849 2377 2920 Spiritu
2422 2862 2631 2915 sancto,
2660 2860 2712 2907 et
2746 2867 2885 2908 nunc
2915 2863 2969 2908 et
3004 2869 3237 2926 semper,
3268 2864 3317 2910 et
3349 2869 3441 2925 per
3475 2856 3657 2913 omnia

2097 2936 2291 2993 saecula
2321 2937 2663 2993 szeculorum.
2693 2938 2882 2993 Amen.

446 3183 2275 3215 mm

1766 3183 3645 3226 Tm

1187 3403 1941 3563 EUSEBII
1996 3400 2909 3561 PAMPHILI

1006 3698 1234 3813 DE
1359 3692 3079 3811 RESUBRECTIONE.

1564 4063 1932 4154 LIBER
2004 4064 2495 4156 PRIMUS.

1996 4262 2067 4282 μ

501 4421 709 4479 Dictum
729 4421 1045 4493 estquidem
1068 4436 1098 4477 a
1130 4422 1281 4478 nobis
1307 4428 1361 4477 ct
1386 4432 1508 4478 ante
1530 4422 1597 4479 de
1632 4422 1987 4479 resurrectio-
2012 4432 2055 4489 ο
2089 4434 2267 4480 autem
2326 4432 2381 4477 et
2414 4438 2532 4493 qua:
2565 4419 2700 4475 lecta
2732 4428 2892 4487 sunt;
2942 4418 3080 4473 forte
3127 4414 3291 4473 etiam
3337 4427 3478 4485 saepe
3496 4412 3660 4471 nobis

432 4529 531 4582 ne;
568 4514 793 4570 audistis
829 4524 882 4571 et
921 4529 1017 4569 vos
1063 4531 1076 4568 :
1117 4514 1210 4570 sed
1244 4515 1424 4569 omnia
1484 4522 1724 4583 tempora
1771 4514 1995 4582 exigunt
2093 4515 2416 4583 dicentibus,
2442 4514 2665 4570 necdum
2697 4512 2911 4583 quidam
2952 4511 3018 4566 de
3046 4506 3442 4565 resurrectione
3469 4518 3658 4560 susce-

430 4622 580 4663 suum
627 4608 884 4672 fructum,
922 4606 1183 4675 siquidem
1232 4615 1286 4661 et
1339 4603 1392 4661 in
1432 4616 1671 4677 tempore
1721 4622 1990 4674 rosarum,

2092 4617 2289 4679 perunt
2332 4618 2635 4662 sermonem
2677 4622 2691 4658 :
2733 4603 2866 4658 nihil
2913 4599 3165 4671 prohibet
3200 4608 3441 4667 repetere
3474 4609 3572 4650 nos
3603 4601 3661 4651 et

431 4714 563 4754 rosae
585 4698 890 4755 ﬂorescunt.
930 4697 1240 4769 Agnoscunt
1274 4705 1451 4752 autem
1488 4707 1545 4752 et
1576 4701 1867 4754 secundum
1897 4697 1989 4754 Je-
2088 4702 2287 4764 denuo,
2321 4707 2375 4752 et
2405 4699 2471 4752 de
2494 4697 2577 4751 his
2608 4696 2738 4766 ipsis
2767 4702 3000 4749 tractare
3023 4692 3090 4744 ".
3118 4691 3315 4745 Eadem
3346 4685 3660 4747 enimscri-

434 4793 655 4847 remiam
688 4793 764 4855 ",
810 4801 864 4845 et
891 4791 1206 4845 hirundines
1260 4798 1468 4860 tempus
1513 4798 1569 4845 et
1615 4790 1702 4844 alii
1743 4804 1988 4860 passeres

431 4884 578 4953 agri;
610 4899 835 4953 quorum
865 4884 1119 4953 propheta
1144 4882 1343 4937 faciens
1369 4882 1715 4947 mentionem,
1746 4884 1992 4951 increpa-

432 4974 517 5029 bat
561 4974 723 5030 Israel
757 4974 846 5044 qui
873 4983 1110 5044 tempora
1150 4972 1449 5044 ignorabat.
1496 4971 1562 5027 Et
1593 4981 1801 5041 tempus
1841 4972 1989 5028 omni

433 5068 510 5121 rei
536 5081 651 5124 esse
675 5067 1104 5135 sapientissimus
1138 5066 1270 5120 dixit
1297 5065 1548 5120 Salomon
1571 5065 1635 5121 ".
1668 5063 1801 5131 Quia
1828 5063 1990 5133 igitur

432 5165 641 5226 tempus
676 5157 918 5228 exposcit
948 5156 1015 5211 de
1046 5155 1436 5210 resurrectione
1466 5152 1708 5217 tractari,
1735 5158 1991 5221 expetunt

2093 4792 2222 4847 here
2264 4805 2363 4846 nec
2396 4788 2619 4843 Paulum
2655 4786 2826 4859 piguit
2869 4801 2883 4838 :
2926 4785 2980 4840 hi
3007 4784 3150 4839 enim
3196 4781 3288 4853 qui
3314 4779 3538 4835 credunt
3574 4793 3661 4834 re-

2096 4884 2447 4940 surrectionis
2475 4884 2773 4946 sermones,
2814 4886 2973 4935 erunt
3019 4876 3286 4931 tutiores:
3320 4871 3456 4930 forte
3479 4879 3659 4924 autem

2095 4974 2185 5044 qui
2208 4976 2436 5029 necdum
2465 4973 2607 5029 suasi
2637 4981 2783 5037 sunt,
2811 4968 3199 5025 suadebuntor.
3245 4961 3400 5016 Nunc
3422 4959 3661 5015 creditur

2095 5064 2237 5119 enim
2269 5065 2506 5120 sermoni
2535 5062 2625 5132 qui
2660 5061 2725 5116 de
2758 5057 3145 5115 resurrecﬁone
3171 5054 3435 5117 habetur;
3459 5060 3513 5105 et
3548 5064 3661 5101 ma-

2096 5166 2197 5221 gna
2243 5160 2328 5208 est
2375 5149 2660 5206 multitudo
2693 5162 2798 5202 non
2836 5145 3188 5201 credentium.
3229 5139 3467 5196 Gentiles
3515 5139 3658 5194 enim

504 5294 548 5327 "
569 5293 591 5348 Ι
612 5296 735 5351 Cor.
765 5312 839 5362 vr,
863 5295 971 5359 20::
1004 5304 1058 5351 et
1095 5310 1188 5362 vn,
1212 5294 1304 5348 25.
1377 5292 1423 5326 “
1448 5290 1637 5350 Matth.
1668 5306 1796 5359 xxv,
1821 5290 1911 5346 40.
1989 5290 2031 5322 ⁸⁷
2068 5285 2179 5343 Jer.
2202 5300 2322 5350 vnn,
2352 5285 2405 5339 7.
2483 5281 2527 5315 ¹⁸
2563 5279 2739 5336 Eccle.
2775 5254 2856 5344 ui,
2885 5279 2970 5331 Π.
3048 5279 3092 5310 ¹⁹
3130 5273 3361 5346 Philipp.
3390 5289 3473 5341 nt,
3499 5273 3552 5328 l.

470 5413 582 5497 .(il)
611 5408 735 5467 Noli
776 5429 795 5468 :
843 5413 1160 5468 obliviscere.
1219 5409 1381 5467 Forte
1437 5410 1526 5464 sed
1580 5420 1635 5464 tu
1696 5406 1802 5463 noli
1856 5405 1970 5460 obli-

428 5498 583 5625 Γηῖὁδ
616 5553 682 5610 In
721 5569 871 5623 prece
909 5552 997 5625 Ἐν
1020 5552 1175 5624 εὐχῇ,
1210 5552 1262 5607 in
1294 5550 1523 5625 vot0,_in
1550 5549 1767 5625 optatis.

506 5620 616 5701 (ψ)
648 5620 729 5701 Ali
762 5624 1029 5701 exercitio.
1062 5620 1255 5701 idest,
1281 5636 1346 5678 ex
1378 5620 1695 5701 ministerio
1725 5633 1844 5675 meo
1873 5631 1993 5673 mea

433 5668 616 5754 ιιιὲίῑὲ
635 5668 717 5748 έῖῐ
729 5668 1189 5757 ωῖῇὸῖὶῐέἑιῖιῖεί

2167 5402 2276 5474 (Ii)
2306 5399 2563 5474 Furatur.
2592 5393 2842 5474 lfinores.
2873 5394 3031 5474 Forte
3062 5393 3272 5474 furatur
3309 5389 3657 5474 minores,_id

2096 5461 2201 5537 est.
2236 5461 2449 5527 a’dducit
2478 5483 2574 5535 per
2615 5466 2854 5537 fraudem
2905 5480 2932 5518 e
2959 5461 3078 5537 simi
3122 5462 3372 5518 Ecclesia:
3400 5461 3658 5537 parrules

2100 5545 2154 5600 in
2187 5531 2312 5606 fide,
2336 5531 2543 5610 sibique
2573 5535 3004 5610 adjttngitgnnde
3032 5534 3209 5588 alatur
3244 5554 3257 5589 :
3294 5534 3479 5601 quales
3519 5534 3553 5588 ii
3592 5531 3661 5586 do

2102 5603 2483 5684 quibus-ludas
2509 5603 2678 5678 apost.
2704 5605 2789 5669 12,
2815 5603 3123 5676 Semetipsos
3151 5614 3435 5673 pascentes.
