4050 6206
378 312 385 321 '
416 295 549 357 1071

1078 285 1349 346 EUSEBII
1383 280 1856 341 ClSARlENSiS
1892 279 1986 335 0P1

2089 278 2258 335 PARS
2294 277 2382 331 IV.
2422 304 2490 318 -—
2527 276 2943 334 DOGMATICA.

3496 274 3639 327 [072

377 430 522 470 =-non
543 412 804 477 credunt;
841 407 1077 466 haeretici
1114 406 1275 462 simili
1303 406 1461 461 modo
1511 405 1698 459 iisdem
1741 419 1844 458 non
1885 403 1973 456 ha-
2002 409 2046 462 Α
2077 398 2223 454 tilice
2253 399 2342 468 qui
2369 397 2510 469 apud
2537 412 2632 453 nos
2656 410 2756 461 est,
2784 395 2987 450 humile
3015 393 3283 461 loquatur.
3315 389 3382 445 Et
3409 404 3513 447 non
3544 407 3643 447 co-

386 507 540 562 »bent
569 503 761 566 ﬁdem;
793 499 958 555 Judaei
985 497 1140 553 divisi
1171 504 1292 551 sunt
1317 497 1381 551 de
1407 495 1820 550 resurrectione.
1840 492 1973 547 Sad-

414 596 582 653 ducazi
612 595 753 648 enim
786 590 1127 659 intercipiunt
1155 588 1266 662 (l2)
1288 589 1755 653 resurrectionem,
1774 584 1972 640 Phari-

404 689 505 745 saei
537 696 711 741 autem
743 695 1026 750 suscepere
1062 697 1075 733 :
1111 680 1212 733 nisi
1254 679 1424 748 magis
1470 680 1522 732 in
1556 678 1764 746 injuriis
1805 676 1972 746 petie-

415 788 563 843 runt,
603 790 760 846 quant
797 773 1197 827 lionoraverunt
1228 790 1240 825 :
1269 772 1407 825 forte
1459 778 1635 823 autem
1688 778 1741 822 et
1787 768 1879 837 qui
1919 767 1972 820 in

412 867 653 924 Ecclesia
680 863 1025 927 conveniunt,
1058 862 1208 915 multi
1240 862 1485 915 dubitant
1523 860 1586 914 de
1625 858 1975 913 resurrectio-

344 964 349 977 ’
416 976 516 1026 ne;
553 972 671 1028 qua:
707 955 845 1009 enim
885 954 1107 1009 necdum
1143 953 1315 1007 oculis
1348 952 1612 1015 videntur,
1658 966 1686 1005 a
1732 949 1975 1020 plurimis

416 1065 521 1105 non
545 1047 859 1102 creduntur.
886 1041 1017 1098 Nam
1041 1053 1093 1098 et
1120 1043 1154 1096 ii
1182 1043 1269 1112 qui
1305 1042 1600 1109 suscipiunt
1629 1041 1975 1094 resurrectio-

416 1157 563 1203 nem,
599 1136 873 1193 constituti
924 1144 1104 1205 utpote
1156 1134 1207 1187 in
1251 1133 1507 1196 Ecclesia,
1558 1132 1719 1186 multa
1777 1132 1977 1186 habent

416 1233 576 1287 dubia
604 1230 656 1284 in
696 1237 877 1282 mente
908 1227 972 1279 de
1011 1226 1124 1295 ipsa
1153 1224 1567 1279 resurrectione.
1602 1223 1768 1276 Aiunt
1799 1224 1972 1284 enim,

416 1320 685 1393 quomodo
706 1315 1088 1386 resurgemus?
1123 1315 1174 1367 in
1209 1330 1314 1383 quo
1365 1315 1573 1375 habitu,
1602 1327 1704 1381 qua
1745 1327 1971 1365 conver-

415 1413 647 1473 satione,
675 1410 727 1463 in
755 1424 861 1477 quo
890 1406 1044 1460 loco?
1076 1404 1199 1458 nudi
1225 1420 1290 1457 an
1309 1403 1529 1457 vestiti?
1560 1402 1979 1456 manducantes?

416 1518 523 1559 non
557 1500 853 1570 indigentes
875 1497 1034 1551 esca?
1062 1496 1110 1548 in
1130 1493 1285 1558 uelo,
1305 1495 1354 1546 in
1384 1493 1662 1563 paradiso?
1689 1506 1875 1547 onmes
1902 1492 1979 1545 si-

417 1594 550 1658 mul,
586 1609 653 1646 an
691 1590 780 1643 alii
816 1588 973 1643 alibi?
1001 1588 1128 1652 Qum
1155 1584 1477 1639 diversitas?
1523 1593 1701 1636 utrum
1736 1583 1786 1636 in
1825 1582 1976 1647 locis,

417 1697 507 1739 aut
537 1685 589 1738 in
624 1679 1015 1753 dignitatibus?
1053 1678 1120 1733 Et
1150 1680 1213 1732 de
1242 1679 1322 1731 liis
1349 1678 1437 1746 qui
1466 1677 1759 1745 puniuntur
1801 1685 1978 1730 utrum

417 1785 469 1828 ct
496 1790 727 1843 semper,
759 1782 850 1825 aut
876 1782 1084 1839 tempus
1107 1768 1343 1838 aliquod,
1370 1777 1424 1820 et
1443 1778 1618 1820 utrum
1651 1780 1861 1835 semper
1888 1782 1983 1835 per

418 1868 614 1936 ignem,
640 1873 731 1917 aut
757 1861 1042 1932 aliquando
1070 1860 1260 1912 aliter?
1288 1859 1351 1911 Et
1381 1868 1557 1911 utrum
1601 1857 1689 1927 qui
1728 1858 1899 1925 plura,
1931 1866 1983 1911 et

418 1972 604 2025 parva,
640 1964 694 2007 et
726 1953 816 2022 qui
844 1952 1007 2006 multa
1039 1956 1421 2020 peccaverunt,
1473 1964 1682 2018 semper
1716 1948 1984 2002 habebunt

418 2043 666 2114 pmnam?
698 2042 763 2096 Et
794 2042 835 2095 si
866 2040 1121 2095 videbunt
1166 2054 1224 2093 se
1274 2039 1525 2092 invicem.
1570 2048 1662 2092 aut
1691 2040 1981 2093 secundum

417 2134 739 2190 eminentius
766 2134 854 2187 alii
888 2133 940 2185 in
967 2130 1069 2183 alio
1096 2131 1216 2185 loco
1246 2128 1533 2198 punientur
1555 2169 1567 2183 .
1602 2129 1665 2183 Et
1688 2140 1864 2184 utrum
1891 2131 1981 2199 qui

418 2229 722 2298 puniuntur
766 2224 812 2278 si
867 2223 1184 2291 semetipsos
1211 2222 1466 2277 videbunt
1500 2222 1644 2293 (15);
1681 2232 1734 2276 et
1770 2223 1812 2276 si
1855 2223 1981 2290 justi

419 2332 531 2377 eos,
560 2315 649 2385 qui
692 2315 744 2368 in
776 2313 951 2383 poenis
979 2320 1105 2365 sunt
1138 2330 1150 2365 :
1188 2321 1241 2366 et
1274 2315 1318 2367 si
1358 2312 1392 2365 ii
1423 2310 1515 2381 qui
1554 2312 1602 2365 in
1639 2312 1813 2380 poenis
1840 2322 1981 2377 sunt,

420 2412 585 2475 iustos
628 2404 1006 2475 conspiciunt?
1035 2404 1098 2458 Et
1121 2404 1265 2458 mille
1282 2412 1408 2458 sunt
1432 2405 1752 2473 quarstiones
1777 2406 1840 2459 de
1865 2420 1987 2474 pro-

421 2504 593 2571 posita
635 2500 1049 2556 resurrectione.
1102 2499 1290 2554 Tantis
1324 2500 1487 2570 igitur
1528 2499 1816 2568 propositis
1850 2514 1989 2568 qua:-

421 2595 712 2661 stionibus,
754 2604 807 2648 et
828 2594 993 2646 tantis
1023 2606 1126 2646 non
1157 2592 1519 2660 credentibus,
1557 2602 1611 2645 et
1641 2592 1802 2646 tantis
1829 2592 1986 2645 dubi-

422 2688 693 2752 tantibus;
721 2685 965 2741 oratione
999 2698 1134 2753 Opus
1162 2693 1265 2750 est,
1293 2694 1348 2739 ut
1376 2683 1543 2753 ipsius
1584 2682 1989 2736 resurrectionis

421 2779 705 2843 Dominus,
745 2787 805 2832 et
860 2777 1153 2845 impensius
1183 2775 1399 2843 quidem
1436 2775 1639 2828 tribuat
1688 2787 1987 2828 serm0nem

422 2869 642 2934 dicenti,
671 2868 996 2923 intellectum
1023 2878 1199 2922 autem
1233 2866 1596 2920 audientibus.
1632 2864 1905 2933 Siquidem
1936 2875 1991 2918 et

422 2962 490 3015 iis
512 2975 629 3029 qua:
660 2960 801 3013 dicta
829 2970 953 3012 sunt
985 2959 1127 3012 aliud
1152 2974 1316 3011 unum
1356 2966 1439 3010 est
1469 2972 1755 3011 commune
1779 2956 1988 3020 vitium,

423 3054 565 3121 quod
598 3054 845 3122 jurgatur
867 3051 1127 3104 adversus
1162 3049 1635 3103 resurrectionem.
1670 3046 1819 3101 Multi
1847 3049 1988 3101 enim

424 3154 551 3197 sunt
578 3144 666 3211 qui
707 3151 954 3210 peccant,
990 3141 1142 3209 pauci
1190 3150 1368 3193 autem
1416 3140 1508 3209 qui
1560 3154 1618 3194 se
1662 3139 1988 3194 custodiunt.

423 3230 503 3285 llli
529 3233 691 3301 igitur
721 3231 811 3300 qui
850 3232 1187 3299 delinquunt,
1233 3230 1421 3284 nolunt
1473 3243 1591 3284 esse
1637 3230 1992 3285 resurrectio-

426 3339 570 3387 nem,
602 3332 658 3375 ut
690 3338 796 3376 non
826 3324 1104 3376 incurrant
1129 3322 1181 3376 in
1213 3336 1431 3391 poenas;
1468 3323 1560 3377 sed
1582 3337 1730 3376 suam
1758 3321 1994 3377 volunta-

429 3425 534 3467 tem
590 3416 806 3469 decreto
840 3414 1253 3469 resurrectionis
1305 3424 1606 3483 opportuni,
1643 3423 1697 3468 et
1737 3415 1994 3469 resistunt

426 3506 557 3560 Deo.
603 3506 739 3573 Quia
784 3506 926 3560 enim
974 3506 1158 3560 volunt
1206 3521 1234 3558 a
1283 3506 1498 3576 negatio
1554 3505 1767 3559 liberari
1827 3506 1990 3558 semel

433 3598 746 3661 morientes,
802 3598 989 3652 uolunt
1044 3598 1095 3651 in
1132 3608 1300 3652 totum
1345 3612 1467 3653 esse
1520 3598 1992 3660 resurrectionem,

427 3699 489 3743 ιιι
522 3705 624 3744 ηοη
667 3690 900 3743 habeant
930 3703 1171 3750 causam,
1211 3703 1383 3757 neque
1422 3689 1678 3743 rationem
1709 3688 1831 3741 vita:
1859 3704 1993 3757 pra:-

428 3791 576 3836 stent
609 3790 729 3850 post
759 3789 986 3833 mortem
1006 3779 1174 3848 judici
1218 3777 1344 3833 Deo.
1379 3779 1517 3849 Ergo
1541 3781 1789 3848 jurgatur
1821 3790 1875 3833 et
1900 3780 1994 3833 ho-

427 3887 549 3928 rum
604 3871 852 3925 voluntas
902 3870 1120 3924 decreto
1166 3870 1622 3925 resurrectionis:
1662 3870 1785 3938 quia
1834 3869 1995 3938 igitur

431 3974 579 4017 tanta
615 3973 670 4017 et
703 3962 827 4016 talia
861 3970 989 4015 sunt
1036 3975 1155 4029 quae
1200 3971 1532 4030 quaeruntur,
1584 3962 1830 4017 oratione
1861 3977 1995 4031 opus

429 4064 533 4117 est,
566 4064 623 4107 ut
652 4054 823 4107 victor
855 4062 1071 4122 superet
1101 4052 1398 4107 universos.
1424 4050 1537 4106 Non
1566 4052 1872 4124 ignoramus
1900 4071 1995 4108 au-

434 4159 539 4201 tem
581 4158 629 4200 et
655 4146 805 4210 illud,
836 4149 960 4216 quia
984 4147 1135 4202 multi
1167 4156 1485 4216 putaverunt
1522 4146 1686 4199 Deum
1717 4146 1853 4201 nihil
1881 4162 1996 4200 am-

434 4240 573 4307 plius
602 4251 759 4306 posse
787 4254 945 4304 quain
979 4252 1096 4294 nos.
1133 4237 1323 4291 Incerti
1364 4245 1489 4289 sunt
1522 4236 1663 4288 enim
1692 4244 1747 4288 et
1780 4245 1994 4291 movent

430 4339 484 4383 et
510 4328 782 4383 adducunt
814 4329 866 4379 in
898 4329 1071 4381 medio
1106 4326 1403 4381 istiusmodi
1434 4326 1805 4393 quaestionem.
1850 4326 1992 4380 Mor-

2013 1753 2055 1809 Β

2019 3096 2060 3150 C

2075 490 2245 561 gitant
2275 500 2537 560 quantum
2588 490 2815 542 interest
2870 486 3011 540 inter
3063 484 3227 537 Deum
3283 492 3339 535 et
3392 482 3645 539 homines

2074 592 2333 637 mortuos.
2360 581 2650 637 Gentilium
2688 580 2851 647 igitur
2876 578 3024 631 multi
3049 576 3212 631 semel
3244 575 3641 644 providentiam

2075 675 2128 728 in
2162 673 2245 727 his
2266 674 2514 729 omnibus
2540 673 2836 741 cjicientes,
2862 678 2913 723 et
2946 686 2974 722 a
3002 669 3108 723 Deo
3157 668 3278 722 vivo
3318 669 3647 737 semetipsos

2074 763 2409 830 fraudantes,
2455 766 2569 817 ausi
2603 773 2725 818 sunt
2757 765 2960 823 dicere,
2993 760 3133 830 quod
3176 769 3232 815 et
3281 770 3527 829 repetere
3558 774 3647 813 tu-

2079 868 2188 911 tum
2221 866 2458 912 nonest.
2501 855 2578 909 Illi
2606 855 2750 909 enim
2781 854 2898 909 sine
2944 851 3053 906 Deo
3096 860 3315 922 agentes
3362 867 3509 919 spem
3562 868 3646 905 re~

2076 948 2429 1004 surrectionis
2454 948 2787 1001 interimunt.
2828 944 2927 1012 Qui
2959 944 3101 998 enim
3142 958 3267 998 eum
3297 945 3379 1009 qui
3415 945 3647 997 suscitat

2079 1051 2291 1110 negant,
2321 1038 2528 1093 diliicile
2559 1048 2642 1093 est
2683 1048 2740 1091 ut
2765 1036 3126 1090 conﬁteantur
3172 1035 3641 1088 resurrectionem.

2072 1132 2182 1188 Sed
2224 1132 2588 1201 relinquamus
2620 1132 2812 1184 horum
2843 1126 3334 1197 importunitatem,
3363 1137 3417 1178 ut
3444 1142 3469 1177 a
3505 1140 3642 1194 pue-

2074 1226 2151 1279 ris
2182 1224 2587 1280 convincantur.
2635 1220 2741 1276 Nec
2781 1222 2924 1275 enim
2958 1219 3022 1272 ad
3057 1232 3245 1273 omnes
3291 1228 3495 1272 certare
3535 1234 3639 1272 nos

2076 1334 2174 1387 par
2203 1328 2306 1383 est,
2334 1332 2505 1386 neque
2543 1318 2609 1369 ad
2632 1312 3075 1382 omnesjurgari;
3112 1311 3377 1379 siquidem
3428 1326 3521 1364 ucc
3569 1310 3635 1361 ad

2079 1409 2296 1463 insanos
2327 1406 2703 1462 consuevimus
2748 1406 2813 1459 de
2841 1403 3258 1473 cogitationibus
3284 1402 3431 1455 sanis
3456 1400 3593 1470 loqui
3619 1418 3634 1453 :

2078 1502 2168 1572 qui
2205 1513 2381 1555 autem
2428 1500 2794 1567 imprudenter
2842 1498 2915 1550 ita
2954 1497 3257 1566 jnrgantur,
3291 1511 3394 1548 non
3437 1495 3502 1548 ad
3529 1511 3644 1557 nos,

2079 1595 2173 1648 sed
2200 1594 2265 1647 ad
2297 1594 2466 1662 ipsum
2498 1592 2735 1645 ordinem
2761 1589 3079 1655 oﬁiciorum,
3114 1599 3166 1642 et
3191 1589 3257 1642 ad
3293 1587 3507 1655 opiﬁcia
3534 1602 3649 1655 qure

2080 1686 2227 1755 iussa
2276 1694 2595 1752 sequuntur,
2630 1682 2693 1735 ad
2744 1681 2875 1755 solis
2912 1681 3120 1734 scilicet
3159 1695 3401 1744 cursum,
3449 1680 3514 1732 ad
3551 1679 3650 1731 im-

2086 1776 2429 1830 mutationem
2458 1773 2619 1837 lunze,
2663 1774 2727 1825 ad
2756 1748 3031 1826 stellarum
3066 1772 3282 1831 choros,
3316 1774 3383 1823 ad
3413 1769 3649 1823 transla-

2085 1867 2282 1921 tionem
2317 1866 2569 1920 horarum
2602 1863 2714 1935 (H)
2746 1878 2864 1933 quae
2892 1877 2985 1930 per
3006 1876 3175 1915 annos
3194 1859 3328 1915 efﬁci
3356 1872 3652 1913 consueve-

2085 1968 2228 2025 runt,
2276 1958 2341 2011 ad
2376 1956 2607 2011 oﬂicium
2657 1956 2839 2019 maris,
2884 1953 2951 2007 ad
2992 1962 3211 2019 terram,
3249 1952 3315 2005 ad
3346 1966 3552 2013 aerem,
3582 1952 3653 2004 ad

2084 2050 2338 2119 pluviam,
2364 2058 2418 2103 et
2441 2047 2506 2101 ad
2530 2046 2711 2101 omnia
2740 2060 2856 2113 qua?
2882 2053 3203 2111 sequuntur,
3231 2043 3297 2096 ad
3321 2041 3501 2097 ofﬁcia
3523 2050 3653 2094 (ela-

2085 2152 2218 2205 tum,
2249 2142 2314 2194 ad
2343 2141 2641 2205 hominum,
2669 2139 2735 2192 ad
2760 2137 3095 2201 animalium,
3127 2136 3191 2190 ad
3219 2136 3398 2189 avium
3425 2132 3651 2187 diversi.

2086 2243 2242 2299 tates,
2296 2232 2363 2285 ad
2401 2232 2667 2295 vultuum,
2724 2229 2790 2283 ad
2824 2228 3123 2298 specierum
3166 2226 3426 2292 habitum,
3482 2234 3537 2279 ut
3580 2226 3652 2280 sit

2084 2325 2374 2395 unicuique
2432 2324 2761 2379 conveniens
2815 2338 2959 2387 esca,
3029 2322 3390 2376 membrorum
3448 2330 3651 2390 partes,

2086 2415 2325 2469 dentium
2358 2414 2587 2482 numeri,
2639 2414 2959 2482 ungularum
3006 2428 3288 2477 mensurae,
3336 2412 3644 2481 capillorum

2085 2508 2280 2572 cilicia,
2312 2508 2630 2576 compositio
2660 2512 3024 2563 membrorum
3072 2526 3085 2561 :
3125 2508 3239 2561 hate
3265 2508 3434 2561 omnia
3478 2506 3645 2564 silet?

2090 2600 2163 2653 tio
2191 2601 2427 2653 clamant
2458 2599 2726 2669 opiﬁcem,
2757 2612 2812 2655 et
2840 2602 3172 2669 provisorem
3194 2599 3421 2654 omnium
3452 2598 3641 2653 Deum.

2088 2692 2223 2759 Quia
2260 2692 2421 2761 igitur
2471 2693 2571 2745 ista
2630 2693 2756 2746 caeci
2815 2709 2921 2746 non
2983 2692 3253 2758 viderunt,
3295 2706 3387 2760 per
3433 2706 3494 2746 ea
3527 2706 3649 2758 qua:

2090 2781 2339 2836 videntur
2369 2781 2689 2837 invisibilem
2719 2801 2731 2836 :
2766 2783 2986 2837 stultum
3030 2790 3115 2836 est
3146 2784 3211 2835 de
3236 2781 3503 2836 coloribus
3540 2780 3654 2847 jur-

2090 2873 2202 2944 gari
2236 2874 2299 2926 ad
2336 2889 2508 2929 caecos
2559 2890 2573 2928 :
2616 2876 2742 2945 quid
2772 2874 2915 2928 enim
2945 2871 3215 2927 eﬂicacius
3242 2883 3324 2927 est
3350 2873 3441 2927 Dei
3476 2872 3656 2943 provi-

2090 2966 2459 3041 dentiaiquid
2506 2975 2685 3022 autem
2716 2967 2878 3022 breve
2907 2968 3044 3035 quod
3078 2975 3296 3035 putatur
3344 2981 3448 3019 non
3498 2966 3550 3019 in
3599 2980 3656 3018 se

2092 3056 2355 3126 aqualem
2402 3071 2430 3109 a
2478 3055 2767 3131 majoribus
2811 3056 3111 3111 invenietur
3138 3057 3336 3111 habere
3368 3056 3654 3126 provideo-

2096 3148 2260 3200 tiam?
2285 3147 2394 3202 Cur
2418 3149 2560 3203 enim
2592 3148 2936 3203 formicarum
2964 3149 3203 3203 salvatur
3232 3162 3400 3217 genus
3426 3149 3479 3202 in
3500 3149 3654 3201 simi—

2095 3236 2356 3292 litudine?
2378 3254 2474 3292 cur
2500 3239 2677 3307 apium
2706 3251 2759 3293 et
2784 3241 3118 3304 operationes
3143 3239 3195 3293 in
3220 3252 3507 3293 commune
3535 3237 3651 3290 τω.

2094 3330 2315 3393 duntur,
2338 3339 2391 3383 et
2416 3330 2595 3385 habita
2617 3330 2851 3385 minimis
2875 3332 2925 3384 iu
2950 3331 3289 3385 substantia?
3309 3346 3428 3399 quae
3443 3330 3651 3400 quidem

2094 3430 2146 3473 et
2177 3419 2458 3486 involatu,
2492 3431 2545 3475 et
2585 3436 2863 3491 processu,
2898 3431 2951 3476 et
2980 3436 3250 3489 regressu,
3306 3431 3361 3474 et
3404 3421 3455 3473 in
3498 3434 3656 3487 opere

2094 3511 2441 3565 consentiunt
2467 3512 2591 3566 sibi.
2622 3512 2753 3578 Quis
2791 3512 2915 3566 fecit
2956 3512 3090 3565 mel?
3120 3514 3303 3581 utique
3343 3512 3432 3580 qui
3457 3513 3652 3566 οιηιειῐν-

2096 3604 2197 3656 tuit
2229 3603 2572 3669 medicinam,
2619 3619 2740 3673 qua:
2784 3619 2847 3658 eo
2881 3605 2946 3657 ad
2977 3604 3238 3658 medelam
3272 3606 3442 3664 utitur
3493 3602 3657 3657 homi.

2096 3710 2245 3748 num.
2278 3694 2416 3762 Quid
2447 3696 2589 3750 enim
2615 3711 2720 3751 non
2752 3696 2970 3766 plenum
3001 3706 3082 3750 est
3118 3695 3489 3764 providentia?
3533 3693 3659 3765 quid

2096 3801 2199 3839 non
2240 3785 2436 3839 clamat
2471 3787 2801 3853 provisorem
2834 3786 3034 3839 Deum?
3072 3786 3257 3843 Nonne
3307 3786 3507 3852 herbae,
3541 3801 3660 3856 qua

2096 3878 2381 3931 utilitatem
2419 3879 2657 3947 praebent
2707 3877 2963 3931 medelis?
3011 3894 3184 3933 nonne
3214 3878 3387 3948 pisces
3444 3893 3476 3933 e
3522 3879 3658 3933 mari

2096 3969 2361 4038 producti,
2394 3968 2608 4036 quidam
2649 3969 2865 4037 quidem
2900 3971 2966 4023 ad
2994 3985 3165 4035 escas,
3217 3970 3430 4037 quidam
3479 3979 3658 4023 autem

2094 4060 2159 4113 ad
2188 4058 2383 4114 curas?
2405 4058 2592 4114 Nonne
2616 4058 2818 4126 lapides
2858 4061 3032 4124 incisi,
3061 4072 3117 4115 ut
3144 4060 3235 4114 alii
3263 4062 3477 4130 quidem
3502 4059 3663 4114 utiles

2095 4150 2201 4205 sint
2228 4152 2293 4204 ad
2321 4151 2549 4205 aedilicia
2586 4159 2640 4205 et
2674 4160 2810 4205 tecta
2842 4162 2899 4207 et
2926 4162 3292 4220 operamenta,
3335 4150 3425 4205 alii
3466 4164 3653 4204 mecs-

2096 4245 2224 4299 sarii
2282 4244 2348 4298 ad
2393 4258 2675 4312 corporum
2702 4245 2983 4307 sanitates,
3029 4244 3151 4314 quia
3182 4253 3236 4298 et
3273 4242 3651 4297 inﬁrmantur?

2095 4336 2281 4392 Nonne
2318 4353 2454 4392 esca:
2483 4337 2601 4392 aliae
2627 4338 2747 4391 aliis
2771 4339 3137 4401 succedentes,
3166 4348 3219 4392 et
3251 4338 3361 4391 aliae
3388 4351 3506 4391 cum
3534 4337 3656 4391 aliis

434 4430 555 4473 tuus
578 4430 683 4483 est,
720 4419 910 4488 inquit,
957 4419 1045 4485 qui
1083 4428 1325 4471 mortuus
1353 4427 1471 4484 est;
1507 4427 1560 4471 et
1595 4416 1739 4471 illam
1780 4418 1986 4487 quidem

2098 4429 2456 4498 insequentes,
2487 4431 2769 4484 ostendunt
2799 4439 3212 4500 praeparatorem
3251 4428 3445 4485 Deum?
3469 4427 3658 4484 Nonne

432 4525 639 4583 partem
693 4515 809 4583 ejus
853 4513 1029 4580 aquila
1070 4510 1414 4565 manducavit
1460 4518 1552 4562 aut
1592 4502 1786 4564 vultur.
1834 4508 1996 4564 Forte

430 4618 610 4660 autem
641 4620 741 4659 non
767 4606 1043 4673 patiuntur
1070 4602 1265 4671 aquilae
1290 4600 1591 4655 istiusmodi
1617 4600 1992 4657 humilitatem.

430 4698 626 4763 Aliam,
661 4700 856 4767 inquit,
889 4697 1095 4765 accepit
1122 4694 1290 4757 cauis,
1313 4704 1367 4748 et
1392 4706 1581 4748 canem
1613 4701 1668 4747 ut
1690 4702 1817 4762 puta
1849 4708 1989 4747 saeva

428 4791 607 4844 bellua
667 4789 1013 4843 manducavit
1059 4804 1072 4838 :
1124 4797 1215 4840 aut
1253 4786 1395 4839 aliud
1440 4784 1654 4854 aliquod
1684 4786 1903 4850 animal,
1940 4796 1995 4839 et

431 4882 572 4938 istud
601 4882 800 4936 animal
826 4879 1183 4943 interfectum,
1215 4878 1551 4933 combustum
1586 4886 1689 4941 est,
1722 4887 1815 4931 aut
1844 4887 1993 4932 certe

431 4976 731 5047 obputruit,
768 4983 861 5029 aut
883 4974 1055 5043 ipsum
1080 4972 1146 5027 ab
1180 4971 1282 5024 alio
1309 4970 1540 5039 quodam
1567 4979 1862 5024 comestum
1889 4978 1989 5033 est,

434 5066 549 5120 ﬁeri
594 5069 736 5120 enim
787 5064 890 5118 hoc
933 5071 1133 5132 potest;
1182 5069 1347 5122 tanta,
1404 5059 1601 5128 inquit,
1645 5058 1990 5113 successione

433 5155 594 5219 facta,
623 5168 677 5211 et
704 5172 830 5211 casu
866 5170 1053 5210 eorum
1083 5153 1171 5222 qui
1205 5150 1398 5205 mortui
1445 5162 1568 5203 sunt
1603 5151 1670 5202 ab
1702 5148 1807 5202 alio
1834 5149 1885 5202 in
1916 5151 1991 5202 al-

435 5258 629 5311 terum,
659 5249 947 5316 quomodo,
982 5247 1172 5314 inquit,
1223 5253 1397 5313 potest
1444 5242 1583 5295 Deus
1629 5241 1996 5295 invenireliui-

435 5340 602 5395 tium?
628 5352 877 5409 tanquam
907 5341 969 5393 de
995 5338 1154 5409 ﬁgulo
1186 5337 1389 5404 aliquo,
1426 5343 1510 5387 aut
1546 5334 1611 5387 de
1640 5332 1867 5403 quodam
1905 5349 1993 5385 ar-

509 5474 616 5543 (12)
654 5472 1019 5541 Iniercipiunt.
1056 5472 1196 5527 Infra
1227 5470 1331 5527 col.
1356 5468 1554 5543 1075A
1576 5484 1588 5519 :
1613 5467 1673 5521 Si
1706 5468 1991 5543 intercepe-

435 5538 1013 5599 riinris'resurrectionls
1038 5560 1174 5611 spem
1199 5560 1217 5595 :
1241 5554 1294 5596 et
1328 5557 1471 5611 supr.
1505 5540 1593 5593 lib.
1626 5553 1663 5599 ι,
1689 5538 1843 5611 paulo
1874 5546 1991 5611 post

434 5616 647 5743 ignium
715 5628 729 5665 :
806 5613 971 5666 Filius
1024 5609 1239 5666 Verbum
1309 5609 1477 5666 dictus
1567 5627 1667 5661 non
1733 5609 1988 5675 intercipit

489 5701 627 5740 eum.

489 5701 627 5740 eum.

2095 4523 2386 4575 secundum
2412 4521 2829 4592 uniuscujusque
2849 4523 3088 4577 habitum
3109 4524 3353 4578 animalis
3375 4538 3657 4588 mensura,

2098 4614 2512 4681 magnitudines,
2565 4617 2929 4685 compagines,
2972 4617 3209 4669 membra
3258 4626 3385 4671 sunt
3413 4615 3558 4678 data,
3609 4630 3662 4670 et

2100 4706 2516 4775 unumquodque
2570 4707 2636 4759 ad
2692 4722 2843 4760 suam
2894 4707 3266 4761 necessitatem
3315 4714 3365 4761 et
3408 4707 3660 4761 virtutem

2099 4797 2339 4865 accepit?
2372 4797 2536 4867 Equis
2561 4798 2705 4851 enim
2732 4797 2987 4852 velocitas
3011 4799 3132 4852 data
3152 4809 3258 4861 est,
3284 4806 3342 4851 ut
3371 4797 3664 4867 insequan-

2102 4894 2188 4940 tur
2221 4896 2275 4941 et
2300 4886 2541 4958 fugiant;
2569 4888 2689 4943 aliis
2717 4888 3037 4943 animalibus
3062 4888 3341 4954 fortitudo,
3377 4896 3434 4941 ut
3462 4888 3665 4941 sensim

2099 4990 2379 5047 portarent
2411 4980 2645 5049 pondera
2691 4983 2793 5038 sibi
2824 4982 3094 5049 imposita.
3136 4980 3199 5035 Et
3240 4990 3549 5036 mensurata
3581 4988 3662 5032 cst

2101 5069 2389 5138 unicuique
2421 5072 2612 5137 virtus,
2658 5073 2916 5141 potentia,
2962 5072 3296 5142 magnitudo,
3336 5070 3665 5126 conveniens

2102 5174 2244 5225 esca,
2273 5172 2327 5215 et
2351 5161 2480 5231 ipsis
2508 5163 2828 5219 animalibus
2859 5166 3076 5235 pr0pria
3106 5162 3270 5229 salus,
3296 5178 3413 5231 qua:
3443 5174 3661 5232 gustare

2104 5249 2376 5313 deberent,
2414 5262 2467 5305 et
2506 5268 2534 5304 a
2571 5253 2763 5322 quibus
2806 5268 2864 5308 se
2890 5254 3201 5309 abstinere:
3235 5253 3435 5306 homini
3481 5261 3659 5306 autem

2104 5348 2156 5393 et
2187 5341 2254 5393 ab
2290 5343 2407 5397 aliis
2439 5345 2762 5400 animalibus
2801 5346 3259 5401 irrationabilibus
3295 5361 3422 5399 usus
3450 5354 3535 5400 est
3561 5346 3661 5400 da-

2094 5474 2405 5598 ἀεὲῗιῗξοῆιε.
2438 5475 2503 5531 Et
2536 5479 2718 5539 iterum
2741 5482 2829 5551 qui
2857 5481 3162 5550 puniuntur,
3191 5482 3237 5535 si
3262 5482 3560 5552 semetipsos
3584 5477 3662 5537 οὗ·

2164 5617 2275 5685 (14)
2308 5620 2593 5673 Horarum.
2634 5618 2827 5691 Ὤρων,
2859 5600 3254 5690 tempestatum.
