4050 6206
416 354 557 413 1073

1512 351 1602 405 DE
1640 350 2237 408 RESURRECTIONE.
2268 380 2334 394 --
2374 349 2501 403 LIB.
2538 351 2579 405 l".

3500 348 3637 406 1075

414 478 518 532 tus,
546 481 600 524 et
628 484 656 523 a
687 466 877 538 plantis
900 465 1041 520 etab
1067 464 1373 529 arboribus,
1406 479 1433 517 a
1466 464 1747 534 lapidibus,
1778 480 1805 518 a
1834 462 1967 517 mari
1999 467 2046 524 Α
2074 474 2177 514 non
2201 460 2474 529 pertinet?
2513 459 2957 528 quemadmodum
3002 466 3178 513 autem
3214 457 3468 528 pertinet,
3490 460 3533 514 si
3564 463 3636 515 si-

411 572 464 620 ιι
503 579 532 616 a
565 550 705 614 terra
739 579 751 613 :
787 557 1017 624 undique
1060 555 1203 609 enim
1248 556 1574 610 constitutus
1609 565 1691 608 est
1729 552 1886 607 veluti
1920 553 1973 607 in

411 668 525 708 uno
550 666 768 720 corpore
791 649 1021 702 mundus
1051 647 1372 713 coniunctus
1403 647 1525 701 sibi.
1559 646 1627 699 Et
1648 645 1977 714 unumquod-

421 758 518 815 que
550 744 755 811 quidem
784 749 921 807 quod
953 739 1152 793 factum
1184 749 1287 803 est,
1326 739 1597 807 propriam
1633 737 1789 790 habet
1817 744 1974 788 uatu-

415 851 527 892 ram
563 845 615 887 et
658 834 921 896 salutem;
956 830 1183 898 plurima
1220 840 1396 883 autent
1438 844 1662 897 qumque
1696 827 1746 880 in
1779 841 1836 880 se
1885 841 1979 879 ne-

413 927 641 983 cessaria
672 924 927 978 continet.
961 924 1197 990 Denique
1228 927 1307 975 sol
1340 923 1544 989 positus
1571 922 1784 989 quidem
1819 919 1974 973 estin

414 1032 511 1073 suo
536 1015 670 1076 loco,
711 1015 869 1068 habet
902 1022 1077 1066 autem
1126 1012 1395 1078 propriam
1444 1009 1886 1074 magnitudinem,
1924 1018 1979 1062 et

414 1107 650 1179 possidet
684 1117 959 1172 acceptum
992 1120 1142 1158 suum
1192 1103 1471 1172 fulgorem,
1506 1112 1559 1155 et
1611 1101 1875 1155 illuminat
1914 1117 1976 1154 ea

414 1213 530 1268 quae
578 1200 631 1251 in
668 1205 806 1249 terra
850 1196 1130 1271 habentur,
1163 1193 1301 1247 fovet
1333 1200 1387 1247 et
1417 1191 1682 1246 calefacit.
1732 1191 1796 1244 Et
1842 1207 1980 1245 nunc

413 1291 630 1359 quidem
657 1287 862 1358 longius
899 1288 1214 1350 abscedens,
1246 1284 1389 1339 cedit
1412 1285 1733 1339 confectioui
1768 1286 1978 1349 hiemis,

414 1387 473 1431 ut
500 1386 758 1432 statutum
790 1385 905 1440 est;
948 1390 1086 1427 nunc
1139 1385 1317 1427 autem
1364 1374 1551 1427 iterum
1591 1383 1893 1437 revocatus,
1929 1386 1983 1427 et

416 1468 483 1523 ad
504 1481 778 1519 mensuras
805 1466 1085 1527 accedens,
1115 1480 1219 1518 non
1247 1465 1422 1518 subito
1452 1474 1643 1529 nocet;
1689 1464 1983 1519 exussisset

419 1558 562 1611 enim
602 1556 803 1620 omnia,
854 1556 898 1609 si
930 1556 1105 1609 subito
1133 1555 1197 1608 ad
1236 1570 1295 1608 ea
1340 1554 1511 1623 spatia
1555 1570 1672 1623 quae
1710 1554 1984 1607 dimiserat

424 1647 773 1711 recurrisset;
809 1662 979 1715 neque
1001 1647 1190 1699 iterum
1215 1662 1316 1699 non
1343 1644 1649 1699 illuminans
1675 1643 1981 1704 intermisit,

425 1749 484 1792 ut
522 1739 726 1793 fruetus
760 1754 861 1791 non
895 1748 1282 1808 coquerentur;
1307 1751 1478 1806 neque
1502 1737 1753 1788 advenire
1791 1736 1855 1788 ad
1888 1734 1987 1787 im-

2078 550 2276 604 militer
2304 550 2749 618 moriturjusttts,
2773 559 2826 603 et
2848 548 3077 618 impius?
3101 550 3150 602 Is
3180 550 3320 603 enim
3349 550 3441 618 qui
3468 550 3639 604 aliena

2078 642 2237 711 rapit,
2266 641 2458 695 fruittts
2482 654 2564 695 est
2599 657 2716 710 qua:
2746 642 2963 710 diripuit
2998 640 3107 711 (15)
3142 657 3155 694 :
3186 641 3274 709 qui
3318 652 3494 696 autem
3548 658 3640 696 sua

2079 732 2280 794 amisit,
2314 732 2443 786 abiit
2463 748 2681 801 gemens
2713 748 2815 785 non
2843 734 3047 787 habens
3083 733 3276 801 spem?
3306 735 3408 788 Sed
3436 752 3537 789 non
3563 745 3641 789 est

2080 825 2339 894 iniquitas
2366 828 2504 894 apud
2536 826 2719 880 Deum.
2753 825 2808 879 Si
2844 825 2986 878 enim
3014 842 3114 879 non
3150 837 3231 880 est
3258 842 3378 896 spes
3403 842 3643 881 resurre—

2080 916 2289 978 ctionis,
2330 922 2382 969 et
2413 915 2659 971 solatium
2686 915 2789 969 illis
2820 915 2907 985 qui
2938 916 3058 969 istic
3095 927 3375 977 uocentur,
3408 927 3461 971 et
3506 933 3631 971 mer-

2081 1023 2170 1062 ces
2202 1008 2284 1061 his
2317 1008 2405 1077 qui
2432 1023 2525 1061 sua
2563 1006 2687 1061 istic
2713 1017 2992 1077 spargunt,
3046 1022 3231 1077 magna
3280 1008 3535 1075 iniquitas
3565 1016 3639 1061 est

2082 1099 2218 1167 apud
2241 1099 2464 1168 justum.
2511 1097 2566 1152 Si
2595 1100 2735 1153 enim
2764 1114 2911 1167 requa
2940 1101 3235 1154 redduntur
3270 1102 3535 1159 omnibus,
3562 1101 3641 1169 je-

2074 1189 2283 1257 junanti
2320 1199 2371 1244 et
2404 1191 2637 1253 ebrioso,
2684 1190 2967 1245 libidinoso
3007 1202 3059 1245 et
3083 1193 3295 1261 pudico,
3334 1194 3561 1261 rapienti
3594 1203 3659 1246 et-

2083 1281 2324 1346 douanti,
2369 1282 2632 1337 occidenti
2681 1292 2734 1338 et
2789 1283 2836 1337 ei
2879 1283 2967 1352 qui
3016 1283 3300 1344 occiditur,
3356 1293 3408 1336 et
3461 1284 3507 1337 ei
3555 1284 3661 1352 qui

2085 1371 2397 1439 martyrium
2430 1370 2724 1440 tollit(16).
2760 1371 2847 1426 ubi
2879 1372 3047 1426 virtus
3080 1382 3161 1427 est
3189 1374 3669 1442 providentize?,ln-

2085 1461 2367 1530 prmcipuis
2394 1462 2535 1515 enim
2576 1463 2621 1516 si
2654 1462 2904 1527 defuerit,
2935 1480 3038 1517 non
3077 1466 3181 1519 erit
3210 1466 3354 1518 utilis
3388 1480 3559 1533 neque
3595 1464 3667 1518 in.

2088 1554 2342 1606 minimis.
2378 1552 2479 1607 Sed
2517 1569 2619 1608 non
2663 1554 2732 1608 sit
2780 1554 3118 1624 sacrilegium
3170 1555 3309 1608 istud
3366 1556 3647 1610 admittere

2085 1658 2448 1713 quemquam:
2485 1644 2597 1698 sive
2636 1643 2779 1699 enim
2821 1646 3047 1716 gentiles
3092 1655 3216 1699 sunt
3261 1644 3352 1714 qui
3393 1647 3648 1699 adversus

2087 1735 2539 1789 resurrectionem
2579 1731 2774 1801 angitnt
2807 1738 2961 1789 nobis
3005 1735 3286 1799 rationem,
3336 1735 3425 1804 qui
3464 1735 3649 1789 volunt

426 1836 603 1896 petmn
636 1827 809 1879 subito
844 1827 1044 1880 currit:
1079 1835 1417 1880 atmensura:
1442 1835 1496 1879 et
1520 1824 1787 1878 recedenti
1815 1836 1870 1876 ct
1902 1838 1974 1877 re-
2018 1803 2060 1858 Β
2088 1826 2297 1879 ratione
2353 1841 2412 1879 se
2447 1840 2605 1895 agere
2645 1838 2860 1887 cuncta,
2909 1825 3000 1895 qui
3034 1836 3161 1879 sunt
3205 1825 3597 1880 irrationabiles
3629 1842 3643 1878 :

425 1918 659 1969 currenti
693 1927 815 1971 sunt
840 1918 993 1969 (latae.
1024 1916 1136 1970 Non
1169 1916 1561 1986 coniunguntur
1591 1917 1705 1969 dies
1737 1914 1982 1969 noctibus

426 2007 687 2065 habentes
726 2004 920 2069 solem;
969 2022 1010 2060 Si
1043 2008 1180 2061 enim
1209 2006 1321 2060 lucc
1363 2007 1434 2059 ita
1474 2016 1675 2070 essent,
1725 2006 1988 2059 arsissent

426 2101 628 2157 onntia.
662 2101 765 2154 Sed
799 2100 877 2153 sol
909 2099 1120 2167 quidem
1159 2113 1253 2166 per
1280 2097 1416 2152 diem
1464 2096 1629 2163 fovet,
1662 2110 1752 2150 ros
1806 2106 1983 2150 autem

425 2202 743 2246 nocturnum
774 2190 1080 2255 consolatur
1102 2190 1368 2244 ardorem.
1399 2188 1463 2242 Et
1490 2203 1740 2243 mensura
1784 2203 1811 2241 a
1844 2197 1985 2241 terra

423 2285 502 2336 sol
534 2285 718 2347 distat,
741 2292 798 2336 ut
825 2297 995 2350 neque
1019 2282 1379 2350 pr0piuquans
1411 2290 1647 2342 noceret,
1681 2295 1852 2348 neque
1880 2278 1989 2331 lon-

424 2373 541 2440 gius
564 2373 775 2426 distans
799 2371 983 2440 frigori
1010 2372 1242 2425 cederet.
1278 2370 1539 2423 Mensura:
1570 2370 1727 2439 igitur
1756 2370 1838 2423 his
1870 2383 1989 2438 quae

424 2466 476 2517 itt
504 2466 640 2518 coelo
673 2474 797 2519 sunt
823 2466 885 2517 ad
916 2480 975 2518 ea
1002 2480 1124 2533 quae
1157 2463 1209 2515 in
1241 2473 1381 2516 terra
1420 2461 1722 2525 habentur;
1754 2476 1853 2513 nec
1883 2476 1986 2513 non

420 2567 473 2610 et
500 2573 616 2625 quae
670 2558 721 2610 in
777 2556 909 2609 mari
956 2556 1021 2608 ad
1067 2564 1290 2616 terram,
1333 2560 1387 2606 et
1421 2552 1524 2605 diei
1557 2552 1622 2604 ad
1653 2562 1897 2613 noctem,
1936 2561 1991 2605 et

422 2649 582 2701 hiemi
623 2649 686 2701 ad
733 2659 995 2701 aestatem.
1057 2647 1119 2699 Et
1174 2660 1277 2698 non
1320 2654 1465 2697 tanta
1509 2644 1685 2711 eloqui
1746 2654 1987 2714 possunt,

423 2748 618 2807 quanta
667 2741 914 2792 universa
962 2748 1149 2792 natura
1192 2738 1504 2805 proclamat.
1566 2736 1691 2790 (Ζαίί
1744 2749 1991 2791 ettarrant

423 2832 645 2900 gloriam
691 2829 806 2895 Dei,
855 2847 1009 2895 Opera
1049 2842 1219 2884 autem
1256 2846 1501 2884 manuum
1547 2830 1659 2899 ejus
1711 2831 1989 2883 annuntiat

425 2926 813 2990 ﬁrmamentum
847 2924 913 2986 '°,
942 2924 1070 2976 dicit
1094 2922 1377 2992 Propheta.
1414 2923 1466 2974 ln
1502 2921 1605 2975 alio
1638 2931 1817 2975 autem
1849 2923 1995 2989 psal-

431 3028 526 3077 tno_
550 3030 577 3065 a
607 3030 816 3066 sursum
860 3030 1027 3080 usque
1061 3015 1307 3067 deorsum
1348 3014 1521 3066 omnis
1550 3021 1798 3067 creatura
1829 3013 1988 3064 dinu-

434 3118 693 3159 ttteratur.
740 3107 804 3160 Et
836 3118 979 3160 certe
1026 3117 1077 3160 et
1112 3110 1219 3174 ipse
1251 3107 1340 3176 qui
1378 3105 1537 3170 dicit,
1588 3104 1716 3158 Cati
1741 3114 1991 3158 enarrant

2085 1919 2529 1984 quemadmodum
2576 1916 2681 1970 Deo
2711 1917 2917 1982 justitia
2957 1918 3291 1972 salvabitur?
3341 1918 3461 1973 istic
3504 1920 3646 1972 enim

2086 2010 2329 2063 videmus
2360 2024 2736 2077 nonnunquam
2768 2025 3018 2079 perverse
3045 2010 3253 2079 negotia
3285 2010 3418 2080 geri,
3444 2019 3501 2064 ut
3531 2010 3649 2064 illos

2087 2101 2304 2170 quidem
2338 2101 2426 2170 qui
2452 2110 2672 2155 cantant
2695 2111 2939 2169 putemus
2966 2102 3100 2155 bene
3124 2100 3322 2155 habere
3344 2101 3395 2155 itt
3419 2102 3652 2157 mundo:

2088 2192 2220 2246 alios
2250 2203 2451 2258 autem,
2479 2191 2568 2260 qui
2601 2191 2860 2260 diripittnt
2891 2200 2944 2245 et
2976 2190 3234 2256 ditantur,
3275 2191 3441 2246 lzetarl
3479 2200 3534 2246 et
3562 2208 3656 2247 sa—

2089 2299 2187 2338 nos
2218 2298 2340 2338 esse
2359 2299 2605 2352 corpore,
2647 2285 2784 2337 forte
2814 2284 2981 2354 magis
3021 2284 3233 2354 iniquos
3259 2299 3417 2355 quam
3454 2283 3661 2357 jus‘tos,

2088 2386 2143 2429 et
2196 2391 2573 2445 nonnunquam
2624 2376 2813 2430 melius
2868 2392 3063 2445 corpus
3122 2376 3356 2440 habere,
3411 2388 3465 2431 et
3519 2377 3657 2431 filios

2089 2467 2454 2535 quamplures.
2482 2476 2535 2521 et
2556 2466 2655 2520 ltos
2683 2467 2996 2529 incolumes,
3019 2479 3073 2521 et
3106 2467 3355 2521 mulieres
3382 2468 3659 2522 cum‘viris

2090 2558 2261 2611 laetam
2302 2559 2495 2627 degere
2540 2557 2727 2619 vitam,
2758 2565 2810 2611 et
2835 2572 3109 2612 servorum
3156 2558 3547 2611 multitudinem
3579 2558 3658 2612 eis

2090 2664 2232 2712 esse,
2267 2657 2321 2702 et
2352 2662 2511 2716 opum
2563 2656 2618 2701 et
2656 2648 3073 2718 possessionum,
3128 2658 3182 2703 et
3234 2649 3448 2703 condita
3488 2648 3657 2703 multa

2090 2741 2389 2795 substantia
2423 2740 2592 2808 larga,
2631 2756 2788 2810 quam
2832 2749 2886 2795 et
2934 2741 3305 2794 transmittunt
3341 2743 3427 2794 -ad
3476 2741 3651 2795 filios:

2084 2827 2211 2897 justi
2245 2840 2422 2883 autem
2454 2841 2694 2901 gemunt,
2715 2840 2907 2885 etcum
2935 2845 3167 2886 moerere
3203 2832 3399 2901 degunt
3426 2831 3477 2886 itt
3508 2848 3659 2885 mun-

2092 2922 2159 2975 do
2182 2939 2197 2977 :
2220 2931 2272 2975 et
2307 2923 2393 2976 ubi
2422 2933 2503 2977 est
2537 2922 2741 2993 justitia
2765 2938 2885 2994 qua:
2917 2940 2945 2977 a
2973 2924 3082 2979 Deo
3120 2923 3241 2979 est?
3274 2924 3338 2978 Et
3366 2924 3411 2979 si
3441 2924 3656 2993 quidem

2092 3013 2156 3065 ad
2195 3010 2403 3067 Judmos
2437 3014 2508 3067 sit
2534 3030 2711 3070 sermo
2733 3054 2750 3081 ,
2791 3014 2918 3085 quid
2947 3015 3145 3084 profuit
3172 3017 3418 3081 Abrahae,
3447 3018 3659 3085 ut'pro-

2095 3104 2403 3159 missionem
2427 3107 2643 3175 quidem
2666 3108 2957 3177 acciperet,
2988 3107 3051 3161 ad
3077 3108 3459 3176 promissiones
3481 3119 3684 3163 autem,

431 3198 653 3268 alat-iam
694 3198 804 3257 Dei,
843 3216 944 3252 non
986 3198 1308 3265 loquentiam
1352 3198 1575 3251 audivit.
1610 3197 1698 3249 Ait
1721 3196 1861 3250 enim
1894 3214 1993 3249 non
2018 3176 2061 3233 δ
2097 3213 2200 3251 non
2231 3201 2533 3268 perveniret
2565 3216 2579 3252 :
2616 3176 2814 3270 quique
2846 3209 3053 3270 patrem
3096 3200 3313 3269 quidem
3352 3199 3663 3253 amantissi—

430 3302 541 3338 esse
570 3287 815 3353 loquelas,
864 3304 1023 3355 neque
1070 3303 1329 3339 sermones
1351 3286 1394 3317 ¹¹
1430 3304 1443 3339 :
1482 3286 1771 3340 tacetttium
1818 3296 1995 3339 autem

430 3392 615 3431 eorum
643 3379 691 3429 itt
724 3392 933 3431 omnem
961 3380 1212 3432 mundum
1238 3379 1433 3434 exiisse
1463 3394 1652 3435 sonum
1682 3393 1867 3431 eorum
1900 3378 1993 3431 ait.

430 3468 562 3532 Quia
627 3467 785 3537 igitur
837 3482 929 3536 per
979 3478 1132 3522 tanta
1175 3484 1292 3536 qua:
1324 3469 1555 3522 diximus
1616 3480 1667 3521 et
1708 3469 1995 3529 taeuimus,

431 3560 542 3624 ipsa
574 3575 750 3612 rerum
785 3564 991 3629 negotia
1030 3561 1281 3623 clamant,
1311 3570 1362 3616 et
1393 3561 1780 3629 providentiam
1808 3561 2000 3630 praedi-

432 3661 557 3703 cant
607 3649 735 3716 Dei;
772 3653 989 3704 rationis
1041 3669 1142 3704 non
1181 3664 1258 3705 est
1294 3652 1360 3705 ad
1387 3666 1480 3706 eos
1515 3652 1604 3719 qui
1655 3650 1999 3720 pris-scribere

434 3754 677 3796 lt:tlt:l‘:tttt
709 3744 913 3809 volunt,
936 3754 987 3797 et
1019 3744 1247 3797 visibilia
1281 3757 1382 3794 non
1406 3744 1608 3805 videre,
1643 3743 2000 3811 nosmetipsos

434 3837 765 3904 protendere.
826 3836 930 3888 Sed
972 3838 1037 3888 ab
1076 3835 1281 3888 illorum
1332 3834 1545 3903 quidem
1605 3833 2000 3899 irreligiositate

437 3928 661 3981 transire
690 3929 801 3996 jam
838 3939 1045 3995 tempus
1080 3944 1174 3981 nos
1210 3928 1481 3985 admouet,
1508 3940 1797 3994 properare
1820 3933 1997 3978 autem

435 4021 498 4071 ad
525 4020 708 4083 aliam,
742 4034 807 4073 ne
849 4022 1125 4073 videamur
1170 4030 1224 4072 et
1262 4018 1618 4073 contaminari
1655 4016 2000 4086 ittspieientcs

434 4122 547 4172 eos,
593 4109 681 4177 qui
731 4125 832 4162 non
871 4111 1070 4163 vident.
1118 4107 1345 4161 Tantum
1381 4114 1557 4159 autem
1615 4107 1733 4159 addi
1769 4117 1997 4176 oportet,

436 4201 559 4267 quia
592 4200 833 4253 confessa
865 4198 1199 4269 providentia
1226 4211 1559 4263 consequens
1586 4206 1667 4250 est
1700 4196 1888 4249 adesse
1918 4211 2004 4250 re-

437 4291 848 4353 surrectionem,
886 4288 1334 4358 quemadmodum
1365 4302 1700 4356 consequens
1734 4295 1788 4343 et
1819 4301 2003 4341 neces-

438 4386 578 4439 saria
622 4395 701 4438 cst
746 4385 1086 4439 resarreetio.
1138 4384 1266 4437 Sine
1322 4398 1482 4435 causa
1542 4384 1804 4453 justitiam
1875 4383 2002 4438 colit

2097 3307 2265 3355 mum,
2304 3301 2529 3345 matrem
2559 3292 2770 3360 quidem
2805 3291 3074 3355 dilectam,
3107 3295 3332 3360 patriam
3372 3290 3425 3344 in
3449 3306 3552 3361 qna
3581 3300 3665 3346 est

2096 3384 2354 3437 educatus
2387 3384 2604 3452 reliquit
2633 3392 2850 3453 propter
2876 3382 3247 3453 praeceptum?
3293 3381 3458 3436 Scitis
3486 3392 3665 3436 autem

2096 3486 2150 3528 et
2183 3490 2276 3529 vos
2311 3484 2508 3543 quanta
2543 3474 2810 3543 pernicies
2859 3475 2928 3528 sit
2966 3472 3364 3527 consuetudinis
3403 3474 3668 3527 sustinere

2100 3579 2391 3619 recessum.
2421 3563 2727 3618 Adveniens
2754 3572 2931 3617 autem
2970 3566 3035 3616 ad
3066 3574 3261 3617 terram
3295 3563 3669 3632 repromissio-

2100 3655 2207 3717 nis,
2238 3654 2559 3708 circnmibat
2589 3662 2645 3705 ut
2670 3654 2984 3723 peregrinus
3014 3662 3067 3708 et
3101 3653 3326 3718 advena,
3354 3654 3668 3710 desiderans

2099 3745 2285 3799 satiari
2328 3760 2490 3815 aqua,
2530 3746 2684 3813 cujus
2724 3747 2838 3814 ipse
2867 3744 3004 3810 fons,
3042 3754 3230 3814 puteus
3267 3753 3383 3800 erat
3411 3746 3670 3799 adiuven-

2102 3846 2204 3903 tor,
2246 3838 2334 3907 qui
2368 3837 2415 3891 ei
2448 3837 2656 3892 fruetus
2694 3852 2758 3891 ex
2806 3836 3161 3905 promissione
3205 3834 3488 3906 provenit?
3532 3832 3670 3888 Tor-

2103 3940 2336 3984 tnentum
2378 3930 2519 3983 enim
2554 3931 2601 3983 ei
2629 3939 2745 3984 erat
2770 3930 2935 3999 ipsius
2965 3929 3336 4000 promissionis
3372 3928 3666 3984 adventus;

2101 4024 2283 4076 videre
2313 4024 2453 4076 enim
2494 4023 2925 4091 promissionem,
2956 4038 3058 4076 non
3084 4022 3317 4091 permitti
3363 4031 3535 4076 autem
3579 4035 3672 4075 ea-

2103 4112 2221 4165 dem
2252 4111 2378 4177 frui,
2405 4112 2574 4183 magis
2606 4113 2670 4164 ad
2696 4112 3078 4180 blasphemiam
3109 4111 3430 4175 adducebat,
3449 4112 3540 4165 sed
3563 4125 3668 4165 non

2101 4204 2394 4257 Abraham.
2432 4204 2702 4256 Abraham
2742 4203 2884 4256 enim
2914 4204 3116 4258 addens
3158 4214 3211 4257 et
3247 4219 3351 4257 non
3389 4202 3670 4272 perfruens

2104 4303 2160 4343 ut
2189 4307 2369 4345 mensa
2401 4291 2666 4361 apposita,
2695 4301 2749 4344 et
2774 4292 3076 4360 prohibitus
3102 4291 3389 4361 degustare
3417 4290 3574 4345 etiam
3602 4305 3695 4345 ex.

2107 4384 2190 4436 bis
2216 4398 2329 4451 quae
2352 4393 2827 4451 exsuperaverant,
2854 4384 2925 4438 ita
2950 4384 3200 4438 dimissus
3228 4383 3428 4451 gratias
3457 4383 3671 4452 agebat.

433 4477 644 4549 justus?
675 4479 789 4530 sine
819 4493 977 4529 causa
1014 4476 1319 4545 pudicitiam
1356 4484 1500 4528 amat
1528 4477 1785 4543 pudicus?
1826 4485 1880 4530 et
1909 4478 1997 4544 qui
2033 4515 2078 4573 ο
2105 4474 2240 4541 Quid
2270 4490 2398 4544 ergo
2426 4474 2626 4543 profuit
2659 4474 2773 4529 illi?
2801 4474 2905 4530 Sed
2933 4476 3056 4545 quia
3110 4475 3279 4528 filiuni
3307 4474 3527 4538 habuit;
3556 4482 3674 4540 post

439 4569 683 4637 providet
706 4568 788 4621 his
814 4584 929 4634 qua:
951 4568 1065 4621 sine
1085 4567 1257 4619 anima
1292 4575 1435 4631 sunt,
1460 4568 1742 4622 arboribus
1766 4577 1818 4620 et
1852 4567 2000 4633 plan-

442 4660 529 4721 tis,
566 4658 723 4722 Deus,
756 4659 1026 4711 invenitur
1064 4658 1406 4712 rationabiles
1442 4660 1652 4711 animas
1690 4656 2013 4728 negligens?

439 4761 493 4806 et
521 4753 611 4820 qui
646 4752 1033 4821 providentiam
1081 4766 1230 4803 suam
1262 4748 1499 4803 formicis
1531 4751 1787 4819 impertit,
1829 4760 1882 4802 ct
1909 4748 1999 4802 oso'

443 4847 611 4899 tendit
632 4859 724 4899 eas
746 4859 861 4913 qua:
895 4859 997 4895 non
1030 4844 1225 4897 habent
1256 4843 1622 4896 rationabilem
1658 4858 1893 4903 sensum,
1928 4840 2000 4893 si-

446 4936 611 4989 bimet
633 4933 959 4995 consentire,
993 4943 1046 4984 et
1068 4931 1421 4984 imitationem
1446 4932 1746 4985 concordia:
1768 4930 2004 4994 habere;

441 5027 486 5081 si
519 5036 696 5079 tamen
743 5036 795 5077 et
832 5034 1077 5093 Oporteat
1110 5025 1212 5076 diei
1251 5022 1553 5076 consentire
1599 5022 1699 5074 sibi
1747 5038 1832 5083 ea,
1888 5038 2006 5091 qua:

443 5132 548 5172 non
576 5119 774 5178 habent
804 5130 1054 5178 sensum;
1083 5116 1204 5183 quia
1238 5114 1398 5184 igitur
1421 5126 1473 5166 et
1504 5111 1743 5166 formicis
1763 5113 2009 5180 providet

445 5209 605 5275 Dens,
634 5220 686 5264 et
711 5210 856 5264 dedit
903 5210 979 5263 eis
1027 5220 1078 5263 et
1119 5207 1449 5273 receptacula
1500 5218 1656 5259 terra:
1699 5216 1751 5258 et
1781 5221 2004 5260 concor-

444 5303 611 5361 diam,
644 5302 878 5354 Omnium
919 5301 1038 5355 licet
1084 5300 1188 5352 sint
1222 5308 1406 5351 natura
1449 5297 1790 5355 infirmiores.
1829 5307 2002 5351 tamen

442 5393 546 5457 eis,
574 5408 691 5460 qua:
716 5394 974 5457 videmus,
1005 5392 1217 5446 donavit
1246 5408 1262 5447 :
1300 5394 1364 5445 de
1392 5391 1561 5443 bolms
1596 5400 1770 5443 autent
1812 5406 2004 5443 secun-

443 5484 569 5540 dum
602 5485 910 5555 Apostolum
945 5486 1173 5555 pertinet
1205 5484 1269 5534 ad
1304 5484 1462 5535 Iteum
1484 5482 1550 5547 ",
1577 5492 1629 5535 et
1667 5482 1730 5534 de
1773 5483 1925 5536 nobis
1956 5484 2002 5535 ei

513 5578 562 5613 ³⁸
597 5577 735 5633 Psal.
776 5595 928 5645 svnt,
966 5580 1016 5633 1.
1110 5578 1153 5610 ⁸⁸
1195 5579 1321 5633 ibid.
1348 5576 1400 5631 4.
1445 5572 1672 5631 "Hiur.
1710 5592 1783 5639 ις,
1814 5576 1865 5630 9.

517 5691 631 5761 (15)
664 5693 758 5748 Ms.
794 5692 1046 5747 Frunims
1069 5703 1140 5745 es!
1167 5708 1281 5759 qum
1304 5691 1543 5761 diripuit.

519 5757 633 5833 (l6)
664 5762 759 5818 Ms.
792 5762 854 5816 Et
886 5766 930 5818 ei
951 5764 1037 5829 qui
1070 5757 1373 5828 martyrium
1410 5757 1550 5814 colit.

2104 4576 2297 4634 quanta
2362 4577 2646 4635 tormenta,
2702 4577 2820 4637 post
2875 4578 3103 4635 quantas
3156 4564 3461 4620 orationes?
3518 4563 3705 4618 Servii

2106 4659 2374 4711 Abraham
2404 4659 2694 4726 habebant,
2719 4668 2773 4714 et
2802 4660 3072 4713 Abraham
3102 4660 3412 4713 desiderans
3449 4674 3550 4711 non
3576 4657 3671 4710 ha-

2106 4751 2267 4805 bebat
2300 4769 2312 4803 :
2343 4754 2433 4806 sed
2464 4753 2744 4822 conjung
2792 4753 3043 4817 habebat,
3078 4760 3133 4804 et
3177 4751 3333 4805 istaut
3373 4752 3699 4812 honestam,

2111 4859 2333 4913 qua-que
2365 4846 2432 4899 ab
2458 4861 2521 4899 eo
2546 4846 2719 4899 ablata
2753 4854 2852 4907 est,
2888 4853 2941 4895 et
2970 4843 3122 4895 valde
3150 4855 3355 4901 amare,
3379 4856 3481 4892 non
3511 4838 3677 4892 inter-

2113 4934 2321 4998 ficiens,
2357 4945 2409 4988 et
2437 4947 2651 4988 mutans
2681 4935 2852 4987 locum
2890 4931 3001 5003 (Π)
3038 4942 3092 4983 et
3135 4931 3328 4995 locum,
3366 4943 3679 4999 persevera-

2113 5026 2209 5075 vit.
2238 5025 2422 5078 Dicant
2471 5042 2601 5096 ergo
2631 5024 2797 5080 Judati
2833 5040 2952 5091 qua:
2988 5023 3328 5092 provenerint
3354 5020 3582 5073 Abrabre
3612 5033 3699 5073 ex.

2115 5117 2471 5186 promissione
2523 5121 2574 5170 iit
2624 5118 2869 5185 przcsenti
2920 5117 3019 5168 hac
3065 5115 3199 5177 vita,
3249 5125 3305 5165 ut
3341 5113 3705 5165 abscidatttus.

2111 5222 2295 5262 eorum
2364 5224 2509 5278 spent
2586 5209 3016 5263 resurrectionis.
3074 5207 3177 5259 Sed
3238 5204 3422 5260 habuit
3489 5204 3675 5258 lilium.

2112 5298 2378 5365 Quando?
2405 5304 2556 5356 Circa
2586 5303 2936 5354 centesimum
2983 5316 3179 5354 annum
3233 5301 3388 5351 datus
3414 5308 3495 5352 est
3530 5280 3702 5353 civil--

2113 5392 2237 5458 lius,
2276 5402 2660 5447 tormentorum
2687 5394 2861 5461 potius
2887 5392 3002 5458 ejus
3023 5400 3333 5459 etprecum.
3368 5388 3500 5456 Quia
3529 5388 3681 5444 enim

2114 5485 2299 5539 habuit
2348 5496 2403 5540 et
2450 5486 2644 5539 bouum
2683 5484 2871 5547 filium,
2916 5492 2970 5537 et
3012 5483 3220 5537 laetatus
3272 5483 3325 5536 in
3378 5482 3521 5537 dono
3573 5489 3703 5549 est”,

2192 5690 2303 5761 (Π)
2333 5688 2544 5744 Locum.
2580 5687 2753 5741 Τόπον
2777 5689 2838 5740 ἐκ
2869 5687 3029 5741 τόπου
3053 5686 3313 5759 ἀμείϐων.
