4050 6206
476 354 611 409 1075

1060 310 1063 311 ν
1139 350 1409 409 EUSEBII
1448 348 1920 407 CESARIENSIS
1956 348 2106 405 OPP.
2148 349 2324 405 PARS
2360 350 2450 407 Π.
2485 320 2555 389 -έ
2592 346 3007 405 DOGMATICA.

3575 334 3725 392 1076

471 483 630 546 putas
679 472 950 541 accipiens
995 470 1163 527 lilium
1216 472 1337 526 sine
1381 472 1676 529 tentatione
1730 472 1796 526 de
1849 478 2046 524 extero
2075 477 2118 528 Α
2148 478 2203 523 et
2244 469 2437 523 borum
2485 466 2604 533 lilii,
2634 477 2690 523 et
2739 466 2813 521 illi
2863 464 3112 520 homines
3150 459 3348 531 quibus
3398 460 3723 529 peregrinus

472 567 707 623 mansit?
736 575 789 619 et
819 581 923 619 non
956 565 1069 634 ipsa
1113 563 1477 634 pulchritudo.
1508 566 1618 629 filii,
1666 566 1780 634 ipsa
1829 567 2042 633 sapien-

471 659 569 724 tia,
603 659 713 727 ipse
748 655 1068 718 intellectus,
1099 665 1155 709 et
1199 669 1260 708 ea
1312 670 1430 724 qua:
1479 655 1531 709 in
1577 668 1642 708 eo
1682 664 1837 712 erant
1883 653 2042 717 bona,

473 759 529 803 et
557 762 891 817 quaecunque
952 746 1190 802 habebat
1248 755 1307 805 ut
1352 748 1546 801 donum
1594 745 1721 809 Dei,
1776 744 2043 801 amariora

474 846 743 892 tormenta
788 844 1005 905 operata
1056 846 1180 893 sunt
1227 836 1403 909 patri?
1451 835 1577 904 quid
1630 833 1773 889 enim
1828 833 1959 889 dicit
1993 834 2043 889 ei

472 928 653 982 Deus?
679 928 771 997 qui
804 928 939 983 dixit
979 928 1090 997 (18)
1152 927 1371 982 donavit
1406 927 1452 981 ei
1496 926 1665 985 [ilium
1702 944 1716 980 :
1755 925 2042 988 Abraham,

472 1018 776 1085 Abraham,
806 1021 979 1086 accipe
1038 1019 1199 1071 lilium
1250 1028 1395 1071 tuum
1440 1015 1618 1081 Isaac,
1667 1032 1819 1085 quem
1866 1016 2042 1084 diligis

473 1109 823 1178 unigenitum,
869 1119 917 1164 et
968 1110 1151 1178 offeres
1192 1125 1307 1162 eum
1354 1108 1483 1160 mihi
1524 1107 1580 1161 in
1620 1096 1722 1159 uno
1764 1106 2041 1170 montium,

473 1218 625 1271 quem
649 1202 742 1255 tibi
768 1202 956 1257 dixero
978 1203 1044 1257 ³⁸.
1071 1201 1126 1256 Si
1156 1200 1603 1269 interceperimns
1632 1198 2044 1254 resurrectionis

473 1307 622 1363 spem
655 1292 789 1364 (l9),
816 1294 996 1347 statim
1031 1293 1196 1349 habet
1222 1292 1481 1356 dolorem,
1511 1292 1693 1350 statim
1716 1290 1877 1349 habet
1910 1304 2044 1345 mm-

475 1400 653 1441 rorem
685 1385 981 1445 Abraham.
1021 1384 1142 1440 Noli
1172 1385 1316 1438 enim
1344 1399 1587 1453 quaarere
1620 1384 1663 1438 si
1699 1398 1806 1437 non
1834 1389 1918 1437 est
1942 1395 2042 1436 oc-

475 1477 618 1530 cisus
654 1476 837 1543 Isaac;
876 1475 967 1530 sed
1016 1491 1083 1529 ex
1115 1489 1223 1545 quo
1260 1475 1539 1551 proposuit
1587 1483 1761 1542 pater,
1799 1480 2043 1531 mortuus

474 1576 556 1620 est
591 1566 730 1634 patri
772 1565 942 1622 Isaac.
985 1564 1155 1619 Putas
1181 1566 1306 1634 quia
1339 1575 1393 1618 et
1432 1574 1577 1623 tanta
1605 1573 1722 1618 erat
1749 1563 2043 1621 crudelitas

476 1660 617 1725 apud
648 1658 836 1722 Deum,
869 1668 928 1712 ut
963 1660 1015 1712 in
1054 1667 1261 1711 tantum
1290 1666 1569 1728 torqueret
1599 1656 1904 1711 Abraham?
1929 1655 2042 1723 ipse

474 1749 618 1804 enim
653 1759 879 1804 testatur
906 1759 959 1803 et
989 1750 1120 1803 dicit
1154 1768 1167 1804 :
1199 1749 1319 1803 Scio
1347 1752 1469 1819 quia
1509 1750 1617 1815 ipse
1657 1759 1702 1801 et
1736 1747 1879 1815 ﬁlius
1923 1746 2041 1817 ejus

476 1841 744 1895 ntandabit
769 1840 1028 1897 custodire
1056 1839 1215 1908 legem
1249 1848 1297 1893 et
1324 1818 1575 1895 mandata
1616 1835 1828 1890 Domini
1853 1835 1902 1867 “
1934 1856 1947 1890 :
1982 1846 2041 1890 ut
2070 1818 2115 1878 Β

476 1946 540 1984 ex
577 1932 680 1984 hoc
720 1930 1028 1984 testimonio
1057 1929 1329 1984 Abraham
1365 1944 1469 1983 non
1512 1926 1682 1981 solum
1724 1942 1819 1997 per
1844 1937 2041 1987 semet-

474 2023 648 2087 ipsum
685 2022 965 2090 rcligiosns
1000 2020 1302 2082 exstiterit,
1344 2021 1435 2073 sed
1486 2028 1540 2073 et
1583 2034 1650 2074 ex
1694 2023 1947 2073 mandato
1984 2028 2040 2073 et

472 2109 605 2171 lilio,
632 2112 722 2185 qui
783 2122 836 2166 et
875 2118 995 2177 post
1032 2122 1257 2162 mortem
1292 2108 1419 2161 colit
1465 2116 1521 2163 et
1554 2116 1842 2162 veneratur
1871 2107 2038 2163 Deum
2067 2179 2073 2184 ἰ

474 2218 571 2270 per
601 2216 661 2255 ea
697 2216 813 2269 quae
843 2200 1119 2254 mandavit
1149 2200 1309 2259 Deus.
1340 2198 1798 2264 Quemadmodum
1828 2200 1929 2255 iste
1955 2200 2038 2254 vi-

475 2309 606 2348 vens
631 2309 733 2346 non
766 2307 953 2362 pmnas
982 2292 1277 2347 sustinuit?
1304 2293 1448 2347 dedit
1475 2291 1526 2347 ei
1556 2292 1722 2345 lilium
1760 2292 1918 2357 Deus,
1946 2292 2039 2347 de-

475 2387 627 2439 ditet
664 2385 1010 2438 tentationem
1048 2400 1061 2436 :
1109 2383 1153 2437 si
1183 2392 1325 2437 esset
1366 2382 1528 2449 alius,
1575 2381 1803 2439 dixisset
1830 2383 2035 2455 utique,

475 2477 688 2533 Utinam
732 2494 835 2531 non
882 2478 1233 2544 accepissem.
1278 2475 1547 2529 Abraham
1584 2485 1765 2530 autem
1804 2483 1860 2529 et
1899 2474 2038 2529 acci-

472 2568 626 2635 piens
659 2569 863 2637 gratias
896 2567 1027 2637 egit,
1058 2576 1110 2620 et
1142 2566 1373 2621 reddens
1412 2566 1612 2636 gratias
1657 2566 1787 2635 egit,
1829 2566 2037 2619 lucrum

471 2670 660 2731 utpote
699 2661 901 2715 ducens
929 2677 1033 2714 nou
1063 2659 1167 2713 frui
1218 2659 1405 2725 filium,
1436 2659 1529 2714 sed
1561 2657 1777 2723 offerre,
1816 2658 1955 2711 sicut
1986 2666 2040 2711 et

470 2752 671 2808 factum
695 2763 778 2807 est
806 2772 817 2807 :
847 2755 938 2807 sed
961 2767 1229 2822 quemque
1254 2752 1548 2820 respiciens
1570 2750 1796 2805 habuit:
1825 2748 2038 2818 quando

471 2852 652 2898 autem
682 2844 993 2913 praecipitur
1022 2843 1161 2899 filius
1189 2839 1411 2894 olferri?
1444 2856 1548 2895 non
1574 2840 1757 2894 statim
1788 2847 1845 2892 ut
1880 2846 2037 2890 natus

471 2946 557 2992 est
593 2955 605 2990 :
645 2951 762 3005 qum
794 2936 937 2989 enim
973 2949 1144 3002 nuper
1181 2943 1305 2987 nata
1352 2944 1503 2998 sunt,
1553 2931 1781 2993 necdum
1835 2938 2036 2987 tantum

471 3028 674 3081 habent
700 3025 969 3082 alfectum.
1018 3027 1079 3089 Et
1117 3036 1405 3096 antequam
1450 3024 1741 3097 loquantur
1780 3021 2033 3084 infantes,

2146 558 2499 615 cohabitabat
2529 556 2836 619 Abraham,
2862 569 2982 608 cum
3046 552 3279 620 undique
3313 548 3586 605 excelsum
3628 548 3715 602 fa-

2144 658 2290 704 ctum
2322 649 2685 705 essetdouum
2717 646 2841 711 Dei;
2882 657 3007 699 tunc
3026 643 3156 699 dicit
3191 642 3333 695 Deus
3361 651 3615 710 tanquam
3648 641 3717 695 ad

2144 740 2429 819 quemdam
2479 740 2883 794 adamantinum
2935 754 2948 790 :
2991 735 3282 799 Abraham,
3317 734 3492 800 accipe
3541 732 3716 800 ﬁlium

2144 844 2291 886 tuum
2346 834 2671 904 unigenitum
2718 831 2914 894 Isaac,
2972 843 3121 898 quem
3176 827 3430 885 dilexisti.
3483 824 3716 879 Intueris

2144 924 2309 985 Deum
2337 941 2432 995 per
2458 924 2893 981 adhortationem
2926 922 3306 976 dehortantem
3334 935 3347 972 :
3376 917 3534 971 solito
3560 915 3711 971 enim

2144 1034 2273 1078 usus
2309 1027 2392 1073 est
2428 1017 2497 1075 ad
2549 1016 2821 1075 Abraham
2864 1025 3144 1076 sermone;
3186 1008 3444 1080 siquidem
3478 1017 3533 1061 et
3581 1016 3716 1062 tunc

2143 1125 2266 1166 cum
2307 1110 2626 1180 praeciperet
2665 1108 2714 1161 ei
2760 1120 2911 1163 estre
2941 1118 2974 1160 e
3010 1103 3181 1172 patria
3214 1116 3331 1165 sua,
3365 1098 3451 1153 tali
3481 1100 3544 1152 ad
3580 1114 3711 1152 eum

2143 1214 2273 1259 usus
2321 1208 2403 1254 est
2449 1212 2734 1265 sermone,
2775 1196 2865 1269 qui
2907 1194 3071 1248 alium
3121 1193 3305 1262 utique
3352 1189 3709 1260 prohibuisset

2143 1292 2314 1350 exire.
2367 1292 2502 1349 Dicit
2545 1290 2689 1343 enim
2733 1288 2781 1343 ei
2828 1306 2842 1341 :
2882 1286 3169 1350 Abraham,
3212 1284 3499 1345 Abraham,
3547 1282 3629 1335 exi
3673 1297 3707 1335 e

2141 1386 2314 1454 patria
2346 1394 2461 1445 tua,
2493 1392 2541 1436 et
2573 1396 2638 1436 ea:
2680 1380 2988 1450 cognatione
3015 1386 3129 1441 tua,
3162 1387 3207 1430 et
3246 1391 3311 1429 ea:
3352 1375 3505 1427 domo
3538 1373 3705 1441 patris

2143 1476 2222 1531 tui
2240 1477 2285 1508 "
2312 1494 2325 1535 :
2359 1475 2473 1530 haec
2503 1474 2641 1528 alius
2666 1472 2712 1527 si
2741 1471 3026 1537 audiisset,
3055 1469 3227 1535 magis
3252 1467 3446 1521 fuisset
3466 1466 3707 1520 detentus

2144 1582 2302 1636 quam
2331 1566 2663 1621 obaudisset.
2704 1561 2811 1618 Sed
2841 1562 2980 1616 sicut
3015 1560 3231 1615 athletis
3271 1556 3586 1613 fortioribus
3616 1556 3709 1626 ju-

2144 1660 2334 1713 bentes
2369 1660 2585 1713 duriora
2615 1655 2933 1731 praecipiunt
2962 1671 2976 1706 :
3006 1661 3222 1722 Oportet
3248 1660 3319 1715 te,
3354 1649 3549 1718 inquit,
3586 1664 3713 1718 por-

2146 1759 2286 1815 tare,
2335 1749 2497 1805 etiam
2545 1747 2590 1802 si
2632 1745 2798 1801 fueris
2844 1744 2991 1799 calce
3040 1756 3362 1813 percussus;
3403 1749 3616 1809 oportet
3660 1748 3713 1794 te

2140 1855 2261 1895 esse
2305 1840 2636 1913 patientem,
2680 1835 2893 1891 etiamsi
2943 1833 3234 1888 adversum
3291 1829 3507 1885 oculum
3560 1840 3709 1883 tuum

2143 1946 2361 1985 manum
2397 1926 2743 1985 adversarius
2773 1924 3107 1997 protenderit
3135 1936 3289 1979 suam
3324 1938 3339 1975 :
3374 1928 3428 1973 et
3452 1934 3709 1989 quaecun-

2140 2038 2244 2093 que
2267 2022 2337 2075 illi
2362 2024 2620 2076 mandare
2640 2026 2985 2081 consuerunt,
3004 2014 3395 2069 etathletarum
3423 2010 3708 2066 fortissimi

2140 2113 2413 2169 sustinere
2442 2130 2454 2165 :
2497 2113 2569 2165 ita
2610 2121 2665 2165 et
2705 2111 2828 2165 istic
2855 2108 2996 2163 Deus
3029 2122 3183 2162 suum
3216 2105 3475 2159 athletam
3504 2102 3707 2157 adhor-

2142 2215 2281 2271 tans,
2312 2218 2408 2274 per
2435 2203 2600 2257 duros
2624 2216 2743 2257 eum
2788 2202 3038 2255 hortatur
3069 2208 3221 2253 actus
3260 2215 3274 2251 :
3317 2198 3427 2250 Exi
3470 2212 3497 2249 e
3532 2195 3709 2264 patria

2139 2307 2251 2360 tua,
2274 2306 2325 2349 et
2355 2295 2659 2364 cognatione
2684 2304 2799 2359 tua,
2832 2300 2879 2345 et
2906 2308 2970 2345 ea:
2995 2291 3148 2344 domo
3180 2289 3346 2358 patris
3377 2288 3475 2350 tui,
3510 2297 3556 2340 et
3583 2288 3702 2340 veni

2140 2388 2209 2447 ad
2248 2396 2477 2450 terram;
2506 2385 2573 2439 ad
2616 2399 2777 2453 quam
2827 2392 3076 2453 paratum
3118 2389 3301 2450 negat,
3344 2389 3399 2434 et
3434 2378 3706 2448 promittit

2140 2478 2324 2543 aliam,
2366 2487 2422 2532 et
2458 2476 2629 2544 ipsam
2681 2474 3097 2544 promissionem
3159 2472 3215 2527 in
3267 2472 3466 2526 incerto
3519 2471 3697 2538 ponit.

2138 2572 2254 2637 Non
2285 2574 2429 2629 enim
2476 2573 2606 2627 dixit
2656 2572 2799 2625 illam
2835 2581 3069 2632 terram;
3114 2568 3210 2622 sed
3252 2569 3306 2623 in
3354 2579 3565 2629 terram,
3610 2566 3699 2619 in-

2138 2667 2282 2736 quit,
2318 2682 2476 2732 quam
2523 2666 2613 2717 tibi
2654 2662 3007 2721 ostendero".
3042 2661 3196 2715 Sicut
3235 2656 3375 2715 enim
3415 2659 3637 2728 ejiciens
3667 2673 3703 2713 e

2137 2757 2330 2826 patria,
2365 2772 2461 2824 per
2500 2770 2562 2810 ea
2589 2772 2709 2824 qum
2736 2755 3087 2823 prohiberent
3112 2752 3294 2822 ejicit;
3331 2752 3402 2804 ita
3437 2758 3491 2805 et
3509 2750 3706 2819 praeci-

2139 2848 2290 2917 piens
2318 2847 2485 2901 lilium
2517 2862 2671 2902 suum
2700 2844 2799 2898 sibi
2830 2843 3044 2909 oll‘erre,
3078 2860 3173 2912 per
3199 2842 3503 2898 istiusmodi
3542 2841 3704 2896 verba

2135 2937 2306 3006 jubet,
2338 2954 2563 3008 perqute
2586 2938 2630 2992 si
2652 2949 2794 2992 esset
2812 2937 2967 3000 alius,
2990 2952 3093 2991 non
3116 2936 3379 2992 obediret.
3399 2934 3699 3001 Abraham,

2140 3028 2333 3097 inquit,
2359 3030 2650 3091 Abraham,
2670 3029 2851 3096 accipe
2874 3040 2927 3081 tu
2950 3045 2964 3093 ;
2989 3043 3089 3082 nec
3126 3043 3220 3098 per
3247 3028 3413 3082 alium
3442 3026 3705 3097 praecipit,

470 3119 707 3186 perdicis
736 3128 828 3171 aut
866 3118 1125 3171 columbae
1159 3115 1334 3169 locum
1375 3116 1441 3172 ad
1481 3115 1750 3186 genitores
1782 3114 1987 3169 habent
2016 3131 2029 3167 :
2064 3158 2105 3216 C
2139 3118 2233 3174 sed
2248 3120 2444 3185 accipe,
2470 3120 2665 3189 inquit,
2690 3130 2740 3174 tu
2764 3120 3341 3190 ﬁliumtuum,ethunc
3364 3120 3703 3189 unigenitum,

470 3212 646 3265 visum
681 3211 822 3265 enim
862 3220 1068 3265 tantum
1116 3208 1402 3272 delectant,
1447 3218 1501 3263 et
1554 3209 1905 3278 incomposite
1954 3208 2035 3260 lo-

480 3312 707 3380 quentes
738 3319 751 3355 :
785 3317 906 3355 cum
933 3312 1112 3353 autem
1145 3300 1469 3371 promoverit
1502 3310 1658 3361 tetas,
1686 3310 1738 3352 et
1773 3296 2037 3353 effulserit

470 3408 699 3459 sensus,
734 3404 787 3448 et
819 3393 1042 3461 emperit
1094 3392 1393 3447 intellectus
1438 3406 1534 3460 per
1568 3390 1805 3460 linguam
1839 3390 2034 3458 promi,

469 3485 753 3541 ﬂoruerint
800 3494 978 3539 autem
1025 3485 1200 3539 artatis
1249 3485 1675 3555 pulchritudines
1723 3495 1777 3537 et
1826 3483 2035 3536 lirmata

473 3577 674 3633 fuerint
705 3578 943 3631 membra
984 3576 1104 3631 istic
1135 3586 1189 3629 et
1231 3576 1439 3630 initium
1474 3575 1640 3648 ipsius
1682 3575 1944 3643 corporis.
1980 3583 2038 3628 ut

470 3682 615 3728 rosa,
642 3677 734 3720 aut
769 3665 959 3721 lilimn.
994 3665 1077 3717 vel
1111 3665 1306 3733 aliquis
1343 3663 1441 3719 llos
1498 3676 1765 3729 maturus,
1800 3673 1892 3718 aut
1923 3663 2035 3716 fru-

468 3769 586 3815 ctus
609 3757 714 3830 jam
756 3768 1005 3827 paratus;
1033 3756 1103 3810 ita
1137 3766 1191 3809 et
1224 3756 1568 3827 pulchritudo
1592 3772 1711 3825 qua:
1732 3756 2032 3820 videbatur,

466 3861 520 3905 et
546 3851 779 3905 maxime
812 3848 1119 3903 intellectus
1146 3848 1325 3903 flectet
1352 3850 1646 3917 genitores,
1681 3858 1734 3901 et
1770 3858 1939 3903 totum
1975 3862 2035 3903 se

469 3944 521 3996 iu
552 3941 813 4011 genitoris
840 3948 1072 3996 evacuat
1104 3958 1364 3996 amorem.
1399 3940 1615 3997 Movent
1642 3952 1821 3996 autem
1854 3950 1910 3997 et
1937 3942 2032 3996 lilii

469 4034 711 4089 moribus
737 4033 850 4087 suis
876 4044 1128 4102 parentes
1161 4042 1215 4086 et
1241 4032 1580 4086 sermonibus
1608 4043 1663 4085 et
1687 4030 1931 4104 loquelis.
1969 4031 2035 4085 Et

468 4125 921 4194 quemadmodum
973 4124 1216 4178 extendit
1276 4138 1493 4182 manum
1544 4123 1685 4183 [llius
1756 4141 1772 4176 :
1842 4139 2033 4191 quem-

467 4215 754 4271 admodum
811 4224 1020 4285 patrem
1070 4216 1319 4269 hortatus
1374 4224 1458 4268 est
1505 4224 1598 4268 aut
1647 4228 1741 4283 per
1787 4214 2030 4279 verbum,

464 4316 558 4364 aut
589 4322 684 4381 per
713 4308 972 4378 linguam,
1014 4317 1108 4362 aut
1142 4322 1236 4375 per
1264 4322 1381 4361 eam
1428 4322 1589 4375 quam
1623 4306 1788 4359 sumit
1828 4320 2029 4360 escam.

466 4399 785 4471 Loquuntur
813 4410 992 4454 autem
1020 4408 1077 4452 et
1101 4408 1283 4471 patres
1320 4398 1386 4458 ad
1418 4397 1583 4461 filios,
1616 4406 1668 4450 et
1698 4396 1909 4452 du!cior
1939 4396 2031 4453 lilii

2138 3210 2215 3263 ait
2250 3229 2263 3265 :
2298 3209 2568 3279 porrectio
2605 3211 2951 3275 tentationis;
2988 3227 3140 3280 quem
3183 3209 3442 3273 dilexisti,
3483 3209 3653 3278 inquit
3686 3226 3701 3262 :

2138 3302 2567 3356 additamentum
2599 3302 2802 3357 doloris
2828 3303 2967 3357 aliis.
3005 3302 3071 3357 Et
3111 3314 3233 3373 post
3276 3304 3393 3358 haec
3424 3303 3699 3372 consiguat

2141 3391 2400 3460 majorem
2428 3393 2655 3463 plagam,
2686 3393 2823 3447 dixit
2855 3394 2999 3448 enim
3028 3405 3081 3447 et
3107 3409 3299 3448 nomen
3339 3394 3457 3447 filii.
3482 3394 3618 3447 Nam
3650 3402 3701 3446 et

2135 3485 2181 3540 si
2218 3486 2329 3538 haec
2367 3488 2546 3539 omnia
2576 3496 2757 3539 essent
2788 3484 2964 3539 dulcia
2993 3496 3047 3537 et
3079 3484 3291 3545 idonea,
3325 3495 3570 3538 moveret
3598 3482 3697 3536 vis-

2137 3590 2258 3629 cera
2294 3584 2555 3644 paterna,
2601 3586 2659 3628 ut
2690 3576 2931 3641 diceret,
2966 3575 3137 3643 [ilium
3184 3585 3332 3627 tuum
3380 3575 3697 3644 unigenitum

2135 3683 2285 3738 quem
2313 3666 2567 3720 dilexisti.
2604 3666 2709 3721 Sed
2736 3667 2868 3721 nihil
2894 3668 3021 3733 tale,
3048 3677 3307 3736 quantum
3346 3675 3402 3720 et
3432 3680 3701 3734 nuncupa-

2139 3762 2336 3817 tionem
2368 3760 2485 3829 ejus
2506 3760 2876 3824 annuutiaret,
2905 3768 2960 3814 et
2985 3760 3211 3825 diceret,
3245 3756 3402 3811 lsaac
3431 3759 3629 3826 accipe,
3656 3768 3704 3811 et

2136 3854 2321 3922 o/feres
2353 3868 2471 3906 eum
2501 3851 2627 3905 mihi
2657 3851 2711 3904 in
2743 3867 2847 3904 uno
2873 3852 3151 3904 montium.
3199 3848 3384 3920 Neque
3412 3849 3534 3904 istic
3560 3847 3704 3903 desi-

2141 3956 2272 4016 gnat
2306 3944 2502 4008 locmn,
2537 3945 2630 3997 sed
2660 3944 2804 3998 sicut
2842 3940 3065 4007 ejiciens
3093 3957 3214 3996 eum
3266 3942 3332 3995 de
3376 3941 3570 4008 patria,
3603 3939 3702 4003 ait,

2143 4036 2271 4090 Veni
2298 4037 2365 4090 ad
2394 4045 2590 4089 terram
2623 4051 2780 4105 quam
2810 4034 2908 4087 tibi
2937 4034 3247 4096 ostendero;
3281 4034 3353 4087 ita
3383 4042 3440 4087 et
3472 4032 3593 4087 istic
3622 4030 3704 4085 di-

2134 4126 2230 4189 cit,
2263 4125 2316 4177 in
2352 4141 2453 4177 uno
2485 4125 2763 4177 montium.
2809 4122 2873 4176 Et
2903 4132 3051 4177 certe
3098 4122 3322 4176 multum
3369 4119 3702 4176 commodius

2134 4216 2178 4269 si
2214 4215 2266 4269 in
2302 4218 2418 4285 ipso
2446 4214 2661 4273 fervore
2700 4213 2897 4284 negotii
2930 4212 3188 4267 liberatus
3223 4212 3405 4267 luisset
3434 4208 3697 4263 sollicitu-

2134 4309 2259 4371 dine
2308 4311 2612 4374 Abraham,
2653 4317 2707 4361 et
2758 4323 2863 4371 non
2915 4306 3127 4362 audiret
3162 4306 3365 4363 itineris
3398 4298 3689 4371 laborem,

2136 4408 2435 4461 nocturnos
2467 4398 2745 4470 amplexus
2772 4398 3053 4465 unigenili,
3080 4395 3560 4463 confabulationes,
3594 4409 3696 4463 per

462 4500 549 4545 est
574 4505 676 4543 vos
700 4491 843 4545 omni
872 4490 977 4545 alio
1001 4490 1141 4558 quod
1174 4488 1405 4542 videtur.
1436 4487 1569 4541 Nam
1591 4498 1643 4541 et
1669 4486 1872 4543 frontes
1895 4486 2029 4540 lilio-
2063 4504 2105 4558 ι)
2133 4492 2247 4547 dies
2286 4492 2483 4554 visum,
2523 4500 2724 4544 motum
2745 4532 2759 4559 ,
2794 4504 3074 4545 sermones
3093 4530 3109 4555 ,
3164 4490 3339 4565 ipsum
3384 4487 3535 4542 Isaac
3560 4486 3698 4542 dite-

463 4600 580 4638 rum
616 4584 843 4637 illiciunt
881 4593 1160 4656 aspectum
1189 4592 1490 4651 parentum,
1540 4590 1594 4636 et
1638 4580 1782 4637 mille
1831 4580 1935 4635 alia
1972 4589 2027 4637 et

461 4675 564 4730 alia
608 4684 858 4737 movent,
903 4682 957 4728 et
996 4675 1173 4729 omnia
1218 4686 1549 4747 quaecunque
1610 4671 1818 4725 locutus
1866 4670 2029 4729 fuerit

462 4766 622 4827 filius,
676 4766 720 4819 si
762 4779 859 4833 per
902 4774 1114 4818 noctem
1162 4763 1439 4831 amplexus
1489 4771 1603 4829 est,
1655 4762 1700 4818 si
1741 4777 1835 4831 per
1883 4760 2026 4815 diem

460 4856 731 4941 blanditgs
762 4864 865 4911 est.
895 4855 1028 4910 Cum
1063 4854 1224 4925 igitur
1265 4855 1376 4909 haec
1406 4854 1583 4909 omnia
1613 4864 2024 4919 concurrerunt,

459 4960 512 5003 et
541 4966 666 5005 cum
698 4958 970 5005 maturum
1007 4948 1208 5004 factum
1240 4959 1324 5002 est
1361 4948 1560 5005 donum
1605 4948 1737 5012 Dei,
1776 4963 1897 5002 cum
1928 4948 2026 5001 do-

457 5042 669 5096 mestici
714 5040 766 5094 in
797 5054 892 5108 spe
920 5038 1102 5102 fuere,
1133 5053 1254 5092 cum
1300 5036 1492 5090 amicis
1522 5034 1743 5088 allatum
1774 5045 1852 5089 est
1885 5052 2023 5089 nun-

459 5134 616 5196 tium,
643 5146 765 5186 cum
800 5131 1034 5185 reddidit
1052 5133 1192 5184 Deus
1212 5129 1441 5189 Abrahae
1467 5128 1852 5197 promissiones
1875 5144 2022 5193 snas,

455 5233 509 5279 et
523 5222 634 5291 jam
658 5223 881 5278 haberet
903 5223 1068 5276 filium
1090 5238 1105 5287 ;
1129 5221 1412 5276 videbatur
1436 5220 1577 5275 enim
1598 5230 1651 5273 et
1674 5221 1772 5289 ipsi
1796 5221 2023 5275 Abrahae

456 5315 709 5369 solatium
747 5316 1128 5384 promissionis
1160 5312 1268 5381 jam
1307 5312 1543 5379 factum;
1580 5327 1699 5366 cum
1736 5308 1850 5380 jam
1886 5310 2020 5365 Sara

454 5404 708 5463 habuerit
741 5407 1183 5473 consolationem,
1219 5415 1273 5459 et
1298 5403 1405 5473 jam
1441 5422 1543 5459 non
1594 5406 1662 5460 ab
1700 5403 1893 5459 ancilla
1929 5418 2022 5466 ex-

454 5496 834 5569 probrationes
883 5499 1131 5562 audiret,
1160 5514 1282 5552 cum
1322 5498 1574 5568 cognatio
1606 5496 1829 5550 audiens
1877 5506 2021 5551 esset

453 5589 509 5653 in
544 5589 749 5651 laetitia,
778 5606 898 5643 cum
941 5590 1092 5660 pueri
1125 5598 1178 5645 et
1207 5591 1369 5653 servi,
1396 5605 1516 5644 cmn
1543 5590 1735 5643 domus
1765 5587 2019 5656 majores,

522 5685 570 5717 ”
589 5684 725 5739 Gen.
753 5685 963 5745 mni.
1038 5686 1081 5716 "
1105 5684 1236 5739 Gen.
1265 5702 1414 5748 xvut,
1444 5687 1529 5739 l9.
1604 5687 1648 5717 "
1676 5684 1813 5743 Ceu.
1839 5702 1932 5756 xtt,
1964 5688 2009 5742 l.

520 5779 633 5855 (18)
669 5779 770 5843 Qui
798 5780 950 5831 dixit.
985 5778 1146 5833 Forte
1176 5782 1304 5833 dixit
1340 5785 1447 5851 qui.

2132 4596 2300 4640 ctum.
2330 4586 2397 4637 Et
2426 4584 2552 4655 quid
2578 4596 2715 4652 opus
2747 4592 2830 4635 est
2862 4580 3013 4650 plura
3050 4596 3146 4636 nos
3179 4580 3397 4641 dicere!
3430 4581 3701 4635 Abraham

2132 4678 2298 4739 enim,
2344 4676 2436 4745 qui
2490 4673 2815 4729 sententiam
2853 4674 3114 4729 adversus
3151 4672 3319 4727 lilium
3362 4682 3701 4743 susceperat,

2134 4767 2492 4834 descripserat
2536 4763 2637 4819 sibi
2682 4772 2737 4818 et
2787 4764 2969 4819 abibat
3012 4765 3217 4829 habens
3262 4764 3470 4827 lilium,
3523 4763 3701 4817 vivum

2134 4858 2348 4926 quidem
2381 4873 2642 4928 quantum
2673 4856 2739 4911 ad
2779 4871 2995 4913 sensum
3039 4856 3158 4923 ﬁlii,
3188 4856 3301 4926 jam
3329 4868 3513 4915 autem
3548 4855 3701 4909 holo-

2134 4960 2379 5013 caustum
2417 4960 2676 5018 quantum
2718 4948 2784 5002 ad
2830 4949 3167 5002 inscientiam
3214 4948 3407 5017 patris.
3453 4946 3517 5000 Et
3554 4958 3701 5001 certe

2136 5053 2338 5101 tantam
2372 5042 2676 5110 passionem
2709 5041 2874 5105 habet
2902 5041 3046 5110 quod
3079 5041 3295 5107 dicitur,
3324 5051 3458 5097 utet
3485 5057 3583 5095 nos
3608 5043 3699 5111 qui

2131 5134 2378 5187 audimus
2414 5145 2467 5187 et
2497 5134 2746 5203 dicimus,
2781 5132 2851 5188 de
2888 5132 2971 5187 his
3005 5132 3242 5203 quaa‘ille
3272 5133 3324 5187 in
3360 5134 3697 5203 unigenitum

2130 5225 2297 5283 filium
2345 5240 2497 5285 suum
2548 5224 2719 5291 ausit,
2775 5225 3105 5289 commoveri
3138 5238 3191 5280 et
3237 5225 3611 5298 collacrymari
3648 5237 3701 5280 et

2128 5316 2435 5377 conturbari
2468 5316 2767 5376 videamur.
2798 5316 2856 5377 Si
2888 5317 3053 5387 igitur
3085 5318 3239 5372 nobis
3270 5318 3455 5374 dicere
3485 5329 3695 5374 tantum

2128 5418 2183 5463 et
2220 5407 2406 5461 audire
2442 5422 2550 5462 non
2578 5416 2660 5461 est
2692 5408 2973 5462 ferendum
3009 5408 3126 5462 sine
3164 5408 3449 5481 lacrymis;
3485 5413 3695 5483 qualis,

2131 5506 2318 5569 putas,
2354 5497 2655 5555 invenietur
2687 5512 2937 5554 mensura
2990 5498 3133 5557 illius
3167 5502 3555 5559 conscientia?
3576 5506 3697 5573 quis

2130 5589 2354 5646 suliiciet
2377 5605 2553 5648 sermo
2581 5590 2721 5645 illius
2743 5589 3002 5646 exhibere
3027 5592 3370 5650 dilectionem
3394 5595 3459 5649 ad
3487 5594 3695 5657 Deum!

2090 5688 2133 5719 "
2155 5688 2288 5743 Ibid.

2196 5783 2303 5847 (l9)
2340 5782 2793 5847 Interceperimus.
2818 5784 2898 5842 Cf.
2930 5788 3198 5845 suoracol.
3226 5786 3354 5843 iO7l
3383 5787 3448 5845 Δ.
