4050 6206
430 296 579 351 1⁵0¹Π

437 501 606 557 multa
631 500 842 569 quidem
868 496 1206 569 dicebantur,
1227 493 1379 563 plura
1412 501 1589 547 autem
1617 493 1989 555 audiebantur,

440 603 500 649 et
534 568 741 647 inﬁnita
782 568 1109 659 agebantur:
1140 584 1308 641 Erant
1342 595 1521 641 autem
1567 587 1749 638 omnia
1798 582 1941 637 bona
1976 598 1990 636 :

445 685 538 741 Dei
578 686 717 740 enim
753 682 948 736 donum
979 690 1099 734 erat
1128 678 1300 744 Isaac,
1344 679 1671 746 etportabat
1703 693 1733 729 :-
1757 676 1847 745 qui
1875 690 1997 745 por-

446 774 625 833 tabat?
650 774 787 828 forte
818 779 993 825 autem
1018 785 1122 823 non
1146 769 1307 823 debet
1329 768 1435 822 dici
1459 766 1583 837 quia
1613 769 1877 837 portabat,
1903 765 1999 819 sed

448 867 723 927 candebat.
759 864 827 919 Et
853 865 967 919 dies
1003 876 1108 918 una
1147 862 1478 927 transierat,
1508 871 1561 915 et
1594 861 1818 915 necdum
1853 859 2003 915 locus

447 960 845 1014 ostendebatur.
870 958 939 1012 Et
959 972 1063 1011 nox
1087 956 1153 1010 ad
1188 956 1351 1020 diem,
1381 963 1436 1010 et
1469 952 1695 1009 necdum
1730 952 1794 1006 ad
1825 950 1999 1006 locum

454 1052 713 1123 pervenit.
747 1050 810 1104 Et
859 1049 1125 1103 secundus
1167 1047 1304 1111 dies,
1351 1053 1407 1099 et
1444 1054 1565 1112 post
1593 1042 1733 1097 diem
1785 1055 1911 1103 nox,
1952 1049 2006 1095 et

450 1140 551 1197 alia
593 1156 697 1196 nox
735 1158 749 1195 :
786 1148 841 1194 et
876 1139 1109 1193 nondum
1146 1137 1286 1199 ﬁnis,
1317 1135 1413 1193 sed
1445 1135 1723 1205 protensio
1747 1142 1865 1188 erat
1891 1140 2005 1187 ten-

452 1232 674 1289 talionis
702 1230 966 1296 dilatatio,
1000 1238 1054 1284 et
1086 1227 1298 1298 quando
1339 1228 1683 1298 perveniret,
1717 1236 1771 1281 et
1796 1230 2008 1295 quando

451 1327 835 1381 ostenderetur
880 1323 1039 1376 locus
1071 1336 1191 1376 cum
1234 1321 1345 1388 jam
1391 1319 1613 1375 deberet
1647 1335 1661 1371 :
1710 1318 1837 1388 quia
1879 1332 2009 1385 ergo

456 1416 643 1471 omnia
683 1429 801 1484 quae
841 1422 1067 1468 suntet
1107 1412 1159 1466 in
1210 1411 1403 1465 Vetere
1429 1409 1777 1465 Testamento
1824 1407 2011 1461 formae

458 1519 618 1566 erant
653 1507 808 1569 Novi,
842 1506 998 1561 tertio
1025 1504 1111 1559 die
1149 1503 1385 1558 et‘tertia
1420 1512 1578 1557 nocte
1613 1508 2011 1556 sacramentum

460 1599 719 1669 unigeniti
782 1597 901 1652 Filii
963 1596 1053 1651 Dei
1106 1592 1471 1665 praecurrebat
1522 1604 1619 1662 per
1674 1590 2011 1661 unigenitum

1545 284 1632 341 DE
1666 283 2260 342 BESURRECTIONE.
2299 318 2366 329 --
2403 286 2533 345 LIB.
2570 288 2610 345 l‘.

431 409 542 465 her
573 407 746 463 simul‘
772 403 1003 461 iaciebat
1052 408 1214 472 pater
1246 414 1366 456 cum
1413 398 1555 468 ﬁlio,
1590 410 1645 455 et
1683 399 1824 454 inter
1880 399 1991 453 haec
2018 401 2065 459 Α
2092 415 2205 462 eos,
2261 400 2471 455 Manete
2511 402 2596 455 Iu‘c

3508 286 3660 341 1078‘

2640 415 2659 453 :
2698 416 2792 471 ego
2836 411 3006 455 autem
3049 410 3097 452 et
3150 416 3279 469 puer
3322 403 3650 471 ascendentes

2093 493 2428 547 adorabimus
2457 494 2510 546 in
2544 503 2736 561 monte,
2784 504 2833 546 et
2876 494 3249 562 regredientur.
3280 492 3390 546 lloc
3438 470 3649 562 quidem

2096 600 2201 639 non
2242 586 2502 655 speravit,
2548 587 2651 642 hoc
2696 597 2873 643 autem
2914 586 3245 656 impetravit,
3295 594 3349 638 et
3399 598 3531 638 usus
3573 592 3655 637 est

2096 675 2238 734 Deus
2267 677 2383 748 ejus
2413 676 2593 747 lingua
2630 678 2695 731 ad
2731 677 3087 749 prophetiam.
3130 679 3263 732 Cum
3298 689 3428 745 ergo
3465 672 3657 727 dicitur

2096 770 2367 824 Abraham
2407 769 2671 839 propheta
2698 808 2715 836 ,
2761 779 2813 824 et
2841 769 3101 838 quaeritur
3129 782 3161 821 a
3190 766 3375 822 multis
3415 765 3506 820 ubi
3534 779 3659 834 pro—

2100 862 2404 932 phetaverit
2440 862 2752 928 Abraham;
2786 863 2928 918 scire
2966 869 3214 932 oportet,
3259 861 3383 931 quia
3423 859 3659 914 maxime

2100 954 2314 1024 quidem
2348 954 2434 1010 cui
2468 954 2723 1010 revelavit
2748 953 2887 1009 Deus
2913 953 3283 1023 semetipsum,
3312 940 3659 1023 quantum-et

2106 1044 2361 1116 possibile
2405 1046 2505 1100 fuit
2545 1046 2778 1101 Abrahae
2819 1054 2878 1099 ut
2917 1045 3251 1100 revelaretur
3275 1046 3361 1111 ei;
3404 1045 3504 1099 iste
3546 1044 3662 1113 ipse

2104 1142 2397 1195 vocabatur
2419 1138 2699 1210 pr0pheta.
2716 1137 2830 1192 Alia
2855 1148 3033 1192 autem
3057 1136 3359 1191 invenimus
3382 1152 3503 1190 eum
3532 1135 3656 1190 istic

2104 1234 2505 1302 prophetantem
2529 1248 2544 1287 :
2572 1247 2729 1286 unam
2760 1230 2974 1300 quidem
2997 1230 3347 1300 prophetiam,
3374 1246 3528 1298 quam
3546 1229 3657 1296 jam

2106 1324 2339 1379 diximus
2387 1340 2402 1377 :
2447 1324 2737 1377 secundam
2783 1330 2962 1377 autem
2994 1336 3150 1385 eam,
3183 1337 3302 1390 qua:
3336 1322 3655 1390 insequitur.

2111 1415 2215 1470 Sed
2251 1425 2565 1485 sequentem
2598 1413 2735 1468 forte
2765 1413 2943 1468 dicere
2969 1412 3326 1481 perniciosum
3351 1422 3452 1477 est,
3484 1420 3538 1465 et
3566 1427 3663 1465 au-

2109 1508 2227 1563 dire
2254 1506 2628 1576 perniciosius.
2659 1503 3120 1572 Quemadmodum
3142 1540 3158 1565 ,
3190 1512 3346 1570 putas
3370 1540 3384 1566 ,
3413 1500 3669 1556 sustinuit

2109 1612 2171 1653 ea
2199 1612 2317 1668 quae
2350 1612 2534 1667 passus
2560 1596 2693 1652 esti
2722 1596 3186 1666 quemadmodum.
3207 1593 3445 1649 Charitas
3488 1592 3682 1647 Omnia-

463 1692 732 1747 Abrahte:
771 1688 894 1759 quia
935 1697 1113 1740 autem
1148 1684 1467 1755 completum
1503 1689 1900 1736 sacramentum
1932 1686 2017 1733 est

2131 1691 2362 1747 sustinet.
2411 1690 2475 1744 Et
2518 1690 2669 1759 pueri
2719 1688 2932 1758 quidem
2970 1694 3372 1751 remanserunt,
3413 1684 3672 1755 prmccpit

466 1786 628 1841 trium
652 1784 880 1844 dierum,
904 1788 958 1834 et
981 1780 1137 1832 trimn
1170 1776 1430 1840 noctium,
1451 1782 1706 1828 ostensus
1734 1779 1818 1825 est
1843 1769 2012 1836 locus,
2047 1758 2089 1812 Β
2115 1784 2255 1838 enim
2295 1758 2576 1851 domm;
2603 1781 2873 1836 Abraham
2902 1792 3079 1836 amem
3109 1780 3383 1849 accipiens
3415 1779 3587 1848 ignem
3617 1785 3675 1831 ει

466 1876 687 1931 advenit
718 1883 772 1926 et
816 1882 1025 1938 tempus
1058 1886 1073 1927 :
1108 1866 1245 1922 forte
1280 1874 1455 1919 autem
1495 1863 1697 1933 putatis
1738 1860 1847 1930 jam
1879 1858 2012 1912 libe—

470 1980 589 2020 rum
640 1976 760 2017 esse
799 1978 828 2014 a
873 1957 1167 2013 certamine
1208 1953 1563 2009 tentationum
1606 1950 1904 2005 Abraham.
1951 1948 2017 2001 Et

467 2065 616 2113 certe
642 2064 898 2124 quantum
935 2051 1252 2120 propinquat
1291 2056 1519 2115 tempus,
1553 2052 1763 2097 tantum
1799 2041 2018 2095 tentatio

468 2147 808 2221 protenditur
832 2145 969 2213 ejus.
1005 2142 1071 2196 Et
1097 2140 1362 2195 Abraham
1392 2137 1519 2192 dicit
1543 2136 1607 2189 ad
1632 2150 1829 2205 pueros
1856 2151 1871 2186 :
1902 2131 2020 2186 Mh-

467 2251 581 2293 nete
605 2238 723 2302 hic;
755 2252 846 2306 ego
872 2243 1045 2287 autem
1081 2240 1130 2285 et
1166 2230 1309 2298 ﬁlius
1330 2228 1667 2282 ascendemus
1692 2226 1743 2279 in
1774 2234 2017 2289 montem,

467 2338 746 2385 adorantes
776 2326 1112 2381 remeabimus
1140 2324 1207 2376 ⁸⁷.
1239 2321 1443 2376 Timuit
1470 2321 1640 2382 enim,
1676 2332 1742 2371 ne
1773 2315 1919 2384 pueri
1956 2316 2021 2367 ad

467 2423 742 2477 dominum
780 2417 1027 2472 allectum
1057 2416 1333 2479 habentes,
1382 2420 1439 2465 et-
1480 2409 1710 2463 maxime
1742 2406 1807 2461 ad
1841 2406 2024 2477 unige-

467 2514 661 2576 nitum,
706 2510 1076 2580 prohiberent.
1106 2503 1281 2557 Certe
1307 2500 1433 2570 quia
1464 2510 1733 2566 nunquam
1767 2496 2026 2550 Dominus

467 2600 803 2658 sacriﬁcium
834 2594 1066 2651 hominis
1093 2590 1248 2662 petit.
1281 2588 1591 2644 Audierant
1618 2595 1795 2640 autem
1826 2585 1951 2655 quia
1973 2595 2029 2639 et

468 2693 770 2751 secundum
834 2685 1250 2759 promissionem
1324 2680 1467 2736 Deus
1526 2679 1817 2734 donaverat
1881 2678 2030 2732 Isaac

475 2786 708 2841 Abrahae
733 2800 749 2837 :
792 2782 1222 2835 intuentesvero
1254 2782 1310 2829 et
1340 2781 1552 2828 aetatem
1580 2770 1898 2826 Abrabtein
1926 2769 2031 2824 alio

477 2876 585 2944 iam
607 2882 845 2940 tempore
870 2868 1215 2924 constitutam
1241 2880 1258 2920 :
1289 2864 1412 2933 quia
1433 2862 1593 2933 igitur
1607 2875 1711 2916 non
1730 2859 2033 2916 consentie-

485 2976 615 3021 oant
636 2965 753 3036 (20)
776 2962 987 3033 negotio
1012 2961 1235 3028 hisquae
1262 2956 1769 3012 faciebatAbrabam
1795 2953 2035 3025 :possiut

481 3057 626 3112 enim
660 3057 837 3110 dicere
876 3072 888 3107 :
935 3052 1059 3117 quid
1096 3049 1254 3105 offers
1288 3048 1591 3104 Deolilium
1646 3063 1751 3103 non
1789 3045 2032 3116 petenti?

485 3149 607 3219 quis
629 3148 772 3202 enim
796 3154 850 3201 et
869 3154 995 3199 ante
1014 3144 1196 3213 ipsum
1213 3141 1482 3209 justorum
1511 3140 1611 3195 hoc
1634 3147 1727 3193 aut
1746 3153 1910 3192 ausus
1930 3146 2035 3202 est,

489 3246 583 3291 aut
607 3244 813 3290 tentare
846 3247 1009 3287 ausus
1040 3229 1161 3285 est?
1189 3232 1258 3284 ob
1290 3243 1452 3299 quam
1479 3228 1623 3283 enim
1657 3241 1879 3281 causam
1895 3235 2040 3294 petat

494 3326 635 3379 Deus
659 3338 803 3388 eum,
834 3336 993 3392 quem
1035 3316 1295 3373 donavit?
1335 3331 1435 3370 cur
1464 3324 1643 3369 autem
1671 3322 1725 3367 et
1752 3311 2041 3367 transferat

492 3419 633 3474 Deus
656 3413 1036 3486 promissiones
1054 3424 1179 3465 suas
1195 3410 1227 3461 ?-
1246 3416 1304 3462 ut
1330 3408 1457 3477 quid
1481 3414 1658 3461 autem
1689 3416 1742 3459 et
1764 3404 1942 3469 dedit,
1984 3414 2042 3458 ut

484 3520 540 3566 et
564 3507 812 3575 accipiat,
838 3517 998 3573 quem
1033 3499 1295 3555 indulsit?
1328 3498 1436 3554 Hos
1468 3496 1817 3553 rationabiles
1842 3497 2043 3567 cogita-

489 3611 575 3655 tus
600 3602 796 3654 timens
819 3595 1116 3659 Abraham,
1151 3591 1390 3662 praecipit
1419 3590 1602 3662 pueris
1626 3598 1960 3659 exspectare,
1989 3596 2044 3641 et

490 3708 670 3747 secum
718 3705 824 3744 non
866 3692 1189 3750 ascendam,
1226 3699 1294 3738 ne
1330 3684 1453 3753 quis
1494 3682 1564 3736 ob
1611 3697 1844 3736 amorem
1895 3681 2044 3737 Isaac

493 3783 731 3837 mitteret
776 3794 1026 3843 manum,
1064 3786 1119 3830 et
1168 3771 2042 3829 contaminaretimmolationem.

492 3873 629 3940 Quid
658 3882 836 3926 autem
877 3869 1003 3939 quia
1033 3877 1088 3922 et
1116 3866 1287 3936 ipsam
1323 3863 1534 3925 Saram,
1567 3877 1725 3928 quatn
1756 3873 1885 3931 puto
1914 3860 2051 3915 nihil

498 3964 717 4018 latuisse
740 3975 972 4031 unquam
994 3975 1113 4027 qua:
1138 3951 1746 4022 Abraham-cogitabat?
1771 3952 1884 4006 haec
1905 3952 2046 4005 enim

495 4054 822 4111 conscientia
850 4053 961 4122 ipsa
990 4049 1259 4104 mstimare
1285 4061 1380 4099 nos
1408 4043 1554 4108 facit,
1579 4057 1700 4112 qua:
1729 4042 1781 4095 in
1815 4041 1906 4095 illo
1933 4050 2051 4095 erat

498 4146 765 4217 eonjugio.
799 4143 889 4198 Illa
920 4157 1078 4212 quam
1119 4139 1248 4193 nihil
1282 4138 1434 4191 latuit
1462 4149 1696 4205 unquam
1732 4148 1849 4202 quae
1874 4134 2047 4188 Abra-

501 4242 622 4293 ham
665 4237 869 4299 facere,
905 4243 997 4288 aut
1039 4245 1255 4286 movere
1292 4229 1577 4291 voluisset,
1621 4226 1703 4280 vel
1749 4225 1997 4293 cogitare
2034 4243 2048 4279 :

500 4332 586 4386 illa
614 4330 878 4401 ignoravit
906 4326 1033 4397 quia
1061 4323 1365 4392 ueigenitus
1389 4321 1528 4389 ejus,
1572 4318 1677 4373 illia
1717 4317 1915 4372 sterilis
1942 4316 2052 4371 lru-

2115 1872 2252 1943 ligna
2283 1881 2338 1925 et
2373 1871 2639 1941 gladium,
2670 1869 2912 1924 ascendit
2938 1884 3058 1923 cum
3093 1867 3223 1932 ﬁlio,
3276 1868 3386 1935 ipse
3427 1864 3535 1919 lilio
3574 1878 3669 1918 suo

2119 1965 2396 2034 imponens
2429 1961 2589 2031 ligna.
2635 1960 2699 2015 Et
2729 1969 2874 2015 certe
2918 1958 3119 2013 scimus
3150 1957 3420 2011 Abraham
3465 1970 3558 2023 per
3586 1969 3672 2008 se—

2120 2058 2408 2125 metipsum
2481 2053 2707 2109 vitulum
2779 2063 3080 2125 portantem
3152 2053 3217 2108 ad
3279 2050 3670 2119 susceptionem

2121 2165 2305 2206 eorum
2337 2149 2428 2219 qui
2463 2150 2811 2202 advenerant.
2838 2146 2975 2212 Quid
3005 2157 3181 2200 autem
3210 2160 3351 2200 nunc
3379 2159 3479 2197 nec
3503 2124 3674 2211 parti-

2127 2256 2212 2300 tus
2237 2260 2357 2299 cum
2391 2242 2501 2297 lilio
2527 2242 2733 2311 pondus
2771 2251 2873 2301 est,
2912 2239 3004 2294 sed
3035 2238 3213 2292 omnia
3237 2238 3383 2306 ligna
3422 2235 3681 2303 imposuit

2125 2326 2252 2400 lilio,
2283 2334 2468 2389 volens
2520 2334 2628 2402 jam
2664 2341 2943 2400 acceptum
2977 2329 3175 2383 habere
3217 2327 3447 2381 donum?
3474 2325 3679 2394 signiti-

2125 2426 2282 2481 cabat
2309 2434 2483 2479 autent
2509 2424 2632 2494 quia
2662 2423 2883 2493 incipiet
2910 2423 3204 2484 immolari,
3226 2416 3674 2488 quemadmodum

2127 2528 2342 2589 portare
2371 2531 2587 2572 crucem
2624 2530 2720 2585 per
2759 2514 3128 2584 semetipsum.
3156 2512 3291 2567 Cum
3322 2520 3515 2565 autem
3554 2523 3682 2579 pro-

2128 2615 2369 2664 moveret
2398 2607 2519 2669 iter,
2560 2614 2615 2660 et
2651 2612 3032 2674 agnosceretur
3072 2600 3269 2656 montis
3297 2612 3582 2662 cacumen,
3624 2606 3681 2652 et

2130 2699 2268 2771 ignis
2312 2700 2365 2752 in
2395 2697 2589 2761 medio,
2628 2704 2679 2750 et
2706 2694 2846 2764 ligna
2888 2693 2940 2747 in
2973 2691 3112 2748 collo
3143 2690 3295 2746 Isaac
3327 2685 3680 2754 haberentur,

2130 2798 2182 2843 et
2207 2788 2413 2861 gladius
2446 2793 2758 2856 appareret;
2802 2783 2955 2838 ls‘aac
2979 2780 3213 2850 undique
3243 2777 3501 2850 prudens,
3531 2776 3674 2846 quod

2135 2880 2222 2935 alii
2257 2878 2406 2949 pueri
2439 2893 2542 2931 non
2574 2877 2777 2943 dixere,
2810 2876 2911 2930 iste
2944 2872 3173 2943 requirit
3204 2885 3233 2926 a
3281 2878 3451 2939 patre.
3488 2866 3688 2925 Tenta-

2136 2974 2334 3026 tionem
2362 2976 2545 3036 utpote
2580 2982 2740 3036 quam
2781 2964 3015 3019 habebat
3048 2970 3220 3031 pater,
3255 2958 3525 3029 eloquitur
3566 2957 3686 3013 dul-

2061 3086 2105 3145 ο
2139 3061 2382 3125 cissima,
2416 3069 2508 3114 aut
2540 3059 2717 3128 potius
2757 3057 2888 3110 dura
2924 3067 3069 3109 voce
3116 3070 3131 3106 :
3160 3051 3331 3122 magis
3364 3058 3543 3105 autem
3576 3063 3683 3103 non
3718 3088 3719 3091 η

2141 3162 2347 3210 tantum
2386 3157 2857 3223 grave,,quantum
2883 3145 3060 3201 dulce.
3095 3144 3253 3199 Pater
3277 3143 3448 3209 enim,
3475 3141 3688 3211 inquit:
3722 3167 3729 3172 -

2140 3243 2334 3300 suﬁicit
2367 3245 2469 3298 hoc
2494 3244 2558 3295 ad
2590 3238 2907 3295 ﬂectendum
2939 3246 3145 3306 patrem
3176 3255 3206 3292 az
3253 3234 3451 3305 quique
3478 3243 3539 3288 et
3561 3245 3690 3286 con-
3720 3270 3723 3273 γ

2136 3336 2312 3406 jungit
2343 3334 2442 3387 alia
2471 3343 2525 3386 et
2549 3332 2677 3385 dicit
2710 3347 2726 3384 :
2766 3328 2897 3383 Ecce
2935 3330 3093 3397 ignis.
3127 3343 3245 3380 ecce
3287 3327 3451 3396 ligna,
3499 3324 3586 3377 ubi
3620 3332 3723 3376 est.

2142 3427 2250 3480 ovis
2294 3426 2348 3478 in
2383 3423 2704 3489 sacriﬁcium
2748 3420 2833 3472 ’⁸2
2864 3419 2995 3486 Quis
3041 3418 3181 3473 alius
3227 3426 3493 3487 portasset
3535 3414 3693 3467 istam

2143 3515 2361 3570 vocem?
2410 3512 2485 3566 Ex
2537 3511 2655 3565 aliis
2701 3508 2915 3579 quidem
2964 3506 3273 3562 hominibus
3314 3504 3509 3558 nullus.
3550 3501 3700 3557 Iuste

2143 3620 2268 3676 ergo
2315 3604 2455 3658 Deus
2504 3600 2773 3655 Abraham
2823 3596 3027 3652 dilexit.
3077 3592 3468 3650 Adamantinus
3513 3601 3696 3646 autem

2144 3696 2253 3761 ille,
2298 3690 2555 3764 unigeniti
2602 3689 2685 3744 sui
2734 3687 2983 3760 sagittam
3034 3685 3325 3753 accipiens,
3375 3697 3480 3736 non
3526 3681 3695 3735 tacuit

2146 3786 2344 3853 ferens,
2376 3785 2469 3839 sed
2501 3782 2671 3852 potuit
2694 3779 2856 3849 loqui,
2885 3775 3056 3847 potuit
3081 3775 3424 3845 respondere,
3446 3778 3499 3825 et
3525 3784 3697 3838 neque

2146 3878 2379 3947 linguam
2407 3873 2603 3929 oliendi
2635 3871 2882 3927 dentibus
2914 3886 2929 3921 :
2965 3876 3186 3937 potuere
3215 3872 3397 3920 autem
3426 3870 3480 3917 et
3510 3860 3698 3914 dentes

2149 3969 2347 4040 aperiri
2376 3978 2431 4022 et
2457 3968 2587 4020 dare
2618 3962 2850 4034 spatium
2882 3961 3075 4031 linguae
3115 3973 3130 4012 :
3169 3957 3261 4012 sed
3296 3970 3395 4010 nec
3429 3955 3565 4008 forte
3595 3951 3700 4005 ista

2150 4063 2330 4116 dicere
2359 4062 2424 4114 de
2452 4058 2542 4111 ilio
2569 4057 2770 4110 licitum
2802 4063 2903 4108 est.
2933 4051 3048 4106 Non
3074 4051 3219 4106 enim
3249 4064 3314 4104 ex
3349 4047 3434 4102 his
3462 4059 3579 4116 qum
3604 4058 3702 4097 nos

2096 4166 2107 4176 °
2152 4153 2406 4222 patimur,
2436 4150 2578 4204 illius
2617 4147 2869 4200 virtutem
2917 4156 3233 4199 accusemus
3269 4156 3284 4195 :
3320 4139 3414 4195 sed
3454 4135 3707 4192 et.la:tus

2153 4258 2207 4302 et
2235 4246 2531 4311 exsultans,
2580 4252 2699 4298 erat
2749 4242 2892 4294 enim
2949 4238 3259 4302 Abraham,
3296 4229 3592 4303 respondit
3642 4227 3708 4280 ad

2155 4341 2319 4395 lilium
2348 4354 2453 4394 non
2485 4336 2774 4396 crudeliter
2804 4349 2978 4404 neque
3003 4333 3313 4391 inhumane,
3344 4325 3438 4380 sed
3466 4322 3712 4388 religiose

502 4433 639 4485 είυδυ
674 4421 763 4475 me
794 4435 861 4475 (λι
890 4419 1159 4489 insperato
1194 4414 1365 4479 must
1403 4415 1488 4469 me
1519 4413 1610 4484 qui
1662 4420 1815 4466 “"3
1842 4417 2052 4463 autem
2084 4433 2129 4488 D
2157 4439 2210 4483 et
2239 4429 2323 4498 pie
2354 4445 2367 4481 :
2414 4426 2539 4481 dicit
2564 4427 2707 4480 enim
2748 4425 2812 4479 ad
2864 4424 3030 4478 lilium
3074 4440 3088 4475 :
3129 4421 3379 4474 Dominus
3426 4413 3713 4485 pravidebit

505 4522 818 4583 procreatus
846 4520 931 4566 est
966 4529 979 4565 :
1016 4509 1105 4564 illa
1139 4508 1401 4579 ignoravit
1444 4508 1569 4576 quia
1607 4506 1717 4559 Deo
1743 4501 2049 4567 oﬂerretur,

505 4606 592 4675 qui
622 4604 916 4660 donaverat
949 4618 966 4656 :
998 4613 1055 4654 ut
1085 4615 1187 4655 non
1219 4600 1359 4654 sicut
1391 4594 1683 4665 aliquando
1702 4594 1819 4649 risit
1850 4594 2053 4661 impor-

506 4709 630 4751 tune
654 4697 707 4749 in
737 4691 1090 4764 promissione
1111 4691 1247 4761 ejus,
1269 4699 1324 4744 et
1347 4703 1487 4742 nunc
1514 4687 1729 4758 plorans
1754 4685 2057 4755 importune

508 4786 786 4857 impediret
812 4781 1233 4839 immolationem
1268 4800 1280 4835 :
1315 4779 1409 4834 sed
1446 4778 1605 4832 tacita
1644 4791 1730 4832 res
1771 4786 1855 4831 est
1892 4784 1947 4829 et
1988 4774 2055 4827 ad

510 4878 717 4933 Saram.
752 4876 830 4930 lta
864 4874 1007 4929 enim
1039 4870 1244 4926 sciebat
1283 4877 1337 4922 et
1364 4867 1668 4933 Abraham,
1698 4874 1752 4919 et
1776 4874 1901 4918 ante
1942 4880 2058 4917 mu-

511 4972 731 5034 lierem,
782 4977 835 5023 et
875 4966 1065 5020 Saram
1114 4962 1492 5033 praehonorare
1548 4959 1637 5011 Dei
1690 4964 2055 5025 praeceptum;

515 5061 716 5115 sciebat
745 5066 920 5113 autem
952 5065 1007 5110 et
1036 5064 1157 5109 ante
1200 5052 1530 5121 unigenitum
1574 5064 1728 5103 suum
1754 5086 1769 5111 ,
1814 5062 1935 5101 eum
1965 5048 2057 5116 qui

517 5153 804 5207 donaverat
837 5147 1267 5204 honorare..Sed
1302 5158 1475 5213 neque
1503 5142 1538 5195 ii
1573 5139 1661 5209 qui
1697 5139 1801 5192 iter
1837 5152 1957 5192 cum
1994 5152 2060 5190 eo

518 5245 778 5311 fecerant,
836 5244 1077 5299 sciebant
1126 5242 1479 5313 mysterium,
1534 5236 1626 5291 sed
1679 5245 2061 5289 sacramentum

524 5354 679 5393 neum
700 5383 714 5405 ,
744 5340 935 5408 inquit,
970 5334 1119 5390 mihi.
1148 5334 1350 5388 Tamen
1395 5331 1615 5400 cupiens
1640 5326 1910 5381 Abraham
1940 5340 2064 5379 sua-

523 5433 640 5486 .iere
669 5432 844 5500 pueris
870 5440 930 5485 ut
970 5423 1584 5489 remanerent,locutus
1624 5429 1705 5476 est
1747 5419 1799 5474 id
1839 5419 1905 5473 ad
1946 5432 2060 5481 eos,

526 5525 654 5596 quod
687 5539 783 5578 nec
812 5524 923 5592 ipse
958 5521 1223 5591 speravit,
1266 5531 1363 5571 nec
1402 5514 1567 5570 sensit
1603 5531 1617 5567 :
1658 5511 1799 5566 dicit
1825 5511 1965 5567 enim
1998 5511 2063 5565 ad

584 5640 626 5670 "
650 5638 783 5693 Gen.
811 5652 945 5698 χιιι,
968 5637 1020 5690 5.
1082 5636 1125 5665 ’⁸
1147 5633 1277 5689 Gen.
1306 5646 1439 5696 xxt-t,
1468 5630 1520 5683 7.
1575 5630 1619 5662 '9
1645 5627 1773 5685 ibid.
1794 5628 1848 5685 8.

588 5730 697 5800 tio)
733 5728 974 5822 ,‘Vegotio.
1005 5728 1168 5785 Forte
1198 5729 1420 5794 negotia,
1454 5738 1573 5809 ma

2158 4534 2301 4573 ovem
2324 4516 2582 4587 sacriﬁcia
2612 4532 2731 4580 suo,
2761 4514 2839 4582 ﬁli
2862 4514 2926 4567 ’°.
2950 4512 3101 4567 Ecce.
3118 4509 3219 4563 alia
3258 4506 3538 4577 prophetia
3558 4541 3573 4568 ,
3599 4516 3715 4571 qua:

2158 4610 2227 4666 ab
2254 4624 2318 4666 eo
2351 4610 2441 4678 qui
2472 4609 2679 4663 locutus
2704 4616 2790 4661 est
2811 4647 2829 4674 ,
2862 4605 3207 4674 ignorabatur
3241 4618 3255 4654 :
3287 4597 3589 4669 Oppositum
3623 4609 3717 4645 au-

2160 4709 2266 4755 tem
2293 4708 2409 4754 erat
2434 4698 2575 4767 quod
2601 4698 2696 4761 ait,
2731 4696 2987 4751 Dominus
3012 4691 3297 4763 pravidebit
3329 4704 3469 4743 ovem
3509 4682 3718 4753 sacriﬁ-

2162 4795 2242 4846 cio
2274 4808 2389 4855 suo,
2432 4790 2532 4859 fili.
2576 4790 2728 4844 Sicut
2759 4788 2901 4843 enim
2938 4786 3026 4841 ille
3057 4784 3317 4853 incipiens
3346 4794 3590 4833 sermone
3620 4780 3714 4839 ait,

2162 4896 2310 4955 pater
2335 4899 2354 4938 :
2383 4886 2455 4939 ita
2496 4886 2596 4938 iste
2621 4882 2944 4951 consignatis
2974 4878 3217 4942 verbum,
3259 4875 3406 4937 dicit,
3430 4872 3525 4940 ﬁli.
3556 4870 3717 4923 Audi-

2164 4981 2241 5033 vit
2268 4993 2442 5038 Ovem.
2480 4988 2533 5032 et
2577 4976 2783 5046 accepit
2814 4984 2872 5027 ut
2917 4988 2945 5025 a
2989 4979 3165 5041 patre,
3196 4976 3377 5023 certus
3411 4965 3537 5036 quia
3576 4964 3719 5031 quod

2168 5072 2440 5127 inventum
2514 5070 2728 5125 interim
2792 5066 2906 5119 non
2963 5072 3120 5129 erat,
3176 5060 3525 5115 inveniretur.
3581 5053 3717 5109 Cum

2166 5173 2344 5219 autem
2389 5164 2759 5233 pervenissent
2807 5159 2869 5211 ad
2924 5158 3131 5219 locum,
3193 5151 3493 5206 aedificabat
3551 5149 3721 5201 Abra-

2167 5256 2291 5309 ham
2332 5252 2806 5314 festinansaltare,
2864 5259 2914 5303 et
2966 5264 3087 5304 cum
3128 5243 3538 5305 construxiSset,
3575 5255 3725 5295 mene

2172 5349 2323 5402 titur.
2367 5349 2432 5400 ad
2482 5346 2646 5399 lilium
2709 5340 3060 5413 promissione
3106 5338 3217 5410 (21)
3282 5350 3407 5406 quae
3466 5348 3560 5405 per
3616 5331 3727 5385 lino

2170 5453 2325 5508 guam
2370 5436 2543 5491 fuerat
2598 5433 2760 5488 facta.
2796 5446 2900 5487 non
2966 5438 3141 5485 tamen
3198 5438 3317 5482 eam
3373 5440 3492 5496 quae
3524 5427 3572 5479 in
3605 5437 3727 5477 cor-

2171 5535 2242 5588 de
2313 5538 2426 5585 erat
2500 5528 2778 5583 abscousa.
2845 5524 2911 5579 Et
2968 5521 3176 5579 accedit
3242 5527 3395 5591 pater
3456 5515 3740 5573 Abraham.

2244 5713 2351 5779 (2|)
2388 5708 2757 5767 Promissione.
2783 5708 2861 5766 An
2884 5703 3314 5763 cromissianem?
