4050 6206
466 230 600 287 1079

1128 230 1391 285 EUSEDII
1432 229 1903 286 (ἸΑΞΒΑΒΙΕΝΞΙΞΒ
1940 230 1998 285 Ol

2129 229 2306 283 PARS
2343 229 2432 286 ιν.
2470 260 2539 269 -
2572 228 2983 285 DOGMATICA.

3546 232 3694 290 ιοδο

465 362 514 406 et
556 350 759 404 accedit
787 351 853 401 ad
879 348 1045 411 Isaac,
1086 358 1141 401 et
1183 351 1309 418 ligat
1346 367 1359 402 :
1395 350 1562 403 lilimn
1596 351 1864 402 Abraham
1898 351 2016 418 ligas
2051 355 2095 409 Α
2127 359 2347 401 tionem.
2379 348 2598 415 Accepit
2643 347 2915 400 Abraham
2958 346 3252 399 secundum
3301 345 3490 401 ﬁlium.
3514 346 3692 407 Putas

464 443 557 501 vit,
585 455 641 493 ut
672 458 766 493 nec
793 441 1074 508 palpitans,
1103 456 1199 493 nec
1222 456 1278 493 se
1309 458 1529 495 movens
1561 445 1795 495 turbaret
1828 444 2018 494 immo-

463 532 735 586 lationem.
761 532 896 597 Quo,
931 544 1103 602 putas,
1136 533 1282 586 voltu
1310 536 1630 603 respiciebat
1662 536 1823 587 ﬁlium
1853 535 2021 587 Abra-

462 625 620 678 liam?
651 626 770 692 quis
803 626 848 678 ei
887 634 1006 678 erat
1049 626 1235 679 color?
1282 629 1727 694 quemadmodum
1759 628 1875 681 sine
1908 636 2018 679 tre-

460 731 609 769 more
650 730 841 768 manus
871 717 1271 783 operabantur?
1310 719 1453 785 quis,
1501 727 1680 786 putas.
1736 728 1860 771 tunc
1905 727 2021 770 erat

460 804 606 859 lsaac
638 806 688 857 in
722 807 804 859 his
835 808 1174 869 constitutus,
1212 818 1395 863 tacens
1454 818 1545 861 aut
1584 808 1842 876 loquens?
1871 808 2021 861 Seria

458 908 610 964 plura
630 899 770 951 etiim
814 900 911 952 hoc
949 901 1131 952 tacuit.
1163 900 1324 953 Putas
1364 901 1485 969 quia
1517 902 1677 969 justis
1708 902 1758 953 in
1791 900 1873 954 his
1907 915 2020 953 ser-

457 992 705 1061 monibus
743 1006 869 1043 usus
894 991 1010 1043 est?
1040 991 1154 1044 Noli
1185 994 1327 1045 enim
1359 994 1635 1047 attendere
1672 994 1715 1047 si
1742 1008 1893 1061 puer,
1924 994 2017 1047 sed

457 1083 579 1147 quia
616 1082 761 1135 Isaac
792 1092 911 1153 erat
952 1082 1092 1133 ﬁlius
1121 1084 1370 1138 Abrahae.
1419 1086 1581 1138 Putas
1631 1101 1735 1138 non
1774 1086 1905 1139 dixit
1950 1085 2014 1137 ad

458 1181 665 1238 patrem
714 1192 727 1226 :
763 1177 977 1243 quando
1005 1176 1144 1228 Deus
1174 1175 1495 1229 sacriﬁcium
1546 1175 1822 1228 hominum
1857 1176 2014 1242 depo-

454 1263 602 1315 scit?
632 1265 757 1333 quid
796 1266 966 1319 facis?
996 1268 1189 1320 donum
1232 1282 1348 1319 smn
1386 1267 1474 1323 Dei
1520 1285 1533 1321 :
1567 1267 1682 1319 sine
1705 1266 2014 1334 pmuitentia

454 1360 581 1404 sunt
609 1368 726 1419 quae
758 1370 785 1405 a
832 1353 938 1407 Deo
966 1366 1087 1407 sunt
1118 1356 1253 1408 dona
1288 1372 1300 1407 :
1332 1354 1455 1423 quid
1486 1355 1697 1422 spernis
1740 1354 2016 1424 gratiam?

453 1443 581 1508 quid
609 1457 795 1497 contra
840 1447 1165 1499 voluntatem
1202 1446 1453 1501 donantis
1488 1445 1750 1501 interﬁcis
1777 1447 2015 1500 donum?

454 1532 619 1587 lirant
658 1538 817 1590 multa
850 1554 969 1606 quae
1022 1539 1349 1590 dicerentur.
1387 1536 1495 1591 Cur
1521 1548 1697 1588 autem
1740 1546 1794 1589 et
1846 1546 2015 1589 mater

455 1642 558 1679 non
590 1630 837 1695 agnovit?
861 1632 904 1683 si
932 1632 1071 1682 enim
1102 1630 1421 1683 rationabile
1447 1640 1530 1682 est
1557 1629 1697 1695 quod
1726 1628 1804 1693 ﬁt,
1833 1643 1933 1681 cur
1960 1636 2014 1680 et

452 1735 479 1768 a
513 1723 678 1771 servis
709 1720 1040 1774 abseondisﬁ
1063 1722 1085 1773 ?
1109 1722 1151 1773 si
1179 1730 1357 1773 autem
1385 1730 1435 1772 et
1463 1721 1564 1773 hoc
1607 1718 1724 1773 ﬁeri
1772 1721 2010 1787 deberet,

452 1828 548 1863 t'ur
576 1814 702 1865 mihi
734 1813 829 1880 ipsi
867 1813 968 1869 hoc
1000 1813 1173 1881 ipsum
1207 1826 1313 1865 non
1347 1811 1519 1879 palam
1558 1811 1735 1863 facere
1764 1810 2016 1864 voluisti?

448 1904 878 1970 promissionem,
913 1920 1072 1971 quam
1116 1903 1295 1957 dixisti
1331 1902 1552 1970 exigens
1584 1920 1595 1961 ;
1634 1901 1810 1955 dixisti
1845 1902 2009 1965 enim,

448 1996 570 2061 quia
604 1995 742 2047 Deus
770 2012 909 2047 arent
937 1996 1220 2062 proridcbit
1249 1994 1510 2062 sacriﬁcio
1536 2011 1630 2047 suo
1659 2010 1677 2046 :
1718 1993 1888 2047 ﬁdelis
1931 2010 2011 2055 es,

449 2085 614 2139 redde
667 2086 898 2140 fructum
955 2086 1107 2147 ﬁdei,
1172 2097 1372 2155 utpote,
1435 2102 1552 2153 qua:
1601 2086 1805 2140 dixisti.
1848 2085 2013 2137 Erant

449 2180 610 2231 uiti-ita
649 2195 765 2247 qua:
799 2181 1122 2231 dicerentur.
1183 2179 1245 2232 Et
1288 2195 1392 2233 non
1427 2180 1612 2248 utique
1656 2195 1717 2231 ea
1765 2194 1882 2247 quae
1911 2193 2009 2231 nos

448 2268 674 2321 diciums
709 2289 719 2320 :
749 2269 860 2336 ipsa
891 2267 1101 2321 etiamsi
1139 2284 1242 2322 non
1269 2268 1373 2322 sint
1403 2269 1626 2337 scripta,
1650 2268 1756 2336 jam
1789 2283 1886 2321 nos
1913 2269 2010 2321 ad—

443 2360 646 2412 ducunt
674 2358 738 2411 ad
767 2374 901 2412 rem.
940 2359 1178 2412 Movetur
1209 2359 1349 2413 enim
1384 2374 1580 2414 sensus
1615 2370 2008 2428 consequenter

441 2460 501 2503 ut
554 2464 673 2503 sese
719 2451 987 2518 negotium
1044 2452 1226 2515 habet,
1258 2462 1313 2505 et
1346 2451 1697 2505 advenientes
1733 2466 1925 2505 sensus
1953 2451 2004 2504 in

442 2543 533 2597 illo
562 2553 688 2597 tunc
726 2554 963 2611 tempore
996 2544 1047 2596 in
1089 2560 1195 2613 quo
1225 2545 1339 2599 hazc
1367 2546 1664 2613 agebantur
1689 2547 2002 2614 cogitemus.

440 2631 499 2688 Si
532 2633 699 2687 tacuit
735 2632 911 2695 Isaac,
955 2634 1174 2698 grandis
1206 2633 1494 2687 admiratio
1528 2646 1611 2687 est
1655 2652 1668 2687 :
1717 2636 1759 2686 si
1793 2634 2007 2688 dicebat

439 2723 635 2777 iterum
674 2725 897 2793 aliquid,
929 2726 1031 2778 alia
1065 2726 1371 2779 admiratio.
1408 2726 1871 2792 Quemadmodmn
1911 2742 2005 2791 po-

438 2820 541 2870 tuit
591 2819 861 2873 sustinere
914 2818 1103 2887 pater?
1156 2818 1421 2885 quomodo
1468 2819 1761 2871 currebant
1813 2833 2004 2871 manus

437 2908 593 2977 ejus?
627 2908 730 2963 Sed
759 2911 874 2962 istae
903 2910 1294 2964 admirationes
1334 2910 1384 2962 in
1414 2908 1532 2960 aliis
1568 2908 1875 2963 hominibus
1908 2908 2003 2962 ha-

2128 440 2392 503 tristatus,
2438 440 2564 506 quia
2630 454 2739 491 non
2801 437 3026 506 perfecit
3078 448 3385 506 promptum
3442 442 3689 495 animum

2129 533 2326 584 suum?
2356 531 2449 584 sed
2507 531 2775 583 Abraham
2810 540 2913 591 est,
2959 530 3130 584 nescit
3182 532 3412 587 tristari.
3465 533 3691 600 Ignorat

2122 622 2469 691 prmscribere
2496 622 2545 673 id
2572 621 2712 687 quod
2755 618 2991 685 gaudens
3022 621 3229 687 accepit
3258 637 3271 671 :
3304 636 3406 674 non
3432 625 3555 691 quia
3575 640 3688 679 non

2121 716 2332 768 obtulit.
2369 715 2507 767 Deus
2548 713 2822 781 priore-pit,
2869 712 3105 779 gaudens
3150 713 3346 766 obtulit
3381 731 3393 765 :
3427 719 3517 770 sed
3553 719 3685 785 quia

2120 807 2172 860 in
2201 806 2344 859 nullo
2404 806 2717 859 iuobediens
2764 804 2882 857 fuit.
2937 800 3036 856 Ubi
3088 818 3216 870 ergo
3265 814 3348 857 est
3394 808 3688 874 prophetia

2118 913 2277 967 quam
2312 898 2385 949 ait
2416 897 2715 957 Abraham,
2763 893 2897 948 Deus
2952 894 3239 959 providebit
3282 896 3540 963 sacriﬁcio
3580 914 3685 950 suo

2119 990 2297 1043 ovem?
2326 987 2460 1040 Nunt
2493 988 2723 1041 otiosum
2756 986 2857 1038 erit
2909 985 3108 1038 altare?
3145 985 3280 1037 Num
3331 1002 3552 1041 vacuum
3594 999 3687 1043 to—

2120 1090 2228 1133 tum
2260 1078 2399 1147 quod
2429 1080 2624 1132 factum
2664 1078 2779 1131 est?
2807 1077 2939 1143 Quid
2974 1088 3147 1129 autem
3177 1092 3310 1144 opus
3345 1088 3455 1132 erat
3493 1082 3681 1136 videri

2116 1171 2301 1224 ludere
2335 1169 2538 1222 Deum?
2566 1169 2620 1223 Si
2650 1169 2791 1223 enim
2822 1170 2921 1223 iste
2951 1169 3161 1237 quidem
3190 1183 3293 1221 non
3330 1167 3673 1235 oﬂ’erebatur,

2117 1261 2259 1315 Deus
2296 1272 2469 1314 autem
2519 1262 2773 1329 praecepit
2818 1275 2940 1315 eum
2987 1260 3189 1323 oﬁerri,
3229 1260 3437 1314 oblatus
3465 1271 3666 1329 autem,

2117 1370 2221 1407 non
2253 1364 2336 1406 est
2361 1353 2568 1407 oblatus
2605 1372 2617 1407 :
2654 1354 2780 1420 quid
2807 1354 3167 1407 necessarium
3196 1362 3312 1406 erat
3341 1352 3392 1406 in
3422 1369 3475 1406 re
3500 1371 3513 1405 :
3538 1354 3669 1419 quid

2118 1447 2487 1498 necessarium
2539 1445 2704 1498 erat?
2746 1445 3029 1513 oportebat
3091 1444 3426 1512 prtel'ormari
3464 1443 3668 1499 Novum

2117 1534 2522 1589 Testamentum
2558 1550 2586 1587 a
2614 1534 2806 1588 Vetere
2828 1535 2850 1587 ?
2870 1546 2924 1592 et
2945 1535 3081 1601 apud
3104 1534 3315 1588 Judzeos
3345 1535 3557 1601 quidem
3585 1545 3677 1590 aut

2119 1641 2284 1693 parva
2314 1626 2664 1679 inveniuntur
2698 1626 2797 1679 ista
2828 1635 2919 1677 aut
2944 1626 3139 1678 otiosa.
3162 1625 3217 1677 Si
3260 1637 3439 1679 autem
3470 1626 3675 1681 Novum

2118 1717 2358 1770 additmn
2416 1715 2576 1770 fuerit
2618 1715 3046 1779 Testamentum,
3077 1726 3130 1768 ct
3185 1716 3363 1771 lumen
3417 1718 3679 1774 effulserit

2118 1822 2338 1873 verum;
2370 1808 2654 1863 utilissima
2684 1816 2738 1862 et
2786 1823 2889 1862 non
2928 1807 3121 1871 otiosa,
3163 1818 3218 1861 et
3270 1811 3576 1863 necessaria
3622 1819 3678 1864 et

2116 1916 2220 1953 non
2241 1898 2502 1969 superﬂua
2534 1900 2881 1969 apparebunt.
2903 1897 2957 1952 Si
2985 1899 3126 1953 enim
3153 1909 3207 1953 et
3236 1900 3671 1968 interrogaveri-

2117 2007 2235 2043 mus
2265 1990 2497 2054 Judzeos,
2528 2002 2585 2043 ut
2615 1991 2739 2059 quid
2787 1989 3115 2044 oll'ercbatur
3141 1990 3291 2044 Isaac
3328 1992 3419 2058 qui
3462 2008 3563 2044 non
3592 2000 3675 2044 est

2113 2083 2343 2143 oblatus,
2376 2082 2567 2136 incerti
2597 2090 2722 2135 sunt
2755 2092 2808 2135 et
2844 2083 3231 2150 imprudentes.
3277 2080 3334 2136 Si
3362 2095 3536 2137 autem
3571 2084 3672 2137 Ec-

2112 2175 2276 2227 clesia
2311 2175 2505 2229 dixerit
2538 2190 2656 2243 qua:
2684 2190 2808 2228 vera
2855 2185 3003 2239 sunt,
3037 2176 3158 2242 quia
3192 2176 3405 2229 oldatus
3434 2186 3516 2229 est
3561 2191 3668 2231 non

2112 2275 2169 2319 ut
2203 2264 2509 2328 offerretur,
2540 2266 2631 2319 sed
2668 2276 2724 2318 ut
2751 2278 3033 2333 appareret
3060 2267 3182 2335 quia
3224 2269 3341 2320 ovis
3371 2267 3508 2337 ligno
3535 2282 3671 2336 pen-

2113 2357 2273 2411 debat
2304 2373 2399 2427 pro
2426 2359 2660 2423 homine,
2709 2367 2764 2412 ut
2796 2359 3123 2412 liberaretur
3151 2360 3312 2411 homo
3363 2375 3392 2412 ιι
3447 2368 3617 2413 morte
3645 2376 3663 2414 :

2111 2467 2215 2503 non
2244 2452 2541 2504 concedunt
2589 2452 2744 2504 nobis
2774 2450 2943 2506 Juda‘i
2996 2453 3341 2522 magniﬁcare
3380 2460 3523 2505 vetus
3562 2466 3663 2521 per

2109 2542 2438 2611 agnitionem
2465 2543 2606 2596 oovi.
2635 2542 3086 2611 lnterrogavimus
3112 2544 3254 2595 enim
3270 2558 3378 2605 eos,
3401 2558 3559 2609 quam
3583 2542 3657 2596 ob

2107 2648 2323 2687 causam
2358 2634 2472 2687 11:20
2504 2635 2680 2688 oumia
2736 2635 2933 2688 fiebant
2980 2650 2994 2684 :
3041 2634 3254 2688 oblatus
3286 2651 3386 2687 non
3414 2633 3658 2689 oll'crtur.

2106 2722 2210 2777 Sed
2242 2725 2441 2787 dicent,
2478 2733 2534 2776 ut
2568 2735 2949 2794 agnosceretur
2981 2726 3255 2779 Abraham
3279 2744 3306 2777 a
3344 2725 3469 2779 Deo.
3498 2724 3662 2779 Late-

2104 2817 2195 2869 hat
2221 2817 2362 2870 enim
2390 2832 2509 2870 eum
2550 2828 2601 2871 et
2630 2828 2755 2870 ante
2786 2819 3132 2873 tentationem
3152 2818 3173 2870 ?
3196 2819 3301 2872 Sed
3326 2829 3381 2871 ut
3404 2818 3471 2870 ab
3491 2818 3667 2871 homi-

2106 2906 2285 2960 nibus.
2320 2907 2487 2961 Erant
2515 2906 2633 2975 ejus
2660 2919 2715 2962 et
2747 2908 2865 2962 alia:
2892 2911 3217 2963 tentationcs
3239 2910 3481 2977 plurimae
3512 2924 3528 2960 :
3564 2925 3663 2980 puo

441 2999 636 3055 bentur
668 3020 682 3055 :
720 3002 770 3053 in
802 3000 1073 3053 Abraham
1114 3010 1291 3054 autem
1326 2998 1596 3051 contraria
1622 3006 1742 3051 erat
1767 2998 1999 3050 admira-
2025 3037 2068 3094 ο
2105 3008 2186 3051 tas
2229 3001 2351 3067 quia
2377 3007 2434 3051 ut
2465 2999 2693 3053 sciretur
2740 3001 2870 3055 nihil
2920 3003 2978 3055 ﬁt
3018 3002 3282 3069 amplius?
3318 3011 3376 3054 ut
3430 3002 3664 3056 lucrare-

440 3094 531 3145 tio.
566 3091 713 3145 Finis
739 3099 917 3145 autem
944 3091 1213 3145 sermonis
1246 3108 1259 3143 :
1295 3089 1432 3143 forte
1461 3098 1717 3158 urgentur
1744 3090 1999 3144 uniuscu-

433 3184 627 3251 jusque
653 3182 864 3236 viscera
902 3200 914 3234 :
942 3191 996 3234 et
1036 3182 1175 3250 quod
1208 3190 1291 3235 est
1320 3182 1620 3234 mirandum
1653 3197 1665 3230 :
1699 3181 1827 3249 quia
1865 3182 1998 3235 certi

434 3286 501 3327 ex
551 3270 845 3339 Scripturis
877 3286 995 3340 quae
1040 3272 1147 3325 siut
1196 3280 1335 3332 acta,
1367 3281 1419 3324 et
1457 3272 1580 3340 quis
1627 3271 1787 3325 fuerit
1825 3272 2000 3325 exitus

439 3363 775 3431 negotiorum
805 3403 820 3425 ,
881 3374 1132 3430 tanquam
1182 3361 1547 3429 periclitantes
1592 3376 1876 3425 sermone,
1932 3378 1998 3416 ne

433 3452 561 3520 quid
587 3451 728 3504 aliud
754 3452 1059 3519 proveniret
1089 3453 1227 3520 quod
1262 3462 1341 3505 est
1369 3452 1652 3521 scriptum,
1684 3454 1752 3505 ita
1778 3453 1994 3506 solliciti

434 3555 644 3595 sumus.
688 3541 964 3608 Completa
1014 3540 1231 3595 fuerunt
1274 3541 1505 3595 Abrahae
1547 3542 1725 3594 omnia
1776 3558 1895 3609 qua:
1929 3543 1995 3595 ad

432 3633 772 3688 alacritatem
815 3632 1126 3685 tendebaut.
1158 3632 1380 3701 Ligatus
1411 3633 1477 3685 ab
1518 3642 1593 3687 co‘
1623 3634 1795 3687 fuerat
1831 3633 1990 3697 filius,

428 3724 769 3778 etexaltatos
798 3725 847 3776 in
876 3725 1064 3788 altare,
1090 3734 1142 3779 et
1165 3726 1372 3793 positos
1402 3740 1561 3793 supra
1590 3726 1752 3796 ligna,
1777 3736 1832 3780 et
1856 3725 1995 3780 ﬁlius

430 3820 657 3884 desuper
693 3816 939 3884 alligatus
967 3833 984 3870 :
1015 3826 1067 3869 et
1094 3827 1246 3883 pater
1280 3815 1435 3869 veldx
1463 3832 1617 3870 manu
1647 3817 1876 3883 gladium
1900 3833 1993 3885 ap-

428 3905 729 3973 prehendit.
756 3904 871 3971 Quo
891 3916 1110 3973 accepto
1132 3906 1453 3973 preperabat
1470 3906 1737 3967 occidere.
1763 3922 1867 3959 non
1891 3906 1991 3959 dif-

429 3996 608 4049 ferens
645 3998 842 4064 quippe
884 3996 1218 4049 alacritatem
1245 4011 1308 4049 ac
1336 3997 1555 4049 donum.
1587 3996 1713 4049 Erat
1734 4010 1910 4051 autem
1937 4008 1991 4053 et

428 4102 587 4140 manu
624 4097 676 4140 et
708 4088 986 4141 alacritate
1015 4087 1185 4155 patris
1212 4087 1462 4152 Abrahae,
1489 4088 1577 4141 Dei
1606 4089 1838 4143 Velocior
1866 4105 1984 4146 vox.
2005 4137 2019 4147 .

422 4179 697 4238 Abraham
725 4180 813 4247 qui
850 4177 1133 4232 alacritate
1159 4190 1529 4246 prmeesserat.
1553 4190 1823 4248 praecepto
1853 4196 1987 4248 pra:-

422 4283 614 4322 ventus
645 4279 725 4323 est
767 4270 881 4325 Dei.
912 4270 1200 4333 Abraham,
1237 4270 1538 4322 Abraham:
1574 4271 1653 4323 bis
1688 4270 1857 4323 utitur
1891 4287 1985 4326 vo-

2106 3103 2226 3140 mur
2252 3089 2341 3156 qui
2370 3098 2491 3155 post
2526 3090 2638 3144 haec
2680 3090 2867 3145 lucrati
2915 3092 3138 3144 sumus?
3168 3091 3304 3157 Quid
3355 3107 3489 3159 opus
3544 3100 3663 3145 erat

2101 3179 2239 3232 ove?
2269 3189 2393 3248 puta
2423 3180 2548 3247 quia
2577 3190 2629 3234 et
2672 3196 2772 3236 ove
2800 3200 2813 3235 :
2847 3198 2943 3236 cur
2994 3199 3100 3236 non
3138 3195 3321 3237 taurus
3368 3182 3663 3252 apparuit?

2100 3284 2199 3323 cur
2258 3287 2361 3323 non
2415 3288 2575 3340 capra
2623 3282 2713 3324 aut
2750 3273 2989 3327 vitulus?
3020 3292 3117 3328 cur
3166 3291 3269 3327 non
3328 3275 3434 3328 alia
3469 3288 3656 3341 ntagua

2101 3359 2420 3421 immolatio.
2453 3364 2543 3415 sed
2594 3364 2750 3416 ovis?
2778 3373 2899 3429 puta
2952 3369 3072 3433 quia
3127 3367 3264 3418 ovis.
3319 3365 3429 3420 Cur
3462 3380 3565 3418 non
3602 3366 3659 3418 in

2100 3463 2239 3505 terra
2269 3456 2380 3508 visa
2428 3468 2503 3509 est
2538 3458 2694 3509 ovis?
2746 3476 2845 3511 cur
2876 3475 2978 3511 non
3017 3470 3168 3511 extra
3218 3459 3409 3521 altare,
3455 3469 3547 3513 aut
3604 3460 3653 3511 in

2097 3545 2341 3596 coruinus
2370 3548 2615 3613 apparuit
2637 3548 2836 3602 altari?
2875 3550 2927 3603 Si
2958 3551 3171 3618 quidem
3207 3548 3486 3603 hominum
3518 3559 3658 3605 esset

2098 3632 2407 3688 adiureutio
2441 3644 2533 3687 aut
2568 3638 2885 3703 compositio
2939 3640 3004 3693 de
3050 3653 3170 3700 ove,
3198 3640 3486 3707 oportebat
3529 3639 3657 3693 alibi

2096 3722 2351 3778 inveniri.
2382 3723 2437 3777 Si
2470 3736 2646 3781 autem
2681 3728 2820 3782 Deus
2867 3746 2963 3797 pro
2995 3730 3213 3784 homine
3249 3745 3403 3783 ovem
3444 3731 3653 3798 prmhe~

2093 3816 2203 3878 hat,
2224 3816 2399 3871 subito
2428 3817 2480 3870 in
2514 3819 2628 3887 ipso
2658 3820 2773 3874 loco
2797 3823 2977 3875 debuit
3006 3823 3092 3873 ubi
3113 3832 3230 3875 erat
3256 3820 3427 3888 Isaac,
3456 3825 3506 3875 in
3539 3824 3651 3891 ipse

2092 3906 2284 3966 altare.
2318 3918 2406 3960 aut
2461 3910 2510 3962 in
2552 3922 2711 3973 terra,
2745 3914 3011 3980 autjuxta
3046 3916 3236 3975 altare,
3287 3924 3379 3966 aut
3430 3914 3653 3983 ligatqu

2092 3998 2157 4050 ad
2186 3999 2414 4053 radicem
2457 4002 2685 4056 arboris.
2724 4002 2873 4057 Nunc
2909 4016 3085 4057 autem
3131 4016 3360 4073 apparet
3403 4008 3516 4057 ovis
3562 4020 3655 4057 su-

2090 4104 2311 4157 Speusa,
2350 4101 2405 4145 et
2444 4109 2473 4146 a
2508 4095 2783 4157 cornibus,
2819 4108 2872 4150 et
2899 4112 3156 4165 suspensa
3189 4100 3240 4149 in
3276 4099 3488 4151 arbore.
3534 4094 3647 4147 Na-

2092 4190 2209 4235 tura
2249 4193 2428 4238 autent
2454 4186 2911 4255 interpretabatur
2942 4190 3081 4260 quod
3117 4200 3235 4242 erat
3269 4188 3551 4243 occoltum.
3582 4185 3640 4239 Si

2090 4274 2211 4341 quis
2240 4275 2384 4328 enim
2417 4280 2762 4345 suspenderit
2797 4295 2951 4334 ovem
2986 4296 3013 4332 a
3050 4280 3305 4335 cornibus
3333 4280 3384 4331 in
3421 4277 3641 4338 arbore,

420 4376 504 4425 ce,
539 4362 663 4431 quia
691 4368 744 4415 et
771 4361 838 4415 ab
872 4361 1027 4414 initio
1056 4362 1304 4430 praecepti
1352 4379 1366 4416 :
1408 4362 1533 4431 quia
1569 4362 1710 4417 enim
1765 4362 1899 4416 forte
1929 4372 1984 4417 et
2013 4372 2059 4430 ι)
2089 4364 2141 4418 id
2177 4368 2318 4433 quod
2348 4372 2614 4437 sequitur,
2651 4372 2855 4425 videbit
2883 4372 3022 4440 quod
3055 4382 3173 4426 erat
3225 4372 3481 4426 futurum.
3536 4367 3645 4423 Ne-

420 4452 667 4509 dubitare
696 4454 847 4522 (9.2):
882 4454 974 4508 sed
1002 4453 1264 4523 praevenit
1310 4454 1400 4522 qui
1445 4455 1698 4521 przucepil
1733 4474 1745 4508 :
1790 4456 1977 4509 eadem

418 4548 586 4600 utitur
607 4562 759 4601 voce.
795 4545 946 4600 Sicut
971 4547 1114 4601 enim
1144 4547 1277 4600 dixit
1312 4556 1489 4607 antea,
1514 4547 1796 4608 Abraham,
1819 4547 1981 4600 Abra-

418 4639 559 4699 ltem.
594 4640 771 4702 accipe
786 4639 953 4706 filium
988 4649 1135 4691 tuum
1167 4640 1485 4706 unigenitum
1536 4639 1689 4690 Isaac
1720 4655 1866 4707 quem
1894 4638 1979 4690 di-

416 4729 589 4780 lexisti
620 4747 639 4784 :
675 4727 744 4781 ita
775 4736 830 4781 et
853 4728 997 4791 istic,
1023 4727 1309 4791 Abraham,
1343 4727 1628 4780 Abraham.
1684 4726 1797 4795 Ipse
1830 4730 1974 4782 enim

414 4821 501 4885 qui
534 4818 621 4871 illa
649 4818 922 4887 praecepit,
953 4828 1006 4871 et
1040 4833 1183 4870 nunc
1232 4817 1497 4885 loquitur,
1550 4830 1605 4871 et
1656 4818 1807 4881 dicit,
1846 4817 1974 4872 Noli

411 4912 710 4981 contingere
729 4909 899 4979 ﬁlium
929 4920 1074 4961 tuum
1106 4910 1151 4942 ⁸ο
1180 4926 1195 4962 :
1235 4908 1405 4962 habeo
1435 4911 1653 4974 domuu,
1679 4909 1815 4963 habe
1838 4922 1889 4965 et
1919 4920 1972 4963 tu

412 5001 599 5056 ﬁlium.
633 5002 882 5056 Secundo
907 5000 997 5053 tibi
1024 5012 1077 5053 et
1104 5000 1206 5055 hoc
1233 5016 1425 5053 munus
1456 5000 1614 5053 dono.
1648 4999 1854 5055 liﬁ'ulsit
1883 5010 1969 5054 tua

405 5095 671 5159 ‘charilas,
700 5095 880 5164 agnita
912 5103 993 5148 est
1023 5093 1157 5147 ﬁdes
1189 5104 1299 5146 tua.
1338 5093 1504 5145 Erunt
1560 5095 1658 5145 ista
1693 5108 1811 5161 quae
1859 5109 1888 5146 a
1922 5104 1970 5148 te

409 5199 529 5243 acta
567 5200 713 5252 sunt,
777 5190 1081 5244 adhortatio
1120 5204 1307 5241 eorum
1341 5188 1431 5257 qui
1465 5197 1584 5257 post
1631 5186 1794 5241 futuri
1844 5201 1969 5242 sunt

411 5289 480 5331 te.
521 5280 904 5332 Derantabitur
941 5279 990 5332 id
1018 5279 1159 5353 quod
1198 5276 1394 5342 fecisti,
1434 5278 1483 5330 in
1513 5280 1795 5348 progenies
1821 5277 1967 5330 fulu-

409 5386 515 5425 tas.
554 5369 731 5423 llabcs
763 5371 994 5423 fructum
1020 5369 1162 5431 ﬁdei,
1201 5370 1370 5422 habes
1402 5379 1454 5423 et
1480 5369 1709 5423 fructum
1743 5370 1963 5435 ventris,

405 5460 574 5523 babes
602 5472 655 5513 et
680 5461 879 5515 sterilis
911 5462 1098 5527 tilium,
1131 5460 1295 5515 habes
1325 5470 1380 5514 et
1405 5476 1470 5515 ex
1503 5462 1670 5517 altare
1719 5459 1961 5516 immola-

475 5558 522 5589 ⁸⁸
556 5555 697 5611 Gen.
730 5574 864 5624 χχιι,
893 5558 979 5611 1‘2.

475 5651 587 5731 (£23)
625 5652 894 5709 Dubitare.
934 5650 1091 5711 Forte
1118 5656 1397 5708 άιιιιιωει.

2087 4473 2237 4512 cesse
2254 4460 2395 4514 enim
2423 4473 2503 4515 est
2530 4463 2684 4517 istam
2715 4466 2924 4533 quatita
2955 4467 3148 4533 pendet
3169 4467 3220 4518 in
3255 4463 3446 4518 arbore
3463 4479 3641 4525 ovem,

2084 4562 2361 4618 separatos
2394 4555 2697 4622 expandere
2733 4556 2894 4623 pedes
2925 4558 3165 4625 priores:
3194 4557 3295 4610 hoc
3313 4555 3456 4609 enim
3475 4570 3645 4623 expe-

2085 4642 2292 4697 ditovis
2323 4658 2442 4711 qua:
2488 4644 2559 4697 ita
2618 4647 2986 4715 suspenditur.
3041 4645 3275 4701 Necesse
3303 4655 3387 4701 cst
3413 4646 3557 4700 enim
3588 4656 3644 4699 et

2083 4734 2322 4803 separari
2348 4734 2463 4801 ejus
2489 4735 2579 4804 qui
2628 4737 2876 4792 deorsum
2912 4746 3037 4792 sunt
3077 4739 3265 4807 pedes.
3306 4736 3441 4792 Cum
3480 4738 3642 4806 igitur

2080 4828 2198 4881 ovis
2224 4842 2494 4896 suspensa:
2521 4829 2572 4881 iu
2601 4828 2766 4897 ligno,
2800 4830 2930 4883 etin
2961 4830 3151 4884 arbore
3169 4845 3417 4898 expansa:
3445 4830 3643 4885 fuerint

2082 4932 2273 4970 manus
2298 4928 2353 4971 et
2386 4918 2570 4986 pedes,
2618 4932 2791 4986 neque
2821 4918 3268 4989 interpretatione
3313 4920 3555 4989 indigent
3586 4919 3640 4973 hi

2078 5008 2166 5074 qui
2205 5009 2403 5063 habent
2439 5008 2624 5061 oculos
2655 5009 2871 5062 mentis.
2906 5008 3013 5063 Sed
3043 5011 3165 5079 quis
3191 5010 3382 5077 estqui
3420 5008 3639 5074 pericli—

2082 5099 2293 5153 labatur
2312 5100 2518 5155 occidi?
2572 5101 2753 5156 homo.
2815 5098 2950 5166 Quid
2983 5111 3065 5155 est
3093 5102 3234 5170 quod
3283 5116 3375 5170 pro
3421 5100 3638 5153 homine

2075 5188 2490 5246 immolabatur?
2539 5193 2656 5246 ovis
2684 5206 2943 5259 suspensa
2989 5193 3039 5245 in
3074 5194 3236 5261 ligno.
3266 5192 3546 5259 Tanquam
3589 5190 3634 5243 si

2077 5282 2277 5336 diceret
2306 5281 2449 5336 Deus
2477 5282 2542 5336 ad
2572 5282 2842 5336 Abraham
2876 5280 3025 5335 :Non
3059 5293 3180 5336 tuus
3208 5281 3513 5351 unigenitus
3542 5294 3635 5333 ne-

2074 5374 2347 5427 cessarius
2383 5391 2396 5425 :
2429 5376 2519 5428 sed
2548 5385 2730 5428 currat
2760 5374 2975 5444 quidem
3014 5373 3183 5428 forma
3211 5384 3499 5442 pertuum,
3519 5386 3635 5425 ser-

2074 5474 2232 5521 vctur
2260 5475 2438 5521 autem
2477 5481 2598 5522 meo
2625 5465 2908 5545 Uuigenito
2940 5468 3081 5537 quod
3105 5465 3181 5529 tit,
3211 5463 3285 5525 ιω
3315 5466 3432 5520 ovis
3467 5477 3631 5543 appa.
