4050 6206
371 282 506 343 1081

1468 282 1555 337 DE
1596 281 2192 339 RESURBECTIONE.
2230 317 2300 327 —
2337 283 2465 339 LIB.
2507 284 2551 341 ῐ.

3426 283 3563 342 108Ξ

344 399 450 453 rult
484 410 585 465 pro
616 396 857 459 homine,
887 403 940 451 et
975 397 1077 451 hoc
1116 396 1168 451 in
1202 398 1367 468 ligno,
1410 410 1464 454 et
1498 400 1600 454 hoc
1628 416 1907 467 suspensa,
1941 404 1983 459 Α
2014 411 2188 454 autem
2220 401 2424 456 electus
2453 401 2542 455 ille
2573 409 2628 455 et
2661 402 2750 470 qui
2795 410 2919 457 ante
2961 399 3102 456 Esau
3134 399 3309 455 factus
3343 411 3445 465 est,
3476 405 3560 458 vi-

340 499 397 544 et
424 490 526 544 hoc
551 492 702 557 cujus
727 490 995 544 haeserunt
1031 506 1220 544 manus
1262 502 1316 546 et
1369 494 1529 561 pedes
1561 504 1816 563 tauquam
1850 496 1901 549 iu

343 598 510 635 cruce
546 599 559 633 :
586 591 640 635 et
669 582 939 649 prophetia
984 582 1217 635 Abralue
1248 584 1477 638 ellicitur
1508 586 1723 653 duplex.
1756 584 1905 651 Quod

343 676 487 727 enim
520 673 613 738 ait,
658 672 795 726 Deus
829 675 1113 739 provitlebit
1157 692 1296 728 ovem
1343 677 1627 743 sacriﬁcio,
1675 676 1751 743 fili
1791 692 1809 729 :
1855 685 1908 730 et

348 777 475 820 tunc
504 768 627 832 quid
656 766 974 832 completum
1000 778 1084 819 est
1114 767 1165 818 in
1195 769 1613 834 comparatione,
1654 770 1907 821 servaba-

350 865 438 909 tur
462 866 634 910 autem
664 857 713 908 in
744 856 999 926 mysterio
1034 856 1266 909 veritati.
1298 858 1431 921 Quid
1470 856 1630 927 igitur
1673 858 1772 911 sibi
1799 856 1911 908 vult

349 946 453 1002 iste
482 963 654 1002 sermo
685 948 969 1001 incurrens
998 949 1284 1001 ostendere
1326 949 1449 1017 quia
1494 948 1765 1001 Abraham
1797 943 1906 1018 (23)

357 1046 517 1089 totam
556 1053 706 1091 suam
745 1037 908 1089 vitam
940 1039 1193 1106 transegit
1238 1039 1287 1091 in
1332 1040 1611 1109 angustiis,
1645 1040 1697 1092 in
1735 1050 1911 1093 tenta-

352 1126 601 1189 tionibus,
634 1128 685 1180 in
713 1126 1009 1181 doloribus.
1041 1127 1094 1180 Si
1118 1130 1258 1182 enim
1292 1130 1341 1182 in
1371 1132 1471 1183 ista
1503 1132 1608 1183 vita
1634 1146 1781 1199 spem
1819 1131 1912 1184 ha-

348 1222 518 1281 beret,
556 1219 837 1272 fraudatus
876 1231 1017 1273 esset
1047 1236 1075 1273 a
1127 1236 1241 1289 spe.
1292 1222 1423 1275 Cum
1479 1222 1640 1291 igitur
1698 1223 1909 1291 gloriati

348 1310 551 1364 fuerint
578 1308 747 1363 Judmi
799 1311 849 1363 in
897 1311 1190 1373 Abraham,
1223 1312 1596 1366 necessitatem
1641 1314 1911 1367 habelmnt

345 1414 398 1456 et
434 1403 882 1456 resurrectionem
905 1404 1166 1457 confiteri.
1198 1403 1308 1457 Hoc
1334 1404 1397 1456 ad
1428 1405 1567 1456 illam
1596 1404 1913 1458 Sadducaro—

348 1508 470 1547 rum
519 1503 753 1561 partem,
801 1492 888 1559 qui
944 1502 1143 1562 negant
1195 1507 1415 1562 prorsus
1462 1494 1910 1546 resurrectionem

348 1584 606 1645 futuram,
638 1596 784 1637 recte
809 1584 1098 1638 diceretur.
1126 1584 1258 1650 Quia
1288 1594 1464 1638 autem
1496 1583 1598 1637 alia
1639 1599 1783 1652 pars,
1811 1585 1914 1638 hoc

347 1686 433 1728 est
481 1674 893 1738 Pharisaeorum,
932 1676 1379 1729 resurrectionem
1425 1674 1642 1743 quidem
1689 1675 1913 1729 confite-

350 1774 462 1831 tur,
499 1767 946 1820 resurrectionem
975 1777 1152 1821 autem
1188 1767 1345 1821 talem
1392 1767 1525 1820 dicit
1569 1765 1824 1829 futuram,
1856 1775 1912 1818 ut
1943 1749 1986 1806 Β
2017 1776 2205 1830 Dicam
2234 1774 2397 1843 igitur
2426 1774 2579 1827 nobis
2605 1770 2771 1825 ,ἰηιιωί

351 1858 547 1912 iterum
577 1860 925 1912 manducctur
958 1869 1010 1911 et
1041 1858 1274 1922 bibatur,
1320 1868 1373 1910 et
1399 1856 1661 1927 conjugiis
1701 1865 1911 1922 utatur;

352 1958 413 2001 ut
448 1964 515 2003 ne
535 1950 747 2017 quidem
778 1960 1116 2018 resurgentes
1161 1960 1375 2003 cessent
1419 1950 1809 2019 manducantes
1860 1958 1915 2004 et

353 2040 616 2106 bibentes,
640 2050 691 2093 et
723 2041 984 2109 conjugiis
1006 2056 1063 2095 se
1095 2042 1480 2111 conjnugentes
1507 2060 1519 2096 :
1553 2053 1743 2096 venter
1768 2042 1911 2097 enim

353 2131 521 2199 magis
542 2139 665 2186 sunt
685 2148 843 2200 qnam
876 2132 1137 2186 homines.
1181 2133 1243 2186 Et
1273 2134 1410 2187 sicut
1436 2134 1650 2204 quidam
1680 2134 1915 2188 morien-

353 2223 483 2275 tium
511 2223 599 2290 qui
635 2233 759 2277 ante
810 2222 959 2277 fuere
995 2224 1044 2277 in
1096 2224 1306 2279 deliciis
1361 2226 1680 2289 viventium,
1718 2234 1913 2295 putant

349 2325 472 2365 esse
505 2310 756 2364 fraudare
782 2311 895 2379 (Ἡ)
921 2314 1021 2367 ista
1052 2314 1157 2367 vita
1193 2314 1244 2368 in
1281 2326 1472 2380 morte,
1503 2316 1555 2369 in
1596 2332 1915 2369 monumen-

352 2402 446 2462 tis,
474 2411 529 2455 et
558 2403 698 2455 circa
730 2403 923 2473 januas
956 2406 1326 2475 sepulcrorum
1383 2409 1700 2476 semetipsos
1729 2408 1903 2477 depin-

346 2503 498 2562 guut,
529 2502 582 2546 et
607 2493 690 2546 vel
726 2496 777 2547 in
809 2497 1146 2566 imaginibus,
1177 2510 1232 2551 et
1283 2509 1403 2568 post
1428 2508 1657 2552 mortem
1690 2500 1915 2553 mandu-

344 2594 509 2638 cant:
544 2584 618 2637 ita
652 2594 706 2640 et
731 2584 1039 2641 Judworum
1092 2589 1351 2643 Pharisaei
1378 2589 1562 2643 volunt
1591 2601 1642 2643 et
1672 2600 1792 2659 post
1833 2604 1915 2644 re-

345 2677 742 2730 surrectionem
774 2686 1024 2746 tanquam
1047 2678 1243 2749 depicti
1277 2683 1468 2734 iterum
1516 2684 1837 2736 manducare
1863 2692 1914 2734 et

349 2766 563 2833 bibere,
599 2777 652 2821 et
679 2770 804 2822 nubi
838 2780 891 2823 et
920 2770 1141 2825 nubere.
1195 2771 1534 2827 llecumbunt
1578 2774 1718 2826 enim
1750 2783 1802 2827 et
1830 2775 1914 2842 pi-

346 2860 521 2912 cturis
556 2860 694 2928 apttd
746 2861 1070 2925 istiusmodi,
1096 2872 1148 2917 et
1180 2865 1429 2919 meliores
1481 2881 1590 2919 suae
1639 2866 1773 2936 (25).
1807 2866 1913 2920 Nos

348 2960 529 3005 autem
563 2953 915 3021 przcsiliamus
938 2956 1005 3009 ad
1054 2956 1105 3009 id
1157 2958 1297 3027 quod
1345 2973 1526 3011 verum
1553 2970 1652 3013 est.
1684 2959 1738 3012 Si
1771 2960 1913 3015 enim

355 3044 480 3098 talis
527 3055 672 3099 esset
698 3047 1043 3112 resurrectio,
1071 3063 1454 3105 excusaremus
1489 3052 1675 3122 utique
1728 3068 1911 3105 resur-

350 3151 499 3205 gere.
550 3135 745 3191 lterum
793 3140 933 3193 enim
966 3154 1275 3211 exsurgere,
1313 3153 1368 3196 et
1407 3158 1565 3197 arare
1594 3152 1649 3197 et
1688 3153 1906 3210 metere,
1935 3120 1978 3177 θ

351 3229 543 3282 iterum
577 3232 901 3286 manducare
926 3242 981 3286 et
1018 3233 1222 3295 bibere,
1262 3235 1455 3289 iterum
1484 3235 1705 3303 spoliari
1742 3244 1792 3288 3t
1818 3251 1911 3288 ve-

350 3320 490 3385 stiri,
525 3320 717 3374 iterum
754 3322 989 3378 dormire
1034 3335 1087 3378 et
1138 3326 1385 3395 vigilare.
1435 3326 1537 3380 Sed
1572 3328 1912 3383 advertatnns

348 3411 475 3479 quid
492 3412 629 3465 dicat
656 3414 965 3480 Apostolus:
989 3415 1113 3470 Siin
1139 3418 1238 3471 ista
1264 3419 1365 3471 vita
1391 3435 1527 3487 spem
1542 3418 1842 3470 haberemus
1860 3422 1911 3472 in

346 3501 575 3567 Christo,
600 3506 1002 3560 miserabiliores
1024 3509 1264 3561 omnibus
1288 3509 1582 3562 hominibus
1598 3525 1821 3563 essemus
1844 3509 1909 3565 ³¹.

351 3592 407 3647 Si
437 3595 579 3647 enim
612 3596 680 3649 ita
707 3599 892 3650 statuit
918 3599 1056 3652 Dens
1088 3608 1148 3651 ιιι
1172 3600 1222 3652 ἰιι
1250 3601 1379 3669 ipsis
1405 3602 1598 3654 iterum
1632 3601 1821 3666 simus,
1855 3609 1913 3654 ut

347 3686 474 3754 quid
502 3702 598 3741 nos
620 3697 672 3740 et
700 3688 978 3757 quiescere
1004 3689 1168 3744 facit?
1221 3690 1332 3746 lloc
1382 3692 1525 3745 enim
1575 3691 1805 3747 ludentis
1830 3701 1914 3747 est

348 3778 547 3843 potius,
579 3780 873 3835 concedere
908 3784 1064 3845 mori,
1103 3794 1156 3837 et
1187 3784 1379 3836 iterum
1412 3784 1477 3836 ad
1522 3784 1690 3852 ipsam
1732 3800 1913 3837 resur—

348 3882 473 3934 gcre
506 3870 687 3924 vitam.
752 3871 805 3924 Si
849 3874 993 3925 enim
1039 3874 1110 3926 ita
1163 3888 1584 3940 resorgeremus,
1631 3878 1911 3943 oportebat

347 3961 620 4014 Abraham
651 3972 708 4015 ιιι
747 3979 850 4017 ιιοιι
889 3964 1159 4019 amitteret
1189 3981 1306 4035 quzc
1338 3966 1423 4019 hic
1462 3976 1606 4031 sunt,
1640 3965 1750 4032 jam
1787 3983 1911 4036 per-

347 4050 455 4105 frui
485 4068 545 4107 ea
581 4070 700 4122 qua:
738 4065 879 4110 esset
908 4057 959 4110 in
996 4057 1445 4112 resurrectionem
1474 4068 1815 4127 accepturus.
1853 4059 1909 4114 Si

352 4146 495 4198 enim
535 4163 658 4201 cum
690 4148 964 4218 voluptate
1016 4150 1201 4203 bibere
1226 4161 1278 4202 et
1310 4151 1513 4218 epulari
1542 4151 1648 4203 vita
1701 4160 1816 4215 est;
1854 4151 1908 4204 in

348 4250 669 4308 quacunque
701 4240 828 4293 hora
857 4255 959 4294 non
978 4257 1097 4295 cum
1118 4240 1388 4309 voluptate
1412 4242 1665 4308 bibimus,
1693 4242 1911 4297 frauda-

351 4344 531 4385 remus
560 4347 587 4383 a
615 4335 742 4386 vita.
769 4332 874 4387 Sed
911 4350 1035 4388 vere
1056 4333 1357 4387 Judreorum
1390 4346 1562 4388 venter
1581 4346 1652 4388 est
1687 4340 1813 4389 deus
1843 4337 1908 4400 “,

342 4421 485 4474 sicut
516 4423 647 4475 dicit
692 4422 905 4487 Paulus,
940 4425 1030 4495 qui
1065 4435 1151 4480 est
1197 4441 1261 4478 ex
1306 4424 1523 4490 Judaais,
1560 4430 1648 4496 qui
1696 4427 1911 4483 Jndaeos

347 4514 561 4578 quidem
606 4530 797 4582 passus
843 4532 947 4570 non
982 4527 1083 4578 est,
1117 4520 1327 4572 veritati
1378 4522 1520 4574 enim
1584 4521 1812 4573 credidit
1856 4521 1908 4574 in

343 4601 580 4660 Christo.
607 4607 743 4672 Quid
781 4617 960 4661 autem
990 4611 1165 4663 dicent
1196 4609 1348 4664 nobis
1398 4622 1454 4665 et
1496 4613 1555 4665 de
1600 4611 1768 4672 Isaac,
1817 4613 1907 4681 qui

337 4694 450 4762 jam
483 4698 713 4753 habebat
741 4700 977 4754 dolorem
1011 4701 1430 4757 immolationis?
1481 4703 1678 4757 llabuit
1723 4715 1905 4758 autem

343 4799 397 4842 et
428 4801 545 4858 post
571 4794 682 4847 haec
704 4793 919 4847 easdem
956 4795 1098 4863 ipsas
1127 4796 1518 4857 tribulationes,
1555 4813 1689 4867 quas
1723 4809 1776 4850 et
1811 4814 1906 4866 pa-

349 4893 452 4941 ter.
483 4886 739 4957 Conjugis
769 4892 985 4956 inquam
1010 4903 1141 4952 suae,
1168 4905 1287 4958 qua:
1318 4904 1507 4959 parere
1539 4907 1640 4943 non
1674 4901 1902 4957 poterat,

350 4982 660 5047 nuptiarum
696 4996 1001 5045 maerorem,
1047 4985 1506 5036 commanentium
1543 4984 1904 5049 deceptiones,

346 5067 564 5126 fraudes
589 5073 852 5127 laborum.
880 5074 1001 5129 litec
1031 5077 1195 5129 donat
1229 5075 1367 5129 Deus
1396 5076 1528 5138 suis,
1559 5076 1792 5138 dolores,
1824 5079 1912 5132 tri-

345 5157 670 5228 bnlationes,
704 5165 997 5233 angustias.
1030 5164 1085 5219 Si
1118 5164 1256 5220 Deus
1289 5167 1401 5220 hare
1441 5166 1722 5233 promisit:
1748 5166 1912 5223 Jacob

412 5300 456 5331 ³¹
494 5298 656 5355 lCor.
690 5316 779 5363 xv,
814 5302 899 5356 i9.
968 5302 1012 5333 ³⁸
1049 5300 1279 5366 Philipp.
1304 5316 1385 5364 ιιι,
1415 5301 1500 5356 19.
1573 5300 1619 5332 ³³
1651 5302 1785 5357 Gen.
1818 5319 1911 5357 xxx

2017 5305 2089 5359 ιο.
2157 5303 2203 5335 ³³
2229 5302 2458 5356 Malach.
2488 5317 2528 5360 ι.
2563 5300 2632 5361 5;
2671 5297 2826 5351 Rom.
2860 5314 2937 5361 ιι,
2965 5297 3051 5351 15.

416 5434 527 5500 (9.5)
554 5434 714 5489 Forte
746 5452 843 5505 per
873 5438 1371 5499 interrogationem,
1421 5434 1561 5500 Quid
1610 5439 1774 5504 igitur
1810 5441 1909 5492 sibi

343 5510 448 5562 ruit
472 5510 568 5558 iste
598 5523 768 5559 sermo
792 5511 1061 5559 incurrens
1084 5507 1108 5559 2'
1131 5515 1187 5557 ut
1210 5508 1485 5575 responsio
1509 5508 1597 5571 sit,
1626 5509 1911 5563 Ostendere

341 5595 462 5649 quin
488 5576 775 5649 Abraham,
810 5586 916 5629 etc.

414 5648 525 5717 (‘25)
570 5648 665 5719 his.
706 5644 903 5719 Putant
935 5663 989 5699 se
1023 5646 1294 5714 fraudare.
1322 5646 1460 5713 Quid
1502 5649 1544 5705 si
1580 5649 1777 5719 potius,
1816 5667 1909 5718 pu-

342 5716 513 5779 tantes
533 5733 587 5770 se
615 5716 887 5784 fraudare.

2008 494 2141 563 giuti
2177 502 2229 548 et
2277 510 2440 546 unmn
2497 510 2664 547 annos
2734 495 2941 556 serviit,
2991 504 3115 547 tunc
3166 493 3404 546 maxime
3435 508 3560 547 cum

2009 586 2367 639 adolescentia
2403 585 2451 638 ei
2482 585 2643 638 dabat
2670 586 2871 653 epulari
2904 605 2917 639 :
2958 596 3013 637 et
3057 586 3109 638 in
3166 585 3403 654 paternis
3434 585 3561 637 dum

2009 686 2207 745 ageret,
2241 686 2522 745 suspectus
2558 687 2668 730 erat
2704 693 2768 730 ne
2802 678 3141 732 occideretur
3176 694 3204 730 a
3243 677 3410 731 fratre
3444 692 3459 729 :
3511 684 3568 731 et

2010 768 2064 821 in
2097 769 2267 822 soceri
2300 769 2455 821 domo
2488 784 2676 822 servus
2731 785 2744 821 :
2792 770 2842 823 in
2898 770 3089 823 itinere
3125 779 3299 822 autem
3334 768 3562 837 lapidem

2010 865 2160 929 ponit
2190 861 2289 914 sub
2319 862 2493 927 capite
2546 878 2661 925 suo,
2694 872 2748 916 et
2792 879 2913 915 cum
2957 864 3102 931 virga
3144 864 3253 916 sola
3308 862 3565 915 ambulat.

2009 950 2135 1006 "rec
2160 952 2456 1004 nuditatem
2486 951 2699 1018 quidem
2732 952 3037 1020 siguilicant
3078 952 3245 1019 ipsius
3274 950 3508 1006 hominis
3546 967 3561 1004 :

2011 1052 2351 1097 sacramenta
2379 1054 2554 1095 autem
2602 1059 2719 1111 qua:
2759 1059 2850 1111 per
2877 1042 3041 1098 Jacob
3080 1044 3300 1105 fiebant,
3358 1053 3564 1113 petram

2011 1143 2415 1202 supportatttem
2445 1142 2607 1200 caput
2638 1132 2784 1199 ejus,
2812 1134 2900 1203 qui
2946 1136 3369 1202 persecutionem
3400 1135 3567 1202 patie-

2013 1224 2209 1275 batur:
2248 1232 2302 1276 et
2334 1222 2481 1290 virga
2519 1223 2569 1275 in
2605 1238 2762 1275 manu
2796 1223 3087 1276 ostendens
3138 1224 3275 1277 viam
3326 1223 3565 1292 fugienti.

2011 1320 2121 1385 Ego
2147 1331 2275 1372 sane
2304 1316 2477 1370 audivi
2508 1314 2671 1371 JaCob
2699 1318 2985 1383 dicentem,
3008 1318 3127 1385 quia
3149 1333 3236 1383 per
3260 1318 3395 1370 diem
3418 1333 3570 1370 com-

2010 1411 2118 1463 edit
2157 1424 2273 1460 eum
2313 1407 2472 1458 ardor
2506 1391 2669 1465 solis;
2709 1416 2757 1459 et
2804 1407 2970 1475 frigus
3016 1424 3216 1469 semper
3254 1424 3342 1471 per
3372 1416 3570 1458 noctem

2011 1501 2172 1553 sensit
2205 1499 2269 1551 ³³.
2309 1498 2363 1550 Si
2415 1498 2511 1550 ista
2572 1498 2851 1552 beatitudo
2885 1508 2985 1563 cst,
3025 1500 3176 1553 \‘alde
3207 1499 3388 1551 odihat
3439 1498 3572 1551 Deus

2011 1586 2201 1653 Jacob,
2238 1588 2375 1641 Esau
2428 1596 2545 1640 erat
2600 1598 2779 1640 autem
2838 1587 2889 1640 in
2949 1587 3171 1639 deliciis.
3225 1587 3395 1639 Audio
3449 1598 3573 1637 sane

2016 1684 2181 1735 Deum
2206 1680 2468 1734 dicentem
2506 1695 2519 1731 :
2546 1676 2708 1730 Iacob
2736 1679 2917 1738 dilexi,
2957 1676 3097 1729 Esau
3139 1687 3309 1729 autem
3347 1677 3483 1729 oa'wt
3507 1675 3574 1728 ³⁸.

2817 1791 2829 1825 :
2870 1770 2914 1823 si
2966 1770 3065 1822 iste
3093 1779 3173 1823 est
3205 1767 3408 1820 fructus
3448 1783 3545 1834 pro

2018 1866 2313 1928 missionis,
2350 1866 2394 1920 si
2426 1866 2523 1919 ista
2566 1874 2649 1918 est
2672 1878 2811 1932 spes.
2849 1877 2974 1915 num
3003 1862 3120 1916 odit
3150 1860 3289 1914 Deus
3313 1858 3480 1913 Jacob
3510 1860 3574 1915 de

2016 1970 2123 2029 quo
2164 1961 2315 2026 dicit,
2350 1959 2475 2029 quia
2525 1956 2727 2011 dilexi?
2757 1954 2859 2009 Sed
2913 1964 3039 2011 tunc
3081 1970 3203 2008 cum
3245 1953 3499 2006 liberatus
3544 1967 3575 2008 tt

2017 2051 2278 2106 servitute
2307 2058 2473 2113 esset,
2503 2061 2679 2101 nonne
2734 2045 2867 2115 fugit
2892 2054 2949 2098 ut
2979 2044 3316 2099 salvaretur?
3346 2042 3577 2113 Fugiens

2017 2152 2196 2194 autem
2237 2156 2338 2195 non
2367 2149 2446 2193 est
2488 2138 2934 2207 comprehensus,
2985 2145 3039 2191 et
3081 2136 3133 2190 in
3175 2136 3365 2188 timore
3395 2132 3577 2188 stetit?

2018 2231 2123 2287 Sed
2153 2232 2365 2302 fugiens
2399 2231 2771 2299 insequentem
2805 2243 2862 2283 se
2888 2244 3132 2283 socerum
3174 2241 3347 2281 nonne
3381 2239 3579 2278 occur-

2019 2326 2087 2379 rit
2115 2326 2261 2378 fratri
2292 2323 2431 2377 sno?
2466 2336 2643 2376 nonne
2695 2321 2856 2376 timor
2905 2321 3083 2375 timori
3116 2317 3415 2374 successit?
3474 2316 3580 2371 Sed

2018 2417 2142 2485 quia
2171 2417 2428 2468 liberatus
2447 2423 2500 2467 et
2522 2413 2589 2465 ab
2624 2413 2725 2465 isto
2752 2420 2870 2466 est:
2901 2426 3077 2464 nmine
3111 2410 3299 2463 habuit
3337 2409 3388 2461 in
3422 2420 3582 2461 sene-

2018 2518 2162 2562 ctute
2192 2507 2309 2560 sine
2334 2504 2700 2558 consolatione
2726 2501 2997 2555 dolorem?
3025 2498 3221 2552 Habuit
3248 2499 3387 2553 enim
3415 2496 3583 2551 Jaeob

2029 2611 2081 2655 et
2116 2600 2276 2652 alium
2305 2596 2471 2649 Isaac.
2508 2593 2725 2659 Habuit,
2759 2593 2999 2661 inquam,
3031 2589 3252 2657 Joseph,
3310 2588 3458 2642 illum
3490 2589 3583 2641 bo-

2021 2703 2146 2741 mtm
2192 2696 2246 2740 et
2297 2685 2548 2739 dilectum
2588 2683 2713 2748 sibi,
2768 2682 2960 2735 bonam
3019 2679 3326 2748 progeniem
3383 2691 3581 2730 suam:

2019 2790 2261 2828 amarum
2292 2783 2471 2826 autem
2504 2772 2571 2824 de
2601 2786 2663 2823 eo
2689 2769 2950 2824 dolorem.
2986 2768 3050 2821 Et
3076 2768 3262 2821 habuit
3291 2766 3504 2835 quando
3531 2775 3583 2820 et

2018 2866 2219 2920 srerilis
2255 2876 2373 2919 erat
2406 2875 2459 2918 et
2501 2863 2660 2916 istius
2691 2872 2889 2924 mater,
2915 2873 2970 2915 et
2993 2858 3163 2913 Jacob
3199 2873 3302 2911 nou
3334 2858 3584 2911 cessabat

2022 2958 2248 3011 orando.
2274 2956 2391 3011 Jam
2431 2964 2610 3010 autem
2636 2964 2691 3008 et
2728 2954 2779 3007 in
2805 2951 3153 3023 opprobrium
3182 2961 3317 3003 erat.
3350 2950 3584 3004 Dellehat

2022 3051 2163 3104 enim
2202 3049 2420 3112 sterilis,
2456 3057 2512 3102 et
2535 3032 2842 3101 dicebat'ad
2868 3046 3040 3098 virum
3078 3061 3091 3096 :
3125 3044 3203 3096 Da
3240 3041 3365 3125 tui/ri
3394 3040 3583 3109 ﬁlium,

2022 3150 2112 3193 aut
2144 3140 2342 3193 moriar
2368 3139 2434 3194 ³⁸.
2477 3139 2644 3194 Soror
2673 3146 2988 3208 exaggerat.
3021 3136 3245 3191 Ancillae
3290 3132 3583 3198 habebant,

2021 3246 2075 3286 et
2103 3234 2267 3288 libera
2322 3249 2426 3288 non
2473 3233 2724 3288 habebat.
2767 3232 2947 3296 Dolor,
2979 3232 3234 3301 gemitus,
3285 3238 3339 3283 et
3370 3225 3586 3283 tristitia

2020 3334 2137 3379 erat
2167 3326 2379 3379 iisdem.
2412 3325 2515 3379 Sed
2547 3326 2802 3378 misertus
2825 3334 2908 3377 est
2932 3324 3012 3377 eis
3032 3323 3323 3391 aliquando
3349 3320 3506 3384 Deus,
3531 3327 3588 3373 et

2024 3429 2184 3472 natus
2239 3428 2323 3473 est
2367 3416 2563 3486 Joseph
2611 3417 2699 3470 ille
2747 3419 2919 3470 bonus
2968 3416 3223 3483 undique,
3251 3427 3480 3483 corpore
3530 3411 3585 3464 in

2022 3520 2252 3573 tauttttn,
2286 3521 2548 3577 quantum
2581 3517 2810 3562 testatur
2850 3522 2968 3575 qua:
3012 3507 3153 3560 victa
3203 3516 3306 3569 est,
3352 3513 3584 3557 mentem

2022 3615 2203 3655 autem
2232 3602 2343 3672 (26)
2373 3610 2632 3671 quantum
2669 3609 2899 3652 testatur
2940 3609 3091 3667 pater
3122 3614 3135 3650 :
3177 3596 3265 3664 qui
3316 3609 3585 3665 prter-oga-

2026 3693 2102 3745 vit
2128 3693 2235 3753 his,
2267 3692 2356 3759 qni
2408 3699 2566 3743 antea
2599 3687 2817 3741 fuerant
2863 3687 2998 3740 nati.
3038 3685 3289 3741 Testatur
3318 3693 3496 3737 autent
3529 3692 3585 3734 et

2022 3786 2163 3853 apud
2212 3784 2504 3855 {Egyptum
2556 3780 2907 3849 dispensatio,
2958 3794 3077 3848 qua:
3135 3787 3245 3831 toto
3308 3775 3451 3830 facta
3504 3786 3588 3827 eSt

2023 3880 2241 3933 mundo.
2280 3877 2530 3931 Testatur
2575 3886 2628 3931 et
2667 3874 2892 3929 scientia
2941 3872 3134 3942 lingua:
3166 3884 3324 3940 quam
3366 3868 3585 3936 ignora-

2021 3971 2110 4024 bat
2146 3988 2161 4024 :
2188 3979 2240 4022 et
2266 3968 2532 4021 mirabilia
2570 3965 2934 4020 intellectibus
2959 3963 3108 4029 pueri
3139 3970 3319 4024 erant;
3352 3959 3444 4013 sed
3469 3958 3585 4027 pul-

2020 4061 2356 4114 chritudines
2391 4060 2473 4112 hac
2502 4058 2741 4124 salvatzc,
2772 4056 3045 4109 ltctilicaut
3077 4074 3090 4109 :
3118 4048 3375 4106 bonorum
3404 4060 3583 4101 autem

2022 4168 2180 4207 casus
2228 4154 2347 4205 sine
2378 4152 2569 4203 Solatio
2600 4150 2835 4203 dolorem
2869 4148 3147 4217 parabant.
3180 4143 3307 4197 Erat
3341 4143 3503 4213 igitur
3532 4142 3586 4193 in

2023 4252 2214 4299 timore
2246 4246 2413 4313 patris
2437 4240 2634 4310 Joseph
2664 4258 2677 4294 :
2709 4253 2763 4295 et
2790 4258 2913 4296 cunt
2971 4242 3184 4293 adesset
3222 4254 3342 4293 eum
3386 4251 3470 4297 eo,
3521 4252 3587 4288 ue

2019 4339 2160 4392 forte
2204 4336 2325 4389 talis
2370 4352 2473 4388 non
2506 4343 2847 4405 permaneret
2882 4332 3154 4387 salvator:
3186 4331 3256 4383 ita
3289 4327 3582 4387 mordebat,

2018 4440 2071 4484 et
2101 4431 2345 4482 timorem
2375 4426 2655 4490 ingerebat
2683 4427 2823 4495 patri
2853 4441 2949 4495 per
2979 4440 3042 4478 ea
3079 4438 3196 4491 quae
3247 4421 3585 4490 loquebatur,

2018 4538 2112 4591 per
2134 4538 2193 4576 ea
2224 4536 2341 4589 qua:
2371 4520 2570 4585 aiebat,
2622 4535 2716 4589 per
2762 4535 2824 4573 ea
2873 4533 2991 4587 qua:
3018 4516 3247 4569 tacebat.
3288 4513 3424 4581 Quid
3456 4525 3587 4581 ergo

2017 4616 2139 4685 quia
2164 4612 2360 4685 Ioseph
2382 4625 2496 4667 erat
2526 4613 2668 4674 talis,
2698 4622 2751 4666 et
2776 4610 3044 4666 secundus
3076 4608 3220 4662 solus
3245 4606 3430 4660 matris
3453 4618 3583 4665 sum,

2015 4722 2068 4763 et
2108 4708 2339 4763 dilectus
2368 4707 2534 4775 patri,
2562 4715 2614 4758 et
2640 4704 2839 4759 fratres
2867 4703 3082 4772 quidem
3112 4697 3586 4769 ejusmittebantur

2014 4815 2072 4856 ut
2105 4809 2387 4870 pascerent
2418 4813 2631 4868 gregem
2666 4815 2680 4849 :
2733 4794 2930 4862 Joseph
2958 4803 3138 4845 autem
3168 4791 3233 4843 ad
3261 4789 3578 4842 charitatent

2017 4891 2195 4961 patris
2228 4905 2332 4942 non
2367 4900 2446 4941 est
2480 4890 2678 4941 missus
2707 4902 2827 4940 cum
2871 4884 3158 4944 fratribus;
3187 4880 3310 4949 Quia
3355 4877 3586 4932 habebat

2018 4984 2256 5037 tunicam
2291 4981 2621 5049 singularem
2651 4979 2717 5030 ad
2751 4977 3078 5044 agnitionem
3114 4973 3382 5043 pra-cipue
3404 4968 3584 5024 chari-

2021 5078 2168 5131 tatis.
2202 5074 2314 5128 Non
2346 5072 2630 5127 suffecerat
2654 5069 2819 5124 Jacob
2850 5069 3027 5123 fratris
3055 5068 3208 5133 livor,
3237 5066 3416 5118 fratris
3446 5062 3586 5116 invi-

2022 5169 2129 5232 dia,
2165 5167 2399 5221 servitus
2432 5166 2483 5219 in
2518 5163 2970 5233 peregrinatione,
3007 5162 3128 5232 fuga
3153 5179 3182 5213 a
3218 5159 3405 5223 fratre,
3436 5169 3584 5211 com-

3128 5294 3174 5327 ³⁸
3204 5293 3337 5349 Gen.
3369 5308 3496 5354 xxx.
3527 5291 3581 5345 1.

2092 5441 2205 5508 (‘25)
2240 5440 2337 5493 Ms.
2369 5438 2612 5492 Meliore:
2647 5453 2756 5508 sue.

2102 5502 2216 5579 (26)
2252 5509 2471 5562 Mentem
2507 5519 2699 5561 autem.
2744 5505 3017 5565 Fortasse,
3050 5515 3217 5583 mente
3247 5502 3464 5583 (hamis)
3495 5502 3575 5558 si-

2027 5594 2118 5635 cut
2153 5575 2307 5633 antra
2341 5595 2554 5644 corpore
2579 5593 2597 5630 :
2623 5592 2813 5630 sensus
2845 5586 2946 5637 est,
2978 5575 3139 5629 animi
3188 5575 3399 5630 dotihtis
3446 5589 3581 5643 prte-

2024 5665 2194 5711 stans,
2254 5650 2391 5702 sicut
2446 5658 2672 5699 testatus
2710 5660 2791 5699 cst
2844 5650 3019 5713 pamr.
3076 5662 3195 5699 cum
3254 5648 3300 5701 ei
3369 5656 3580 5717 partem

2024 5737 2181 5777 unam
2210 5718 2533 5773 lucri-ditatis
2554 5734 2710 5775 supra
2743 5721 2934 5773 l‘ralrcs
2960 5718 3224 5771 attribuit.
