4050 6206
521 244 661 303 1083

1201 240 1470 298 EUSEBII
1508 240 1983 298 CESARIENSIS
2019 241 2168 299 ΟΡΡ.
2209 241 2388 299 PARS
2426 240 2515 295 Ν.
2554 271 2621 282 -
2660 236 3072 295 DOGMATICA.

3626 242 3767 294 1083

520 362 809 434 prehensio
832 359 1208 428 insequentis:
1244 360 1439 414 obvius
1483 375 1511 412 a
1542 360 1736 414 timore
1784 360 1990 427 frater;
2028 369 2085 413 ut
2114 365 2159 420 Α
2188 370 2364 414 autem
2395 357 2787 414 benefactorem
2833 355 3160 425 accipientes
3185 353 3457 417 occidunt,
3490 368 3764 425 quantum
3804 408 3808 427 ,

520 456 609 508 vix
641 455 908 523 acciperet
935 452 1099 507 Jacob
1146 468 1175 505 a
1206 454 1375 507 sterili
1427 453 1595 522 ipsius
1642 454 1832 507 matris
1884 468 2027 507 mors
2066 470 2080 505 :

519 547 750 615 desupra
800 545 916 598 haec
949 545 1129 598 omnia
1166 551 1352 599 decem
1397 553 1450 599 et
1491 556 1695 616 septem
1739 547 1863 600 dum
1903 556 2087 615 ageret

517 650 690 691 annos
718 639 768 690 in
800 646 959 691 aetate
983 635 1180 706 Joseph
1236 656 1249 692 :
1279 646 1407 693 tunc
1449 653 1571 693 cum
1618 649 1883 707 augentur
1925 637 2084 701 bona,

517 729 770 784 excidere
798 726 952 781 bonis
1004 737 1238 793 quantus
1287 737 1371 782 est
1420 728 1613 782 dolor?
1644 729 1709 782 Et
1737 728 1900 782 mittit
1935 740 2089 799 pater

520 821 778 873 dilectum
811 834 965 871 suum
995 818 1183 883 lilium,
1206 834 1365 888 quem
1398 820 1450 872 in
1486 820 1667 873 uiultis
1691 820 1956 875 fratribus
1992 823 2087 874 ha-

517 911 678 967 bebat
708 911 1040 979 unigenitum
1068 926 1084 963 :
1110 911 1275 964 mittit
1318 920 1469 979 pater
1505 912 1694 979 tilium,
1745 923 1800 966 ut
1844 913 2088 967 visitaret

516 1017 610 1059 eos
640 1004 731 1073 qui
763 1012 921 1057 erant
966 1002 1018 1057 in
1065 1003 1354 1058 solitudine
1410 1003 1633 1057 fratres.
1699 1002 1839 1058 Puto
1873 1005 1997 1074 quia
2031 1012 2086 1058 et

519 1095 646 1149 dum
683 1094 879 1163 legitur
908 1092 1068 1148 Vetus
1096 1094 1531 1161 Testamentum,
1566 1096 1739 1165 magis
1768 1094 1971 1151 Novum
2001 1106 2085 1150 est

518 1203 680 1257 quam
708 1184 893 1241 Vetus.
927 1185 1090 1239 Mittit
1118 1196 1273 1254 pater
1320 1185 1486 1239 filium
1518 1203 1671 1241 suum
1708 1203 1867 1258 quem
1916 1188 2086 1243 habe-

520 1280 613 1343 bat
652 1280 702 1332 in
738 1277 915 1332 locum
961 1276 1290 1346 unigeniti»:
1350 1293 1472 1331 nam
1522 1289 1583 1332 et
1631 1278 1887 1349 singulari
1938 1288 2086 1335 veste

529 1380 880 1441 separaverat
906 1385 1027 1424 eum
1077 1386 1105 1423 a
1142 1369 1401 1424 fratribus
1428 1387 1443 1423 :
1475 1371 1636 1426 mittit
1679 1370 1844 1424 lilium
1876 1370 1946 1425 de
1976 1386 2084 1441 quo

518 1463 896 1533 praedictiones
925 1472 1080 1518 erant
1110 1479 1123 1517 :
1161 1464 1542 1531 praedictiones
1582 1474 1758 1518 autem
1803 1479 1940 1533 quas
1970 1463 2086 1533 ipse

517 1558 733 1628 quidem
762 1557 970 1611 viderat
997 1554 1220 1625 Joscph,
1264 1571 1369 1610 non
1406 1557 1757 1611 absconderat
1809 1569 1986 1612 autem
2052 1574 2081 1613 a

521 1651 780 1705 fratribus
815 1650 927 1703 suis
960 1666 975 1702 :
1018 1657 1136 1702 erat
1161 1650 1301 1703 enim
1343 1648 1535 1703 frater.
1580 1648 1800 1704 Dicebat
1832 1650 1974 1705 enim
2013 1652 2077 1704 ad

2186 452 2253 505 ad
2283 449 2647 520 propositum;
2684 458 2739 502 et
2773 446 3094 501 occidissent
3125 446 3334 515 utique,
3363 447 3465 501 nisi
3505 449 3600 516 qui
3632 464 3766 517 pro-

2195 544 2373 598 hibuit
2394 541 2544 598 Isaac
2568 556 2636 595 ne
2665 539 3024 602 occideretur,
3053 547 3112 590 ut
3138 552 3267 591 vero
3288 550 3601 593 servaretur
3622 556 3759 609 pas-

2186 637 2288 701 sio,
2314 632 2558 705 permisit
2582 642 2637 685 et
2662 630 2780 683 istic
2811 627 3016 682 firmam
3042 643 3159 682 esse
3185 626 3433 682 formam.
3482 629 3763 696 Quemad-

2187 728 2405 783 modum
2448 739 2576 796 ergo
2626 722 2798 777 forma
2846 721 3126 786 occiditur,
3173 730 3229 775 et
3281 738 3386 776 non
3424 724 3750 778 occiditur:

2186 828 2582 890 proposuerunt
2608 814 2852 869 occidere
2883 810 3100 880 Joseph.
3148 811 3269 867 iam
3302 814 3367 866 ad
3399 816 3746 884 propositum

2187 908 2625 963 iuterflcientium
2654 912 2894 957 mortuus
2918 911 3001 956 est
3032 900 3228 971 Joseph
3257 920 3270 956 :
3298 904 3414 971 quia
3448 912 3503 956 et
3540 918 3750 975 pr0po-

2186 1000 2293 1055 sito
2318 999 2550 1055 Abrahae
2579 995 2792 1051 oblatus
2821 995 2970 1049 Isaac
3014 1002 3135 1058 est,
3188 1003 3240 1047 et
3285 994 3607 1050 immolatus.
3666 994 3754 1051 Illi

2187 1102 2367 1149 autem
2399 1107 2503 1146 non
2536 1089 2707 1145 solum
2735 1103 2840 1143 non
2865 1096 2989 1141 sunt
3026 1087 3264 1141 contenti
3315 1087 3581 1155 proposito
3617 1102 3753 1151 suo,

2187 1185 2281 1241 sed
2312 1183 2642 1253 accipientes
2668 1196 2791 1237 eum
2824 1181 2964 1235 facto
2990 1179 3188 1248 impetu
3226 1178 3497 1233 voluerunt
3523 1180 3759 1250 quidem

2187 1276 2454 1339 occidere,
2481 1273 2684 1330 detenti
2710 1281 2889 1328 autem
2925 1272 2992 1326 ab
3025 1287 3134 1325 uno
3167 1280 3313 1335 sunt,
3340 1272 3428 1340 qui
3453 1272 3761 1342 propheta-

2191 1378 2344 1425 verat
2375 1367 2530 1422 fratri
2575 1384 2589 1421 :
2634 1375 2689 1421 et
2734 1365 2954 1419 mittunt
2983 1380 3104 1420 eum
3131 1364 3400 1419 viventem
3453 1365 3507 1420 in
3545 1364 3765 1430 lacum,

2190 1462 2588 1517 anuuntiantes
2640 1458 2762 1528 quia
2808 1458 2962 1511 vivus
3014 1456 3286 1512 descendit
3331 1458 3383 1511 in
3437 1457 3607 1513 lacum
3651 1475 3777 1529 pro.

2188 1556 2414 1610 mortuis
2433 1552 2704 1609 Christus.
2731 1549 2948 1604 Haedum
2965 1557 3141 1602 autem
3168 1547 3497 1614 occidentes,
3523 1551 3767 1604 tunicam

2186 1648 2381 1719 Josepb
2414 1648 2624 1716 tingunt
2650 1645 2701 1698 iu
2736 1642 2996 1712 sanguine
3036 1640 3194 1705 haedi,
3228 1651 3285 1693 ut
3314 1650 3464 1696 esset
3516 1641 3767 1710 suspicion

518 1760 643 1798 eos:
670 1741 1013 1806 Metebamus,
1039 1742 1229 1811 inquit,
1247 1752 1293 1795 et
1313 1759 1482 1796 meum
1505 1745 1831 1813 manipulum
1858 1754 2081 1797 erectum
2119 1720 2160 1776 η
2188 1759 2283 1812 per
2330 1742 2664 1808 sanguinem,
2719 1745 2775 1791 ut
2803 1736 2942 1789 inter
2994 1744 3230 1788 mortuos
3262 1733 3398 1788 liber
3440 1734 3647 1789 vivens.
3689 1731 3749 1787 In

514 1844 631 1900 est;
685 1836 842 1888 vestri
903 1844 1075 1886 autem
1123 1836 1362 1888 undecim
1420 1836 1643 1889 circuitu
1695 1837 1985 1888 adorabant
2017 1836 2083 1890 ³⁸.

516 1926 659 1982 Bene
688 1927 797 1996 jam
833 1926 1049 1981 occasio
1074 1941 1192 1980 esse
1230 1928 1414 1997 cu-pit,
1452 1938 1507 1981 ut
1538 1930 1827 1982 adorarent
1866 1928 2082 1982 fratres.

515 2017 812 2073 Audierunt
840 2017 1062 2083 fratres,
1099 2029 1152 2073 et
1184 2019 1372 2072 eflicax
1411 2019 1679 2071 somnium
1717 2020 1899 2072 statim
1930 2018 2087 2072 intel-

518 2108 783 2176 lexerunt,
816 2120 869 2164 et
907 2111 1059 2164 aiunt
1110 2110 1177 2163 ad
1217 2125 1378 2165 eum:
1422 2110 1566 2163 Num
1610 2110 2008 2163 adoraverimus
2042 2120 2088 2163 te

521 2205 644 2257 nos?
693 2204 931 2271 regnabis
957 2205 1092 2255 enim
1135 2210 1225 2254 ant
1248 2203 1443 2255 tenebis
1470 2218 1560 2254 nos
1594 2201 1635 2232 ³⁷
1656 2201 1685 2254 ‘l
1725 2201 1885 2255 Forte
1910 2213 2087 2256 autem

508 2293 1253 2365 irascebaturprimogenitus
1275 2303 1328 2349 et
1361 2294 1724 2364 primogeniti,
1760 2295 1883 2363 quia
1907 2295 2091 2363 junior

518 2385 730 2440 volebat
763 2387 1014 2442 omnibus
1060 2387 1374 2459 praerogari.
1411 2386 1592 2441 Voluit
1641 2387 1783 2441 enim
1823 2388 2087 2441 somnium

517 2475 702 2531 videre
752 2487 811 2531 ut
857 2479 957 2532 hoc
985 2478 1113 2533 velit
1165 2494 1343 2533 :uum
1404 2478 1713 2547 increpatur
1763 2478 1961 2548 aliquis
1992 2495 2089 2532 cur

516 2568 787 2621 somnium
812 2568 1046 2621 viderit?
1079 2568 1278 2623 Tamen
1307 2566 1647 2639 obiurgatum
1673 2567 1872 2637 Joseph
1905 2581 2010 2635 est,
2038 2581 2089 2623 et

520 2664 621 2715 hoc
650 2661 888 2716 secundo
914 2661 1061 2715 videt
1104 2672 1195 2715 :et
1237 2676 1302 2715 ne
1333 2662 1549 2731 quidem
1586 2664 1826 2716 secundo
1860 2665 2090 2717 abscon-

518 2754 599 2808 dit
636 2753 705 2807 ab
734 2754 818 2807 his
848 2754 938 2822 qui
974 2753 1099 2810 irati
1131 2753 1349 2807 fuerant
1369 2756 1433 2807 de
1457 2754 1646 2822 priori.
1678 2754 1751 2807 Ita
1781 2764 1899 2807 erat
1922 2753 2092 2809 frater

515 2845 584 2898 ad
626 2844 847 2902 fratres.
872 2845 952 2899 llli
981 2853 1163 2898 autem
1203 2861 1266 2899 ex
1301 2847 1534 2899 secunda
1576 2846 1778 2899 visione
1814 2848 2091 2902 firmantes

517 2940 780 3012 priorem,
805 2938 1070 3007 duplicem
1104 2938 1371 2991 habebant
1399 2938 1653 2991 invidiam
1691 2952 1744 2992 et
1774 2939 2090 3006 indignatio-

519 3048 640 3087 nem
686 3043 739 3086 et
775 3032 909 3086 iram
952 3033 1214 3085 adversus
1257 3029 1474 3100 J'oseph.
1531 3031 1779 3086 Narravit
1835 3043 1888 3085 et
1945 3032 2156 3118 patric

520 3123 809 3188 somnium,
843 3123 967 3190 quia
1018 3123 1094 3176 sol
1138 3130 1191 3176 et
1230 3122 1350 3174 luna
1401 3131 1455 3176 et
1506 3124 1754 3176 undecim
1812 3123 1979 3177 stella:
2026 3139 2085 3177 se

518 3215 819 3269 adorabaut
848 3216 913 3269 ³⁸.
946 3214 1127 3270 Solem
1164 3216 1381 3285 quidem
1426 3216 1476 3268 iu
1538 3216 1656 3271 loco
1710 3218 1879 3286 patris
1928 3217 2089 3270 intel-

521 3305 646 3376 lige,
678 3305 856 3358 lunam
885 3314 1062 3358 autem
1104 3305 1156 3358 in
1187 3306 1305 3358 loco
1337 3304 1547 3367 matris,
1578 3315 1632 3357 et
1665 3317 1889 3358 caetera.
1928 3304 2090 3359 Vide.

523 3407 611 3451 tur
639 3396 1061 3466 reprehensibile
1093 3412 1252 3463 esse;
1288 3398 1411 3465 quia
1451 3406 1622 3451 mater
1652 3395 1769 3464 ejus
1808 3412 1910 3449 non
1955 3396 2089 3449 vidit

519 3504 642 3542 eum
672 3487 920 3558 ingloria
955 3506 966 3541 :
1010 3487 1465 3555 quemadmodum
1517 3502 1647 3556 ergo
1678 3487 1969 3541 adoravit?
1998 3499 2090 3540 aut

521 3595 662 3634 nunc
702 3583 962 3648 (pueritur
994 3579 1145 3635 locus
1180 3579 1371 3632 matris
1398 3594 1559 3647 quem
1613 3579 1853 3646 implevit
1896 3577 2089 3646 conjux

525 3672 732 3747 patris?
756 3672 926 3726 Simul
959 3681 1135 3725 autem
1166 3672 1335 3741 magis
1372 3670 1539 3725 stellae
1570 3670 1842 3734 undecim,
1880 3670 1981 3724 hoc
2008 3680 2089 3725 est

522 3763 771 3819 undecim
815 3764 1035 3817 fratres.
1094 3762 1256 3817 Forte
1286 3771 1467 3816 autem
1520 3762 1639 3815 ideo
1695 3776 1762 3816 ex
1815 3761 2087 3816 sideribus

520 3870 644 3927 qua:
692 3856 743 3909 in
775 3856 914 3910 coelo
939 3864 1064 3909 sunt
1105 3854 1353 3923 apparuit
1400 3855 1690 3919 somnium,
1744 3862 1803 3906 ut
1851 3854 2088 3923 pretiosa

518 3947 895 4001 ostenderetur
927 3951 1205 4016 prosapies
1250 3947 1465 4016 generis
1491 3944 1625 4014 ejus.
1658 3946 1934 4005 Praefecti:
1965 3956 2090 4001 sunt

522 4041 704 4109 itaque
757 4039 1207 4109 prtedicatioues;
1258 4037 1514 4106 prmdicta
1564 4039 1708 4091 enim
1771 4047 1922 4103 sunt,
1973 4054 2091 4109 quaI

520 4141 644 4187 sum
672 4132 920 4201 prmdicta
953 4130 1088 4202 (27).
1117 4131 1181 4184 Et
1212 4141 1340 4184 tunc
1365 4131 1595 4184 mittitur
1625 4146 1654 4184 a
1686 4140 1837 4200 patre
1858 4172 1875 4197 ,
1894 4132 1962 4185 de
1985 4148 2091 4201 quo

516 4234 571 4281 et
610 4223 1005 4293 praedictiones.
1054 4222 1427 4278 Praedixerunt
1472 4223 1612 4277 enim
1671 4225 1946 4293 propheta:
1989 4232 2093 4278 :et

529 4330 659 4373 tunc
709 4317 907 4371 missus
941 4326 1023 4371 est
1075 4314 1300 4369 Filiusa
1342 4316 1502 4370 Patre
1566 4316 1834 4372 Christus.
1891 4316 2087 4386 Joscph

2188 1835 2303 1889 lacu
2332 1835 2510 1903 itaque
2542 1829 2855 1886 interfectus
2877 1824 3190 1896 cstJoscph;
3226 1827 3575 1896 coinquinata
3611 1827 3753 1881 enim

2191 1936 2311 1981 erat
2339 1924 2453 1993 ejus
2486 1925 2661 1979 tunica
2694 1940 2725 1979 a
2766 1924 3049 1988 sanguine.
3081 1922 3210 1976 Erat
3257 1932 3441 1977 autem
3483 1923 3669 1977 vivens
3700 1925 3752 1975 in

2197 2021 2315 2073 lacu
2346 2028 2467 2087 post
2523 2015 2956 2071 interfectionem
2993 2031 3111 2085 qua:
3159 2016 3211 2069 in
3258 2015 3437 2068 tunica
3480 2013 3653 2069 fuerat
3682 2015 3767 2066 fa-

2189 2124 2297 2168 cta.
2331 2112 2639 2166 Transeunt
2682 2110 2898 2176 quidem
2933 2124 2964 2162 e
3006 2110 3280 2179 gentibus,
3338 2106 3536 2177 quibus
3574 2121 3765 2166 serva-

2190 2205 2348 2259 batur
2378 2205 2574 2258 honum
2603 2204 2744 2272 quod
2770 2212 2887 2255 erat
2925 2202 2976 2255 iu
3004 2203 3117 2255 lacu
3162 2219 3175 2253 :
3214 2210 3269 2254 et
3300 2209 3481 2254 movet
3509 2199 3623 2267 (28)
3649 2199 3767 2267 spi-

2191 2301 2295 2354 ritu
2326 2314 2487 2352 unum
2522 2313 2553 2352 e
2605 2296 2871 2351 fratribus
2923 2294 3203 2348 consolare
3249 2308 3405 2345 suum
3438 2306 3677 2346 errorem
3708 2299 3781 2343 et.

2192 2395 2371 2447 dicere
2418 2409 2432 2450 :
2471 2408 2572 2445 non
2614 2390 2915 2445 accidental
2966 2388 3206 2456 fratrem.
3257 2387 3533 2438 Amatores
3576 2393 3765 2437 autem

2189 2485 2538 2557 pecuniarum
2585 2483 2735 2537 fuere
2769 2491 2825 2536 et
2873 2480 3181 2536 Jttdteornm
3226 2487 3401 2547 patres
3443 2490 3459 2530 :
3493 2487 3548 2531 et
3587 2474 3789 2529 ludas.

2191 2574 2508 2631 consiliator
2542 2588 2764 2640 eorum;
2797 2582 2852 2625 et
2896 2571 3101 2629 dixere,
3134 2566 3257 2622 Non
3295 2566 3620 2628 occidamus,
3673 2564 3767 2618 in-

2190 2668 2330 2738 quit,
2354 2683 2492 2731 cum,
2522 2664 2649 2736 quia
2678 2679 2785 2719 non
2814 2678 2999 2717 sumus
3030 2660 3151 2731 ejus
3178 2660 3345 2730 digni.
3387 2657 3501 2713 Non
3546 2664 3618 2711 stt
3660 2670 3766 2709 no-

2190 2761 2397 2815 biscum
2430 2759 2519 2826 qui
2554 2756 2873 2811 beneficium
2924 2755 3080 2809 nobis
3147 2752 3407 2823 impertit.
3442 2749 3768 2806 Distrahitur

2192 2852 2374 2919 itaque
2404 2849 2631 2918 .luseph,
2662 2859 2715 2904 et
2775 2857 2981 2903 tantum
3035 2864 3064 2902 a
3126 2846 3592 2915 comparatoribus
3626 2843 3769 2896 acci-

2203 2946 2353 3013 piunt
2388 2943 2639 3012 pretium,
2674 2951 2938 3012 quantum
2985 2940 3247 2995 dederunt
3281 2949 3337 2993 et
3382 2937 3645 3009 proditori
3674 2936 3767 2991 Ju-

2192 3038 2291 3100 dae,
2343 3046 2401 3089 ut
2431 3044 2483 3088 et
2538 3035 2769 3105 pretium
2826 3033 3155 3087 consentiret
3206 3041 3566 3087 sacramento.
3617 3028 3785 3084 ludar»

2190 3140 2369 3181 autent
2403 3135 2522 3181 erat
2556 3126 2834 3181 consilium
2866 3137 2921 3180 et
2975 3135 3103 3179 tunc
3149 3136 3205 3177 ut
3253 3134 3461 3179 tantum
3504 3123 3767 3177 distrahe-

2193 3231 2342 3273 retur
2371 3218 2590 3287 Joseph.
2613 3217 2777 3273 ludas
2804 3227 2982 3273 autem
3012 3229 3118 3284 est,
3166 3218 3255 3288 qui
3294 3229 3346 3272 et
3383 3218 3437 3271 in
3477 3215 3766 3285 ls'vangelio

2192 3310 2445 3364 distrahit
2488 3310 2734 3365 Domino.
2768 3311 3031 3364 Ascendit.
3067 3326 3096 3364 e
3143 3311 3259 3364 lacu
3304 3310 3396 3379 qui
3436 3308 3545 3375 jam
3589 3308 3767 3361 fuerat

2189 3401 2505 3457 interfectus
2539 3418 2635 3472 per
2671 3403 2904 3456 tunicam
2943 3420 2956 3457 :
2992 3413 3046 3456 et
3088 3402 3139 3455 in
3191 3403 3307 3456 lacu
3361 3410 3579 3471 putatus
3622 3414 3763 3453 mor-

2191 3505 2357 3558 tuus,
2417 3496 2714 3565 ingreditur
2772 3495 3084 3565 Egyptum.
3148 3496 3220 3548 Et.
3258 3496 3453 3549 iterum
3515 3492 3632 3546 istic
3669 3507 3759 3560 per

2189 3587 2456 3642 insomnia
2516 3596 2568 3641 et
2632 3587 2894 3642 visionem
2972 3589 3171 3641 adunat
3231 3588 3438 3642 fructus
3484 3584 3762 3641 alimonias

2190 3680 2384 3731 mundo
2416 3699 2429 3732 :
2460 3687 2513 3733 et
2560 3693 2719 3749 quem
2768 3679 3156 3733 interfecerunt
3194 3678 3361 3735 Judaei
3410 3688 3467 3733 et
3506 3678 3766 3734 distraxe-

2192 3780 2338 3832 runt,
2377 3770 2538 3823 istum
2582 3771 2813 3825 adorant
2862 3782 3048 3842 gentes
3105 3772 3231 3825 dum
3283 3780 3597 3840 pascuntur.
3651 3769 3765 3825 Non

2188 3861 2334 3913 enim
2366 3860 2651 3932 Aﬁgyptios
2690 3863 2835 3917 solos
2870 3864 3019 3931 pavit
3068 3861 3263 3930 Ioseph
3289 3880 3323 3927 ;,,
3354 3861 3447 3915 sed
3502 3876 3573 3914 ex
3620 3863 3765 3916 omni

2193 3954 2393 4007 mundo
2448 3953 2791 4008 continebant
2840 3970 3030 4009 omnes
3084 3964 3272 4025 gentes
3322 3962 3377 4007 et
3430 3953 3644 4022 populi,
3700 3951 3769 4006 ad

2196 4045 2424 4100 formam
2489 4056 2673 4115 utpote
2724 4046 2933 4103 Domini
2984 4046 3132 4102 Iesu.
3188 4046 3385 4116 Ioseph
3433 4055 3609 4101 autem
3652 4044 3768 4113 jam

2191 4140 2446 4209 pascebat
2476 4138 2674 4195 fratres
2708 4140 2890 4209 ipsos,
2917 4140 3124 4195 scilicet
3150 4140 3238 4213 qui
3282 4155 3339 4195 se
3380 4140 3768 4203 distraxerant,

2191 4240 2244 4285 et
2269 4231 2496 4299 pretium
2530 4242 2854 4303 acceperunt
2892 4248 3071 4286 suum.
3103 4230 3604 4299 Gratisaccipiens,
3637 4242 3771 4299 gra-

2199 4324 2266 4378 tis
2297 4323 2478 4378 dabat.
2508 4325 2575 4377 Et
2605 4324 2677 4378 illi
2709 4325 2923 4393 quidem
2964 4323 3081 4391 ejus
3120 4329 3439 4392 acceperunt
3480 4321 3768 4390 pretium,:

522 4424 699 4469 autem
761 4412 902 4469 filius
954 4413 1203 4466 veniebat
1249 4427 1275 4464 a
1330 4411 1485 4483 longe
1533 4414 1599 4467 ad
1654 4412 1851 4468 fratres
1905 4412 2089 4467 frater.
2126 4407 2169 4462 Ι)
2199 4416 2311 4484 ipse
2343 4426 2520 4470 autetn
2549 4416 2710 4469 tritici
2742 4418 2971 4484 pretium
2998 4432 3103 4472 non
3137 4416 3359 4486 accepit.
3388 4413 3491 4470 Ubi
3516 4427 3651 4483 ergo
3672 4427 3769 4467 eos

521 4505 691 4575 Magis
722 4515 898 4558 autem
935 4504 1001 4558 ad
1036 4519 1138 4559 non
1164 4504 1359 4558 fratres
1391 4504 1573 4559 frater.
1607 4506 1682 4558 Illi
1713 4505 2093 4563 autemvideu—

523 4609 606 4653 tes
632 4610 753 4651 eum
795 4611 822 4649 a
881 4596 1039 4664 longe
1083 4595 1410 4658 venientem,
1447 4596 1719 4649 dicuntea
1755 4612 1877 4663 qua:
1923 4602 1978 4648 et
2040 4597 2090 4649 in

522 4688 810 4757 Evangelio
834 4687 1031 4756 scripta
1060 4696 1225 4739 sunt:
1260 4685 1369 4739 Iste
1409 4699 1483 4740 est
1525 4689 1712 4752 Ita'res,
1742 4688 1906 4740 venite
1958 4686 2094 4740 occi-

520 4784 704 4834 damus
740 4796 879 4843 eum,
932 4795 978 4832 et
1014 4791 1191 4833 nostra
1223 4781 1331 4833 erit
1368 4778 1645 4831 hwreditas
1678 4779 1743 4831 ³⁹.
1793 4779 1947 4843 Ecce,
2004 4780 2093 4834 ille

522 4875 716 4945 tuquit,
765 4873 1045 4926 somniatur
1100 4874 1259 4937 venit,
1296 4874 1463 4926 venite
1509 4873 1807 4926 occidantus
1855 4889 2003 4935 eum,
2039 4883 2086 4927 et

522 4969 793 5021 mittamus
817 4968 871 5022 in
905 4983 1065 5045 unum
1096 4983 1123 5021 e
1146 4968 1274 5020 facis
1300 4966 1367 5031 ‘°,
1397 4966 1781 5021 atnmutiantes
1816 4965 1939 5036 quia
1984 4981 2089 5018 non

521 5060 696 5115 solum
753 5059 1131 5126 interflcietnr,
1164 5062 1257 5114 sed
1295 5060 1605 5114 inferiorem
1634 5059 1807 5113 locum
1847 5058 2086 5113 habebit.

526 5154 587 5205 lit
615 5152 810 5221 Joseph
843 5152 1059 5221 quidem
1110 5154 1587 5223 appropinquavit:
1635 5153 2090 5222 appropinquavit

522 5246 587 5296 ad
618 5243 877 5311 judicium
904 5244 1159 5311 fratrum,
1188 5246 1254 5299 ad
1283 5245 1641 5300 visitationem
1676 5244 1937 5299 malorum
1965 5261 1978 5297 ;
2014 5246 2089 5300 illi

599 5402 645 5433 ³⁸
675 5401 808 5457 Gen.
842 5417 1050 5463 xxxv",
1078 5401 1134 5460 7.
1240 5401 1283 5432 "
1319 5401 1471 5463 ibid.,
1503 5402 1557 5457 8.

526 5471 570 5503 δ’
612 5472 769 5526 Rom.
808 5488 887 5535 tn,
913 5472 966 5525 3.

1646 5402 1691 5433 θ’
1726 5401 1878 5468 ibid.,
1916 5401 1967 5456 9.

602 5627 717 5697 (27)
748 5626 910 5702 Forte
936 5628 1176 5696 perfech
1206 5642 1324 5682 sunt
1350 5629 1524 5702 itaque
1564 5630 1947 5698 pradictionet,
1965 5648 2079 5702 per.-

527 5699 664 5771 fecta
686 5699 821 5755 enim
849 5706 971 5753 sunt
996 5715 1111 5768 qua'
1136 5708 1257 5752 sunt
1293 5700 1563 5755 praedicta.

2047 5403 2090 5434 ”
2118 5403 2302 5459 Matth.
2339 5419 2449 5464 xxi,
2483 5402 2569 5457 38.

2198 4509 2287 4576 qui
2323 4506 2606 4560 aﬂlxcruut
2649 4507 2876 4562 cruciet
2915 4507 3325 4571 distraxerunt,
3366 4505 3535 4576 pascit
3578 4503 3767 4558 Domi-

2197 4615 2298 4652 nus
2329 4596 2522 4652 Iesus?
2559 4598 2634 4653 Ex
2672 4599 2800 4668 ipsis
2840 4598 3028 4653 Petrus
3054 4608 3157 4661 est,
3183 4614 3263 4654 ex.
3286 4598 3418 4667 ipsis
3445 4608 3500 4652 et
3528 4595 3765 4661 Paulus,

2194 4701 2247 4743 et
2269 4688 2445 4743 caeteri
2488 4691 2732 4759 apostoli.
2763 4691 2828 4747 Et
2859 4692 3050 4745 fratres
3076 4699 3131 4745 et
3157 4690 3382 4761 apostoli
3427 4690 3494 4743 ad
3535 4688 3757 4743 Paulum

2194 4783 2381 4836 dicunt
2410 4797 2423 4834 :
2458 4779 2688 4837 Intueris
2712 4824 2737 4847 μ
2762 4785 2956 4852 inquit,
2991 4794 3188 4852 quanta
3216 4783 3386 4836 millia
3416 4791 3536 4836 sunt
3575 4782 3629 4835 in
3668 4778 3769 4833 Ju-

2200 4878 2315 4931 daza
2344 4879 2431 4948 qui
2467 4876 2801 4930 crediderunt
2822 4876 2909 4929 “‘i
2947 4878 3084 4942 Quid
3111 4890 3281 4932 autem
3312 4878 3357 4930 si
3390 4894 3491 4930 non
3530 4875 3757 4929 credide‘

2200 4981 2319 5024 runt
2347 4971 2559 5041 quidam
2583 4968 2870 5037 ?‘nunquid
2894 4968 3231 5023 incredulitas
3265 4985 3444 5022 eorum
3478 4968 3637 5037 ﬁdem
3668 4966 3769 5020 Dei

2198 5063 2509 5117 evacuavit?
2540 5061 2686 5115 Absit
2713 5074 2883 5114 autent
2925 5061 2989 5115 ".
3025 5061 3091 5115 Et
3135 5073 3483 5116 contumaces
3519 5059 3770 5111 volumus

2198 5155 2343 5225 pasci
2374 5171 2467 5222 per
2490 5153 2697 5207 .lesum.
2745 5154 3023 5207 Prohihuit
3064 5169 3157 5208 eos
3193 5152 3349 5207 idolis
3394 5151 3621 5205 servire.
3665 5149 3770 5203 Sed

2198 5263 2377 5302 sermo
2403 5248 2469 5301 ad
2499 5247 2772 5317 prOpOSita
2790 5246 3029 5310 festinat,
3064 5256 3121 5299 ιιι
3159 5246 3410 5299 ostendat
3434 5253 3490 5298 et
3519 5241 3783 5296 dolorem.

2658 5401 2701 5433 ⁸⁸
2726 5401 2861 5458 Gen.
2899 5416 3104 5473 xxxv",
3138 5398 3230 5455 20.
3308 5400 3347 5432 “
3377 5402 3498 5456 Act.
3526 5413 3642 5464 ut,
3674 5394 3779 5454 20..

2260 5632 2373 5701 (28)
2419 5633 2640 5702 Spiritu.
2686 5632 2850 5690 Forte
2883 5634 3121 5704 spiritus.
