4050 6206
424 302 562 360 1085
1552 302 1640 357 DE
1675 300 1957 360 RESURB

2059 304 2269 362 I‘IONE.
2306 336 2377 347 ι-
2412 306 2544 362 LlB.
2583 308 2625 363 1.
3497 317 3636 374 1086

417 419 611 488 Iacob,
645 433 700 477 et
732 422 858 493 quia
891 436 994 476 non
1024 420 1122 476 ista
1148 419 1259 475 vita
1285 436 1410 491 spes
1447 430 1531 477 est
1560 422 1844 493 religiosis.
1872 424 1979 479 Pu-
2009 430 2053 486 Α
2083 442 2187 480 non
2228 427 2472 496 permisit
2499 442 2622 482 eum
2663 426 2803 483 Deus
2836 447 2849 483 :
2884 427 3073 483 habuit
3118 427 3394 485 solatium.
3441 430 3636 490 Dilexit

419 524 507 573 tas
559 523 736 585 potest
780 515 1043 569 sustinere
1112 514 1228 568 sine
1296 514 1547 586 lacryinis
1602 516 1790 571 audire
1820 534 1834 570 :
1860 530 1980 570 cum
2081 517 2223 572 enim
2255 533 2375 572 eum
2411 518 2501 587 qui
2525 527 2748 584 emerat,
2772 534 2929 589 quem
2973 521 3199 574 oderant
3234 520 3454 578 fratres.
3501 521 3636 588 Quid

419 607 605 662 tunica
644 607 732 661 illa
768 605 1025 675 sanguine
1053 605 1217 659 tincta
1247 604 1299 658 in
1329 620 1486 659 manu
1518 605 1684 662 Iacob
1705 616 1788 662 est
1810 608 1981 676 posita
2082 611 2265 682 igitur.
2328 612 2451 666 istic
2496 621 2651 681 putas
2689 613 3012 667 obdormivit
3065 613 3305 668 invidia?
3344 623 3498 681 putas
3536 613 3636 669 de-

421 713 547 752 cum
585 713 715 753 voce
742 696 827 749 illa
857 696 1085 750 conﬁcta
1108 696 1131 751 ἳ
1161 695 1351 763 Istam,
1380 698 1571 766 inquit.
1598 700 1884 752 invenimus
1908 699 1976 765 ⁵³,
2082 702 2261 770 spexit
2285 702 2526 757 diabolus
2541 704 2960 759 consolationem
2987 702 3181 774 Josepli
3199 704 3223 758 ἲ
3241 703 3480 758 Habebat
3505 718 3637 759 con-

424 788 584 842 istam
608 784 867 855 sanguine
887 784 1174 855 pollutam.
1213 800 1443 855 agnosce
1477 784 1630 855 cujus
1666 797 1751 842 est
1774 788 1976 853 tunica,
2073 792 2254 863 jugem
2279 794 2562 865 Egyptius
2590 796 2635 827 “
2702 814 2715 849 :
2782 812 2877 866 per
2905 797 3183 851 mulierem
3211 796 3371 865 igitur
3394 794 3636 850 diabolus

423 892 652 947 agnosce
681 885 829 929 tuum
857 875 1120 930 dolorem.
1148 875 1311 932 Dolor
1337 877 1551 946 quidem
1573 888 1694 933 erat
1716 880 1884 949 patris
1912 880 1978 935 de

422 980 628 1025 mortuo
650 967 871 1039 Joseph.
900 968 1027 1023 Erat
1054 984 1160 1024 non
1187 969 1441 1025 ferendus
1485 970 1658 1035 dolor,
1709 972 1834 1040 quia
1878 987 1977 1027 nec

420 1071 541 1117 ante
589 1059 779 1115 oculos
830 1075 960 1115 suos
1009 1060 1315 1116 decesserat
1353 1060 1495 1117 ﬁlius
1533 1062 1789 1117 :videtur
1830 1064 1973 1119 enim

419 1150 556 1206 istud
582 1150 837 1206 solatium
887 1165 1006 1205 esse
1052 1152 1175 1219 quia
1223 1149 1394 1215 aﬁ'uit,
1452 1152 1578 1221 quia
1628 1153 1973 1209 novissimam

416 1242 531 1309 ejus
563 1257 752 1297 vocem
781 1242 1040 1311 suscepit,
1070 1242 1194 1310 quia
1219 1250 1275 1295 et
1298 1242 1504 1297 dimisit
1544 1243 1593 1298 ei
1620 1244 1686 1298 ad
1728 1245 1975 1299 consola-

418 1335 615 1389 tionem
669 1333 912 1397 verbum,
947 1332 1071 1401 quia
1118 1330 1373 1402 reliquias
1410 1333 1528 1401 ejus
1578 1334 1973 1389 commendavit

415 1434 593 1481 terrai.
628 1424 761 1478 Cum
792 1434 969 1477 autem
997 1431 1241 1478 mortuus
1264 1422 1425 1479 fuerit
1458 1424 1679 1495 Joseph,
1713 1437 1971 1494 quantum

411 1518 481 1572 ad
508 1516 757 1571 nuntium
784 1524 1087 1585 exspectat,
1125 1527 1383 1587 quantum
1431 1518 1497 1571 ad
1546 1518 1967 1585 distractionem,

413 1621 468 1662 et
498 1609 760 1662 incertum
801 1606 873 1660 sit
895 1607 1241 1661 homicidium
1265 1616 1357 1660 aut
1389 1622 1558 1674 mors,
1590 1607 1756 1662 incisa
1789 1619 1966 1664 autem

412 1709 540 1755 sunt
568 1700 733 1768 patris
760 1698 986 1755 viscera.
1023 1698 1215 1755 Omnia
1258 1700 1583 1769 suspicatur,
1633 1702 1811 1756 omnia
1860 1703 1961 1758 sibi

2083 886 2442 943 machinatur.
2483 886 2751 957 Diligitur,
2784 888 2975 957 inquit,
3008 888 3177 943 bonus
3221 903 3327 942 non
3366 888 3522 941 bene.
3565 885 3634 941 Et

2074 991 2201 1031 vere
2227 991 2367 1030 nunc
2396 976 2623 1031 incurrit
2660 978 2711 1031 in
2746 976 2912 1031 ieram
2952 974 3168 1046 Joseph,
3218 986 3273 1031 et
3316 977 3631 1045 ﬁgmentum

2075 1067 2302 1121 fratrum
2330 1067 2582 1121 transivit
2603 1067 2668 1120 ad
2697 1076 2894 1121 actum.
2924 1066 3113 1122 Mulier
3145 1067 3416 1132 insistens,
3439 1066 3632 1122 mulier

2071 1159 2413 1227 semetipsam
2435 1158 2717 1225 decoratis,
2743 1160 2809 1212 ad
2831 1157 3075 1227 laqueum
3094 1158 3270 1213 verbis
3286 1158 3528 1222 illiciens,
3554 1157 3633 1212 las

2069 1246 2408 1317 pidibus(32)
2438 1248 2691 1313 suadens,
2725 1249 2977 1303 odoribus
3000 1247 3235 1316 capiens,
3264 1257 3318 1303 et
3340 1249 3517 1303 varias
3537 1262 3631 1303 ve-

2069 1348 2183 1392 stes
2200 1347 2255 1391 ut
2276 1338 2408 1392 retia
2425 1338 2748 1407 espandens.
2772 1338 2837 1391 Et
2851 1339 3055 1392 intuere
3072 1338 3201 1391 mihi
3221 1338 3556 1408 peregrinum
3574 1345 3630 1392 et

2070 1426 2488 1483 adolescentem.
2516 1428 2729 1483 intuere
2753 1444 2875 1483 eum
2898 1429 2986 1498 qui
3017 1444 3119 1482 non
3148 1428 3376 1483 habebat
3398 1438 3627 1499 patrem,

2069 1531 2174 1570 non
2206 1526 2433 1570 matrem
2466 1526 2803 1585 praesentem.
2845 1518 3052 1571 Intuere
3091 1517 3405 1571 distractum
3457 1532 3486 1569 a
3520 1516 3628 1596 [ιυρ-

2068 1608 2259 1673 tribus,
2286 1616 2339 1663 et
2365 1617 2547 1662 contra
2583 1608 2893 1678 dignitatem
2947 1608 3269 1661 servientem
3317 1607 3624 1675 ingenuum,

2065 1708 2119 1753 et
2146 1716 2349 1755 memor
2371 1708 2485 1755 esto
2525 1701 2807 1754 verborum
2836 1714 2953 1768 qua:
2976 1715 3004 1753 a
3033 1698 3256 1754 muliere
3302 1698 3627 1768 promeban-

413 1790 690 1854 describit,
727 1800 781 1846 et
835 1790 1028 1845 multas
1066 1802 1264 1846 mortes
1311 1808 1410 1860 pro
1452 1808 1555 1846 una
1600 1793 1861 1848 imitatur.
1901 1794 1959 1850 Si
1991 1776 2033 1831 Β
2068 1800 2174 1852 tur.
2202 1802 2255 1846 et
2292 1791 2379 1845 illa
2432 1793 2555 1847 ﬁcta
2602 1791 2843 1846 mulieris
2882 1790 3262 1845 blandimenta.
3314 1788 3526 1842 intuere
3569 1795 3625 1842 et

411 1882 534 1951 quis
562 1884 789 1937 sustinet
829 1882 911 1937 vel
945 1885 1183 1937 auditum
1206 1922 1223 1947 ,
1269 1898 1375 1938 non
1420 1882 1592 1938 solum
1628 1885 1721 1953 qui
1760 1886 1960 1955 genuit,

412 1974 496 2028 vel
522 1975 612 2043 qui
642 1973 865 2041 audivit,
896 1975 1074 2028 tunica
1105 1975 1401 2043 composita
1449 1986 1503 2029 et
1549 1975 1747 2037 scissa;
1793 1976 1867 2031 ita
1903 1984 1964 2031 ut

411 2074 464 2123 et
493 2072 744 2134 parerent
773 2079 982 2119 morsus
1005 2063 1132 2119 ferte
1159 2066 1403 2135 impressi
1434 2081 1530 2135 per
1558 2066 1814 2122 tunicam.
1845 2066 1964 2123 Uti-

412 2171 534 2209 nam
562 2156 846 2219 dixissent,
871 2156 993 2225 quia
1020 2156 1149 2211 etin
1180 2156 1352 2211 lacum
1399 2156 1599 2231 cecidit
1636 2157 1916 2213 ambulans
1941 2174 1957 2214 :

407 2255 463 2300 et
486 2247 767 2301 videbatur
790 2249 1097 2317 figmentum
1146 2248 1443 2317 proximum
1494 2249 1703 2302 veritati
1748 2248 1959 2307 haberi.

409 2340 513 2394 Sed
551 2341 781 2409 suspecti
808 2352 933 2397 sunt
969 2357 1036 2395 ne
1066 2352 1431 2413 arguerentur.
1466 2342 1791 2412 Requirebat
1816 2344 1957 2401 enim

406 2431 473 2489 ab
494 2431 574 2485 eis
602 2432 857 2502 reliquias
896 2443 1069 2502 pater.
1112 2431 1403 2504 Suspectus
1434 2434 1610 2503 itaque
1648 2434 1813 2490 Jacob
1852 2445 1955 2502 est,

406 2523 528 2591 quia
555 2534 792 2579 mortuus
813 2533 895 2578 est
924 2523 1119 2593 Josepli
1146 2564 1161 2588 ,
1195 2533 1249 2579 et
1286 2539 1409 2578 esea
1444 2525 1615 2579 factus
1659 2534 1742 2579 est
1786 2526 1953 2581 feris:

407 2614 788 2668 nuntiaverunt
838 2614 977 2668 enim
1022 2612 1255 2677 fratres,
1305 2615 1601 2669 testabatur
1656 2625 1712 2670 et
1754 2618 1953 2673 tunica.

407 2703 539 2771 Quis
570 2714 831 2772 portaret,
859 2704 980 2772 quis
1002 2705 1290 2759 sustineret
1316 2720 1520 2760 memor
1538 2704 1677 2761 illius
1710 2706 1954 2778 Joscph?

406 2811 527 2852 Cum
577 2803 719 2849 esset
777 2811 895 2849 cum
945 2804 1098 2865 patre
1172 2805 1456 2866 antequam
1524 2798 1952 2854 distraheretur?

2066 1883 2279 1938 divitias
2306 1883 2521 1954 Egypti
2569 1893 2813 1938 ostensas
2859 1898 2888 1936 a
2932 1881 3181 1952 conjuge,
3236 1880 3622 1950 promissiones

2065 1975 2326 2040 mulieris,
2355 1976 2627 2030 tristitiam
2655 1975 2806 2045 pueri
2834 1991 2849 2029 :
2889 1974 3037 2045 pueri
3079 1973 3399 2043 angustiam,
3428 1970 3620 2025 mulie-

2066 2066 2143 2121 ris
2170 2067 2582 2131 abundantiam;
2616 2076 2930 2137 potestatem
2955 2066 3096 2121 enim
3136 2063 3369 2120 habebat
3393 2063 3617 2128 domus;

2065 2159 2428 2213 additamenta
2444 2158 2776 2213 tentationis.
2798 2158 3015 2213 Dicebat
3039 2157 3180 2211 enim
3206 2155 3397 2210 mulier
3419 2153 3616 2209 multa:

2064 2266 2169 2305 non
2200 2250 2451 2305 audiebat
2472 2260 2650 2305 autem
2677 2250 2919 2320 pudicus.
2954 2248 3283 2318 Depingebat
3305 2246 3416 2301 sibi'
3436 2246 3621 2302 oculos

2062 2343 2152 2398 illa
2183 2362 2196 2399 :
2221 2344 2419 2414 Josepli
2445 2354 2623 2398 autem
2648 2358 2775 2398 suos
2803 2341 3108 2397 claudebat.
3159 2340 3247 2396 illa
3270 2355 3328 2395 se
3349 2339 3619 2409 lapidibus

2061 2432 2481 2488 coronabat:et
2531 2433 2620 2487 ille
2664 2446 2723 2487 se
2784 2446 2813 2485 a
2872 2431 3139 2501 lapidibus
3200 2446 3267 2485 ne
3326 2430 3620 2485 offenderet

2060 2521 2427 2577 custodiebat.
2476 2521 2569 2575 illa
2617 2521 3011 2589 contorquebat
3058 2519 3280 2588 capillus
3341 2534 3520 2573 suos:
3560 2526 3619 2574 et

2060 2614 2149 2669 ille
2169 2613 2379 2667 vitabat
2402 2620 2461 2666 ut
2482 2612 2713 2667 vincula.
2745 2611 2837 2666 illa
2869 2612 3022 2665 varia
3061 2611 3382 2665 veStimenta
3430 2610 3617 2664 uteba-

2059 2714 2183 2760 tur:
2215 2714 2268 2760 ct
2307 2704 2396 2759 ille
2430 2704 2741 2759 intuebatur
2763 2704 3103 2773 opiﬁciorum
3138 2702 3475 2757 varietatem.
3524 2700 3615 2757 illa

2056 2794 2303 2852 movebat
2330 2795 2673 2865 tliymiamata
2703 2797 2767 2848 ad
2790 2797 3006 2849 odorem
3036 2810 3049 2846 :
3087 2793 3174 2848 ille
3196 2802 3376 2846 autem
3394 2790 3614 2847 odorem

405 2886 588 2940 decem
629 2893 683 2938 et
702 2894 905 2954 septem
931 2886 1087 2940 annis
1124 2897 1240 2940 erat
1275 2887 1323 2942 ei
1356 2896 1617 2953 mortuus,
1672 2899 1729 2945 et
1770 2890 1949 2945 tunica
2054 2891 2324 2961 pudicitia:
2366 2891 2603 2945 odorans
2661 2889 2911 2944 domabat
2952 2903 3102 2943 suam
3152 2886 3610 2953 adolescentiam,

406 2975 761 3033 immortalem
795 2977 1111 3046 suggerebat
1140 2987 1387 3043 mortem,
1429 2978 1583 3035 Sicut
1617 2981 1760 3036 enim
1789 2982 1951 3037 inise-
2048 2984 2234 3054 junior
2264 2994 2524 3055 quantum
2549 2982 2615 3036 ad
2638 2990 2873 3047 aetatem,
2906 2980 3089 3036 senior
3120 2988 3297 3033 autem
3325 2977 3608 3047 sapientia.

406 3069 641 3123 ricordes
685 3078 809 3122 sunt
865 3081 1082 3138 patres,
1133 3084 1513 3140 nonnunquam
1565 3082 1625 3125 ut
1688 3072 1951 3128 retineant

2059 3080 2184 3137 Cum
2214 3090 2390 3134 autem
2418 3092 2521 3132 non
2568 3073 2832 3129 valuisset
2866 3070 3108 3126 mulieris
3150 3068 3570 3124 blandimentum
3591 3104 3611 3133 ,

405 3161 598 3229 ﬁguras
624 3160 855 3215 ﬁliorum
889 3178 983 3231 per
1011 3161 1217 3217 colores
1250 3162 1584 3236 depingunt,
1630 3164 1953 3235 easdemque
1976 3159 2021 3186 υ
2052 3171 2328 3228 transtulit
2360 3166 2786 3225 blandimentum
2825 3163 2890 3218 ad
2926 3166 3057 3221 vim.
3102 3159 3249 3216 Nova
3277 3159 3473 3228 quippe
3494 3165 3610 3211 tra-

403 3255 698 3309 recondunt
724 3254 775 3308 in
802 3254 1069 3319 domibus,
1097 3264 1155 3308 ut
1186 3264 1375 3324 putant
1404 3256 1620 3324 quidam
1653 3256 1719 3309 ad
1755 3270 1954 3311 conso-
2052 3265 2232 3336 gmina
2259 3264 2310 3318 in
2336 3262 2511 3333 primo
2537 3260 2697 3313 fiebat
2725 3256 2925 3325 Joseph
2949 3295 2966 3321 ,
3018 3254 3161 3308 forte
3189 3261 3243 3307 et
3270 3252 3404 3308 solo.
3432 3249 3612 3321 Siqui-

400 3344 672 3401 lationem.
723 3344 1035 3414 Eﬁigiantur
1068 3348 1134 3401 ad
1181 3347 1604 3401 admonitionem
1658 3348 1949 3403 dolorum:

400 3439 469 3492 ita
497 3449 550 3492 et
570 3438 749 3492 tunica
782 3438 869 3493 illa
894 3438 1170 3493 recondita
1201 3438 1368 3503 domi,
1413 3447 1469 3492 et
1505 3438 1707 3493 habens
1734 3438 1951 3508 sangui-

399 3545 519 3588 nem
547 3530 1023 3588 inveterascentem
1051 3545 1155 3585 non
1187 3528 1321 3584 haedi
1348 3537 1588 3599 putatum
1605 3529 1697 3584 sed
1731 3527 1947 3598 Ioseph,

395 3634 450 3687 et
480 3640 688 3680 morsus
721 3624 1000 3695 compositi
1044 3621 1157 3695 (29)
1206 3631 1261 3679 et
1316 3621 1551 3693 impositi
1595 3620 1853 3688 terarum,
1896 3629 1952 3677 et

397 3719 498 3772 hoc
525 3717 843 3772 silvestrium
868 3757 884 3781 ,
917 3731 1133 3786 semper
1172 3714 1439 3770 faciebant
1482 3714 1720 3768 dolorem
1744 3713 1946 3770 Jacob:

397 3807 601 3869 videns.
626 3806 963 3871 condiscens,
991 3817 1216 3876 tangens
1239 3820 1453 3875 semper
1474 3805 1642 3859 ﬁlium
1674 3821 1773 3876 per
1802 3805 1948 3860 illam

396 3900 627 3959 tunicam
659 3898 769 3969 (30)
800 3918 812 3953 :
845 3909 1066 3968 tangens
1099 3912 1215 3951 eam
1239 3908 1295 3952 et
1317 3897 1489 3952 oculis
1526 3896 1734 3952 videns.
1779 3896 1846 3951 Et
1884 3912 1949 3953 ne

393 3992 514 4060 quis
541 3990 891 4061 reprehendat
931 4002 1232 4045 sermonem
1260 4031 1275 4055 ,
1310 3988 1433 4058 quia
1475 3988 1741 4042 dolentem
1778 3987 1947 4044 intro-

392 4081 750 4150 ducojustum
779 4100 794 4136 :
823 4092 948 4138 sunt
991 4080 1132 4135 enim
1175 4091 1231 4135 et
1278 4080 1653 4136 misericordes
1691 4081 1946 4150 religiosi.

397 4172 528 4228 Nam
578 4183 633 4229 et
678 4174 981 4231 audivimus
1034 4190 1156 4229 eum
1208 4172 1670 4229 dicentem:Ctun
1730 4191 1946 4242 omnes,

395 4265 586 4335 inquit,
630 4265 731 4334 ﬁlii
775 4276 822 4318 et
864 4266 990 4334 filia:
1042 4267 1380 4321 accessissent
1431 4276 1487 4319 ut
1556 4266 1948 4320 consolarentur

390 4372 529 4418 eum,
565 4373 665 4409 non
686 4357 903 4425 suscepit
923 4372 1097 4410 eorum
1125 4355 1533 4412 consolationem
1558 4357 1631 4423 “;
1665 4373 1768 4412 non
1801 4358 1946 4413 sine-

2050 3357 2221 3410 dema
2254 3354 2387 3407 viris
2420 3354 2526 3405 vim
2560 3350 2671 3421 pati
2710 3348 2998 3411 mulieres,
3037 3354 3229 3400 natura
3272 3344 3386 3414 ipsa
3423 3342 3615 3415 mulie-p

2051 3462 2168 3502 rum
2197 3444 2431 3501 suadet:
2466 3441 2661 3511 Joseph
2708 3448 2890 3493 autem
2945 3437 3092 3491 solus
3142 3449 3173 3488 a
3220 3436 3445 3490 muliere
3500 3434 3608 3489 vim

2049 3534 2448 3608 periclitabatur
2482 3531 2781 3601 .‘sust'inere.
2833 3528 3073 3582 Accessit
3114 3525 3257 3580 enim
3307 3525 3499 3580 mulier
3539 3526 3609 3579 ad

2049 3629 2463 3690 adolescentem,
2522 3624 2633 3679 sola
2685 3622 2753 3677 ad
2814 3618 3339 3675 solum:bominum
3392 3615 3610 3670 videbat

2049 3722 2243 3779 nullus.
2284 3720 2378 3775 ille
2403 3727 2580 3772 autem
2612 3718 2701 3787 qui
2736 3714 2804 3769 ab
2830 3711 3137 3768 hominibus
3165 3724 3274 3763 non
3300 3707 3604 3772 videbatur,

2049 3814 2216 3869 Deum
2296 3808 2616 3867 invisibilem
2692 3804 3020 3861 intuebatur.
3098 3799 3426 3854 lmmittebat
3491 3795 3607 3850 fera

2049 3903 2275 3974 ungulas
2297 3916 2422 3958 suas
2472 3900 2540 3955 ad
2586 3897 2823 3952 tunicam
2876 3892 3096 3962 Ioseph.
3151 3890 3239 3945 ille
3286 3889 3463 3943 a‘uteth
3509 3886 3604 3956 qui

2048 4001 2399 4053 consueverat
2432 3991 2609 4047 tunica
2632 3987 2852 4051 salvari,
2886 3993 2941 4040 et
2964 3984 3054 4054 qui
3079 3981 3314 4053 tunicam
3344 3978 3605 4034 fratribus

2047 4084 2214 4149 dedit,
2239 4091 2292 4138 et
2318 4097 2349 4137 a
2375 4080 2685 4151 deceptione
2711 4077 2934 4133 fratrum
2956 4084 3041 4130 est
3069 4072 3348 4135 liberatus,
3387 4068 3606 4138 reliquit
3659 4119 3667 4130 ,

2046 4188 2103 4233 et
2135 4190 2275 4231 nunc
2295 4174 2530 4229 tunicam
2554 4172 2609 4226 in
2640 4186 2799 4225 manu
2828 4166 3097 4231 mulieris,
3130 4172 3189 4218 ut
3225 4178 3330 4218 non
3369 4161 3604 4215 dimitte-

2048 4279 2130 4325 ret
2150 4282 2300 4323 suam
2327 4266 2557 4321 animam
2592 4263 2645 4318 in
2671 4262 2915 4316 manibus
2954 4256 3293 4329 impudicitia:
3319 4273 3332 4309 :
3363 4262 3417 4309 et
3438 4253 3604 4313 exivit

2047 4361 2217 4416 nudus
2256 4374 2286 4413 a
2320 4358 2518 4424 tunica,
2560 4354 2813 4425 pudicitia
2861 4362 3037 4406 autem
3078 4349 3304 4403 amictus
3338 4362 3456 4411 sua,
3513 4343 3603 4400 illo

392 4450 483 4503 bat
511 4450 651 4505 enim
686 4451 862 4504 tunica
891 4452 1149 4522 sanguine
1194 4454 1379 4507 tincta.
1430 4452 1576 4507 Dixit
1618 4454 1759 4508 enim
1788 4468 1804 4508 :
1836 4454 1942 4509 De-
1976 4472 2023 4529 ι)
2050 4460 2234 4507 sancto
2253 4458 2307 4506 et
2336 4449 2530 4521 pudico
2556 4447 2870 4502 vestimento
2914 4443 3149 4498 indutus.
3202 4435 3391 4492 Mulier
3422 4443 3600 4529 autem

386 4544 629 4609 scendam
653 4544 720 4597 ad
749 4543 1007 4610 infernum
1028 4562 1145 4599 cum
1173 4546 1348 4601 dolore
1377 4548 1445 4600 ad
1464 4547 1634 4615 ﬁliuni
1659 4546 1704 4579 "
1734 4566 1748 4602 :
1776 4557 1954 4605 tantus
1980 4526 1999 4529 ⁷
2051 4544 2237 4598 videns
2262 4542 2411 4613 pueri
2461 4536 2842 4601 constantiam,
2882 4545 2935 4591 et
2981 4531 3246 4605 pudicitia:
3299 4526 3597 4596 imperium,

390 4644 508 4689 erat
551 4636 722 4690 dolor.
760 4636 859 4692 Ubi
888 4652 1015 4708 ergo
1049 4638 1330 4706 promissio
1372 4640 1499 4694 est?
1540 4640 1690 4710 cujus
1723 4640 1950 4710 promis-
2046 4635 2293 4691 detinens
2329 4633 2562 4688 tunicam
2605 4630 2740 4700 ejus,
2786 4627 2927 4683 sicut
2973 4639 3133 4679 canes
3178 4622 3483 4676 irascuntur
3531 4618 3599 4671 ad

390 4727 591 4783 sionem
630 4728 899 4801 impletam
932 4730 1068 4799 patri
1120 4728 1330 4785 deﬂenti
1385 4740 1478 4785 aut
1510 4731 1620 4787 ﬁlio
1659 4731 1947 4787 morienti?
2042 4728 2244 4799 lapides
2264 4724 2355 4796 qui
2385 4725 2451 4779 ad
2474 4738 2567 4779 eos
2594 4722 2796 4777 fuerint
2828 4718 2978 4775 missi
3008 4738 3021 4773 :
3050 4726 3105 4772 et
3129 4716 3269 4770 sicut
3292 4713 3600 4783 frequenter

390 4820 523 4891 Nam
549 4822 647 4875 etsi
676 4837 780 4877 non
807 4832 888 4877 est
914 4833 1175 4886 mortuus,
1211 4833 1389 4878 tamen
1416 4824 1661 4878 timorem
1689 4831 1941 4891 expertus
2040 4820 2257 4892 quidam
2328 4816 2640 4885 effugientes
2708 4812 2909 4870 bestias
2940 4850 2956 4875 ,
3031 4818 3236 4880 partem
3295 4806 3597 4860 vestimenti

388 4923 473 4968 est
501 4914 709 4969 mortis.
762 4913 893 4968 Puta
944 4916 1070 4984 quia
1101 4930 1205 4970 non
1251 4925 1335 4969 est
1365 4923 1650 4978 mortuus,
1703 4928 1807 4969 non
1859 4920 1946 4967 est
2034 4913 2321 4985 jactantes,
2356 4910 2578 4976 {faciunt
2617 4922 2709 4962 eas
2760 4906 2892 4959 iram
2935 4903 2990 4958 in
3040 4910 3244 4972 partem
3297 4896 3595 4953 vestimenti

388 5004 695 5069 distractus,
741 5022 845 5060 non
898 5007 1130 5061 serviit?
1178 5006 1267 5062 ille
1315 5005 1443 5076 quia
1499 5006 1551 5061 in
1614 5006 1734 5059 sinu
1793 5006 1939 5059 lusus
2038 5005 2303 5073 deponere
2326 5016 2477 5056 suam
2515 4998 2733 5056 :itailla
2761 4997 2878 5061 lea,
2907 5005 2999 5050 aut
3023 4994 3124 5049 alia
3146 4994 3386 5064 quietiam
3429 4988 3595 5045 bestia

390 5097 555 5164 patris
580 5097 688 5166 (3f)
720 5112 901 5168 agens,
941 5114 1046 5152 non
1072 5098 1390 5153 mittebatur
1432 5096 1601 5161 foras,
1644 5111 1785 5152 nunc
1827 5111 1941 5153 ser-
2038 5094 2429 5161 dira,tunicam
2450 5091 2627 5164 pudici
2652 5088 2943 5158 accipiens,
2965 5097 3018 5142 et
3040 5086 3283 5141 manibus
3308 5094 3363 5139 et
3386 5082 3595 5155 ungulis

391 5186 484 5238 vit.
520 5184 698 5240 Servit
726 5197 926 5253 autem,
961 5196 1015 5241 et
1039 5190 1350 5242 servitutem
1393 5185 1791 5258 Egyptiorum.
1829 5184 1935 5241 Sed
2038 5186 2498 5258 comprehenderis
2521 5191 2577 5239 et
2601 5190 2810 5248 tenens,
2838 5190 2894 5236 et
2922 5179 3169 5235 scindens
3191 5177 3423 5233 undioue
3451 5192 3594 5231 com-

457 5383 662 5442 ”Gen.
696 5402 894 5451 xxxvn,
927 5385 1015 5441 52.
1088 5384 1135 5417 “
1162 5383 1289 5439 ibid.
1336 5384 1425 5440 55.
1498 5385 1541 5417 “
1564 5385 1691 5440 ibid.
1753 5385 1809 5417 ‘“
1849 5384 1984 5443 Gen.
2020 5400 2210 5450 usus,
2257 5383 2311 5443 7.

2105 5588 2217 5659 (3i)
2247 5586 2313 5659 ζῆ
2354 5587 2470 5640 sinu
2491 5586 2867 5659 [διεκείμην-ξε.Δ
2880 5585 2984 5641 Pro
3006 5587 3065 5659 in
3097 5590 3211 5642 sinu
3240 5590 3404 5657 patris
3435 5590 3582 5656 Iustis

2034 5654 2211 5727 agens.
2243 5656 2413 5727 Supra
2437 5671 2557 5724 pag.
2595 5654 2715 5711 s85.
2750 5671 2805 5709 a.
2835 5654 2962 5711 Post
2986 5658 3151 5726 futuri
3178 5654 3297 5713 sunt
3326 5670 3395 5723 te.

2104 5725 2213 5800 ('52)
2245 5724 2548 5807 lapidibus,
2581 5727 2631 5783 id
2659 5737 2770 5801 est,
2810 5724 3037 5791 qemmis.

456 5588 570 5658 (29)
620 5587 824 5643 Marsus
876 5588 1160 5658 compositi.
1201 5587 1467 5644 Morsuum
1511 5601 1647 5647 notae
1691 5590 1929 5655 confictae

348 5716 349 5721 η
386 5660 451 5727 ad
484 5659 768 5719 rallendum
795 5668 1015 5727 patrem.

456 5729 567 5800 (50)
600 5727 695 5795 Ms.
730 5727 831 5793 Per
867 5730 1010 5787 illam
1045 5728 1282 5801 electam
1317 5731 1559 5793 tunicam.
