4050 6206
469 263 609 321 108⁸1

1112 258 1201 313 EC
1211 257 1381 312 SEBIl
1420 257 1530 313 CB
1540 256 1783 311 SARIEN
1793 257 1897 311 SlS
1934 258 2062 312 OPP

2167 260 2302 310 Ακδ
2339 261 2426 310 ιν.
2466 286 2537 296 -
2574 263 2989 312 υυίιΜΑἶιιΑ.

3581 270 3729 320 1088

471 384 706 454 ponebat
746 380 934 434 falsam
978 378 1410 433 adinventionem
1458 393 1609 432 suam
1638 378 1834 447 pudico
1872 377 2042 431 ascri-
2072 380 2116 437 Α
2146 385 2271 429 stmt
2292 390 2321 428 a
2351 377 2771 431 resurrectione.
2804 377 2868 430 Et
2890 378 3133 433 videmur
3152 382 3368 450 quidem
3400 388 3723 450 protrahere

474 478 627 538 hens,
655 483 710 528 et
734 474 1029 527 honestiam
1056 470 1171 541 (33)
1201 472 1264 523 ad
1284 486 1341 525 se
1364 471 1709 525 transferens.
1745 468 2039 539 lmpudenti

474 569 616 621 enim
648 567 843 621 clamat
864 580 1014 626 voce,
1038 578 1086 618 et
1107 575 1368 619 convocat
1391 568 1646 618 adversus
1670 579 1729 618 se
1752 564 2046 618 convictio-

477 677 597 715 nem
628 671 679 714 et
712 660 837 712 dicit
876 677 889 713 :
924 658 1127 723 Venite,
1183 658 1390 726 inquit,
1438 668 1484 710 et
1522 658 1683 711 videte
1709 672 1728 710 :
1756 656 2044 709 introduxit

476 768 691 822 puerum
726 749 1001 804 Hebraeum
1037 751 1101 802 ⁸⁷.
1131 747 1340 801 Dicitur
1365 749 1697 817 ingenuitas,
1750 759 1807 799 ut
1860 747 2047 800 illudat

479 858 575 896 nos
605 860 616 894 :
644 842 1022 908 subingressns
1046 852 1125 895 est
1161 840 1311 904 mihi,
1348 840 1531 894 volens
1559 840 1662 892 vim
1697 839 1892 892 facere.
1939 838 2045 891 Pu-

479 946 561 990 tas
588 950 690 989 non
718 935 938 988 offendit
969 936 1144 997 lingua
1183 934 1544 1004 impudentis?
1579 934 1832 987 Miramur
1867 935 1910 988 si
1941 948 2046 987 non

477 1041 561 1083 est
592 1039 825 1083 mutatus
865 1029 979 1094 ejus
1014 1030 1197 1083 color?
1250 1027 1585 1083 Conscientia
1621 1028 1786 1092 enim,
1836 1026 2045 1081 etiamsi

479 1124 711 1175 occultat
768 1123 1006 1189 lat-tum,
1060 1134 1235 1174 tamen
1289 1136 1383 1188 per
1434 1121 1607 1174 vultus
1658 1137 1753 1174 sua
1804 1121 2050 1188 producit

478 1216 721 1283 vestigia.
756 1214 1071 1269 Cot'ifet’ebat
1115 1226 1290 1267 autem
1320 1215 1382 1266 ad
1415 1215 1720 1281 ﬁgmentum
1752 1214 1898 1267 color
1931 1214 2052 1266 itui-

464 1318 626 1362 tatus
680 1308 811 1379 (54).
866 1291 1154 1361 Videbatur
1208 1308 1349 1359 enim
1402 1307 1467 1358 ad
1496 1306 1605 1359 vim
1663 1320 1783 1359 esse
1840 1306 2051 1367 durata,

481 1419 641 1471 quam
672 1403 784 1470 ipsa
812 1403 1025 1470 quidem
1054 1401 1276 1461 fecerat,
1310 1415 1521 1466 passam
1551 1409 1729 1453 autem
1770 1415 1827 1453 se
1854 1397 2055 1453 conﬁn-

483 1498 660 1565 gebat.
687 1494 1059 1563 Subingressus
1084 1504 1155 1546 est
1187 1495 1333 1554 mihi.
1376 1493 1547 1563 inquit
1582 1493 1884 1560 impudens.
1915 1489 2053 1544 Sub‘

485 1591 757 1657 ingressus
806 1600 887 1642 est
944 1588 1072 1641 mibi
1122 1588 1268 1651 dicit,
1301 1602 1417 1655 qua)
1453 1587 1794 1654 subiugi-essa
1834 1594 1951 1649 est;
2006 1592 2053 1636 et

484 1682 793 1748 clamavi",
824 1684 915 1735 ait.
963 1681 1024 1735 Et
1050 1691 1195 1735 certe
1249 1697 1355 1734 non
1414 1680 1674 1739 clamasti.
1721 1680 1819 1733 nisi
1871 1688 2052 1748 postea

488 1792 644 1838 quam
669 1790 915 1847 egressus
941 1783 1023 1827 est
1051 1774 1361 1828 adolescens
1396 1793 1409 1827 :
1445 1785 1491 1828 et
1533 1775 1765 1841 reliquit,
1787 1774 1881 1837 ait,
1908 1788 2055 1825 suam

488 1870 738 1933 tunicam,
772 1879 818 1922 et
842 1869 976 1938 fugit
1002 1870 1066 1923 δ’.
1097 1870 1160 1921 ΕΙ.
1196 1878 1343 1923 certe
1373 1883 1475 1920 non
1519 1878 1601 1922 est
1642 1868 1748 1920 vim
1793 1866 2057 1929 facientis,

486 1970 545 2012 ut
579 1962 838 2031 relinquat
865 1978 1017 2015 suam
1044 1962 1299 2015 tunicam.
1334 1960 1409 2013 Ad
1446 1959 1837 2013 convictionem
1880 1972 2060 2025 super-

487 2055 631 2106 venit
664 2067 713 2108 et
744 2054 995 2107 dominus
1024 2054 1230 2115 domus,
1254 2053 1343 2120 qui
1372 2067 1587 2105 omnem
1631 2051 1847 2104 domum
1880 2051 2055 2106 credi-

486 2144 641 2197 derat
667 2145 885 2211 .loseplt.
917 2144 1299 2197 Accedittenca
1337 2144 1511 2198 fronte
1543 2144 1757 2208 mulier,
1785 2154 1835 2199 et
1867 2145 2058 2197 iterum

489 2239 683 2306 repetit
750 2238 1059 2308 ﬁgmentqu
1099 2239 1241 2305 quod
1298 2236 1466 2290 fuerat
1533 2238 1782 2291 meditata
1832 2256 1845 2291 :
1887 2236 2061 2307 lacry-

491 2344 752 2397 mansque
780 2341 832 2384 et
860 2328 1078 2393 deﬂens,
1116 2340 1207 2382 aut
1237 2329 1359 2398 quia
1415 2345 1519 2382 non
1571 2331 1745 2398 potuit
1798 2330 2061 2390 obtinere,

490 2434 581 2476 aut
610 2423 733 2493 quia
759 2434 1061 2492 contempta
1085 2432 1189 2484 ρει,
1221 2434 1311 2475 aut
1340 2422 1462 2490 quia
1514 2438 1619 2475 non
1656 2422 1902 2475 manibus
1940 2436 2059 2475 eum

492 2513 968 2583 iam'prmfocavit.
1020 2514 1353 2568 Desiderium
1402 2515 1543 2568 enim
1586 2522 1946 2580 contemptura
1996 2514 2060 2565 ad

489 2606 625 2661 iram
656 2609 1002 2660 convertitur.
1042 2606 1177 2672 Quid
1216 2606 1449 2672 igiturin
1487 2606 1569 2659 his
1589 2605 1805 2675 agitur?
1831 2604 2062 2659 Pudicus

493 2706 781 2751 accusatur
811 2698 877 2749 ab
909 2697 1192 2765 impudica.
1234 2696 1347 2751 Non
1376 2698 1586 2749 miraris
1611 2697 1733 2766 quia
1762 2711 1864 2749 non
1890 2696 2063 2749 statim

494 2805 777 2857 aggressus
814 2800 894 2844 est
929 2790 1029 2851 vir,
1078 2800 1130 2842 et
1161 2791 1259 2843 hoc
1296 2789 1577 2860 [Egyptius
1625 2788 1808 2843 calidae
1860 2800 2066 2842 natura:

496 2883 655 2934 boum
681 2892 731 2935 et
772 2881 871 2935 loci
911 2883 1131 2935 laniavit
1154 2881 1545 2935 adolescentem
1576 2897 1589 2934 :
1621 2881 1663 2935 si
1685 2881 1903 2949 quidem
1933 2891 2065 2934 aetas

486 2969 1057 3038 ‘babetsuspicionem,
1093 2980 1145 3022 et
1179 2986 1296 3039 qua!
1319 2970 1543 3023 voeabat
1570 2981 1624 3024 et
1661 2972 1976 3033 accusabat,
2013 2978 2066 3023 et

2149 474 2434 520 tractatum
2470 467 2559 519 diu
2591 467 2692 521 hoc
2713 479 3033 535 exposcente
3066 480 3119 523 et
3155 481 3422 527 maturam
3459 474 3722 531 refectio-

2148 577 2269 614 nem
2301 570 2505 614 tenere.
2541 556 2645 613 Sed
2674 559 2813 613 forte
2853 574 2948 614 nec
2979 560 3257 616 immorari
3294 576 3377 617 est
3401 565 3466 619 ad
3506 570 3723 632 otium;

2147 660 2359 719 oportet
2400 650 2545 704 enim
2595 658 2908 704 constantes
2955 648 3067 704 fieri
3110 652 3174 703 ad
3233 666 3490 721 mortem,
3546 668 3602 711 et
3652 659 3725 712 ita

2152 746 2294 798 reﬁci
2319 745 2477 799 escis.
2515 742 2822 796 Elliciamur
2851 744 3014 812 igitur
3044 754 3099 796 et
3134 761 3231 798 nos
3259 748 3438 814 medii,
3464 760 3520 802 et
3547 765 3726 816 neque

2148 849 2296 892 extra
2331 851 2638 890 mensuram
2671 834 3050 903 protendamus
3072 849 3375 889 sermonem
3405 856 3418 890 :
3448 854 3555 891 non
3590 838 3725 892 sinit

2149 932 2290 984 enim
2328 937 2538 997 tempus
2570 946 2583 981 :
2612 942 2786 996 neque
2831 927 3021 981 iterum
3068 927 3224 981 valde
3274 928 3612 999 colligamus.
3670 940 3726 986 ut

2152 1024 2397 1077 fruamur
2417 1033 2471 1076 et
2505 1021 2814 1075 festivitate.
2853 1020 2916 1074 Et
2948 1021 3069 1088 quia
3099 1035 3195 1073 nos
3216 1036 3279 1073 ex
3310 1022 3478 1075 anima
3511 1033 3567 1076 et
3594 1038 3727 1077 cor-

2150 1132 2279 1186 pore
2303 1117 2488 1169 sumus
2512 1114 2815 1182 compositi,
2858 1128 3143 1182 pascamus
3174 1112 3402 1166 animam
3440 1131 3636 1170 mensu
3650 1115 3732 1170 ria

2153 1209 2403 1277 propriis,
2436 1218 2492 1260 ttt
2542 1217 2594 1260 et
2636 1206 2747 1273 ipsa
2792 1205 2998 1259 reﬁciat
3032 1222 3262 1275 corpora
3312 1224 3339 1259 a
3393 1210 3729 1263 constantia.

2156 1302 2259 1356 Sed
2282 1302 2406 1371 quid
2432 1300 2630 1353 vultis?
2660 1300 2993 1352 dimittetnus
3015 1296 3210 1367 Joseph
3239 1302 3289 1352 in
3314 1301 3622 1355 carcerem?
3667 1309 3734 1356 et

2154 1407 2310 1461 quem
2344 1392 2485 1446 Deus
2518 1405 2620 1444 non
2654 1390 2869 1458 reliquit
2930 1389 2980 1441 in
3028 1404 3278 1454 carcere,
3328 1407 3426 1446 nos
3476 1408 3734 1449 sermone

2158 1483 2438 1551 pingentes
2465 1482 2825 1546 relinquemus
2850 1477 3100 1546 ligatum?
3128 1478 3328 1548 thnis
3354 1484 3735 1538 adhortabitur

2157 1574 2467 1643 pudicitiam
2511 1573 2772 1627 studere?
2820 1576 2940 1643 quis
2975 1588 3154 1627 autem
3196 1578 3399 1630 amabit
3443 1578 3731 1633 continen-

2160 1669 2310 1728 tiam,
2366 1666 2550 1719 videns
2604 1667 2654 1718 in
2700 1682 2919 1723 carcere
2984 1670 3297 1724 derelictum
3366 1669 3607 1740 Joseph?
3664 1671 3732 1727 Et

2162 1766 2307 1812 certe
2332 1758 2376 1811 si
2403 1758 2733 1826 relinquatur
2769 1757 2965 1828 Joseph
3009 1762 3059 1815 in
3093 1777 3333 1826 carcere,
3386 1772 3438 1817 et
3488 1774 3734 1818 mortuus

2163 1847 2323 1901 fuerit
2357 1862 2475 1899 cum
2522 1849 2801 1915 pudicitia,
2842 1865 2964 1917 spes
3018 1855 3430 1908 resurrectionis
3478 1871 3583 1909 non
3620 1857 3729 1910 cir-

2162 1938 2472 1991 cumscribit
2502 1954 2671 2007 spem.
2714 1939 2818 1993 Sed
2856 1941 2983 2008 quia
3030 1959 3132 1996 non
3182 1945 3388 1998 dimisit
3430 1961 3552 1999 eum
3593 1946 3736 2000 Deus

2164 2028 2215 2080 in
2284 2042 2527 2090 carcere,
2580 2028 2749 2082 simus
2806 2032 3104 2097 patientes,
3158 2043 3213 2086 et
3283 2035 3563 2087 audiamus
3615 2034 3733 2102 ejus

2162 2138 2456 2190 egressum.
2511 2123 2575 2177 Et
2608 2140 2729 2178 cum
2773 2126 2859 2180 ille
2888 2126 3048 2180 fuerit
3078 2128 3331 2189 emissus,
3382 2140 3505 2183 tunc
3534 2140 3585 2182 et
3631 2146 3743 2185 nos

2164 2216 2501 2269 dimittamur
2533 2232 2653 2269 cum
2690 2233 2776 2271 eo.
2812 2216 3004 2287 Jost‘plt
3061 2220 3221 2287 igitur
3250 2234 3364 2275 erat
3413 2223 3461 2274 itt
3508 2236 3735 2277 carcere

2164 2310 2368 2365 habens
2408 2310 2628 2365 delicias
2674 2326 2741 2364 ex
2797 2312 3052 2367 uberibus
3100 2315 3397 2379 pudicitiae,
3447 2315 3738 2368 honestate

2167 2403 2414 2465 indutus,
2470 2403 2697 2471 diligens
2747 2404 2917 2469 magis
2958 2421 3230 2458 carcerem
3279 2423 3430 2472 quam
3480 2420 3733 2462 amorem

2166 2494 2306 2548 illius
2352 2493 2557 2561 bestiar,
2602 2505 2897 2552 amatorem
2943 2498 3168 2553 fetorem
3215 2498 3330 2552 frui.
3382 2500 3539 2554 lsmm
3575 2504 3739 2556 enim

2165 2587 2581 2654 prtebonorabat
2629 2591 2939 2659 unguentis.
2995 2591 3087 2643 Ast
3143 2591 3363 2658 pudicus
3401 2593 3741 2661 amplectens

2167 2678 2379 2731 vincula
2439 2680 2629 2749 magis,
2674 2696 2833 2749 quant
2890 2689 3136 2734 ornatum
3196 2679 3496 2750 Egyptize;
3546 2699 3741 2736 amans

2167 2770 2447 2824 oculorum
2488 2773 2738 2826 tenebras
2785 2784 3006 2842 propter
3037 2776 3211 2829 lumen
3243 2778 3435 2828 aninue
3462 2792 3475 2839 ;
3509 2775 3739 2831 libenter

2170 2863 2395 2916 audiens
2425 2864 2656 2931 gemitus
2694 2867 2964 2930 careeris,
2995 2882 3153 2931 quam
3197 2868 3385 2922 videns
3442 2868 3647 2939 lapides
3683 2868 3736 2921 in

2169 2950 2440 3005 luxuriosa
2478 2952 2653 3006 fronte
2706 2963 2760 3007 et
2796 2955 3089 3010 immunda.
3145 2955 3245 3011 Ubi
3283 2973 3413 3028 ergo
3448 2969 3573 3011 sunt
3602 2972 3745 3026 prm.

499 3064 586 3131 qni
629 3065 693 3116 ad
722 3078 903 3116 vocem
935 3063 1048 3128 ejus
1074 3074 1449 3123 cucurrerant,
1498 3074 1550 3115 et
1581 3064 1756 3115 tunica
1791 3078 1909 3131 quae
1942 3063 2062 3116 reti-

2171 3043 2432 3097 dictiones
2455 3044 2479 3096 ?
2502 3043 2616 3098 Noli
2649 3059 2961 3115 pr0perare,
2996 3059 3047 3102 et
3078 3050 3281 3103 audies.
3322 3050 3738 3104 lrasciturf’ha-

500 3156 745 3219 nebatur,
809 3154 1054 3207 movebai
1107 3155 1377 3209 dominum
1419 3156 1483 3207 ad
1525 3157 1964 3223 imlignationem,
2013 3167 2067 3210 et

501 3247 675 3301 honor
702 3246 789 3312 qui
830 3256 945 3299 erat
986 3246 1142 3299 datus
1169 3248 1214 3299 ei
1245 3246 1335 3316 qui
1388 3247 1564 3299 fuerat
1615 3249 1920 3301 distractus.
1961 3247 2069 3301 Mo-

502 3338 656 3390 vebat
690 3347 866 3389 autem
905 3346 957 3389 et
997 3338 1355 3407 suspicionem
1400 3338 1759 3407 pulchritudo.
1818 3338 1881 3391 Et
1926 3348 2068 3391 tanta

502 3430 717 3498 quidem
751 3439 905 3482 erant
931 3445 1048 3495 quae
1073 3432 1137 3483 ad
1173 3431 1327 3484 ﬁdem
1355 3432 1737 3500 provocabant.
1770 3428 2073 3485 Snﬁieiebat

510 3531 691 3575 autem
730 3522 794 3573 ad
844 3522 1024 3589 operis
1073 3522 1455 3576 dubitationem
1502 3523 1647 3589 pueri
1700 3522 1960 3590 sapientia
2019 3531 2074 3575 et

503 3611 860 3682 pulchritudo.
926 3610 1032 3664 Cur
1088 3613 1229 3665 enim
1294 3627 1416 3666 eum
1487 3628 1590 3664 non
1653 3613 1832 3664 statim
1890 3613 2073 3680 dispa-

505 3705 645 3758 ravit
669 3704 819 3774 (55)?
844 3705 965 3772 quia
1008 3703 1206 3757 sciebat
1233 3705 1382 3773 pueri
1416 3716 1591 3755 mores
1624 3720 1636 3755 :
1665 3703 1869 3756 medius
1893 3714 2069 3755 autem

506 3794 679 3857 factus
705 3795 822 3847 fidei
861 3805 914 3849 et
957 3794 1315 3847 ineredulitati
1345 3793 1639 3856 dilaniavit,
1688 3795 1777 3847 sed
1826 3794 2074 3849 dubitans

510 3901 613 3940 ttOtt
647 3886 958 3953 disparavit.
994 3884 1056 3937 Et
1080 3886 1294 3954 quidem
1332 3885 1503 3953 ipsum
1530 3885 1651 3951 quia
1688 3901 1791 3939 non
1829 3886 2072 3947 credidit,

509 3980 573 4030 ad
598 3994 868 4033 Caret-rem
903 3980 1049 4031 misit
1077 3992 1090 4029 :
1116 3977 1203 4046 qui
1232 3989 1278 4031 et
1306 3989 1586 4046 susceptus
1615 3988 1720 4031 est.
1758 3976 1885 4041 Quae
1917 3978 2077 4044 igitur

509 4072 965 4125 dinumerabimus
995 4069 1235 4139 Joscplt?
1276 4069 1468 4121 bonam
1501 4072 1615 4138 ejus
1645 4070 2073 4123 interfectionem

510 4164 619 4235 (36)
648 4167 884 4216 dicemus
913 4181 925 4216 :
954 4176 1039 4215 aut
1076 4163 1266 4215 bonam
1307 4161 1659 4228 jactationetn
1696 4164 1743 4215 in
1789 4163 1937 4225 lacu;
1981 4163 2073 4215 sed

510 4255 936 4316 distractionem,
964 4253 1054 4306 sed
1092 4252 1399 4311 servitutem
1425 4271 1439 4320 ;
1469 4264 1588 4322 post
1616 4255 1729 4307 haec
1766 4253 1861 4308 Sed
1892 4269 2078 4307 exsur-

512 4351 802 4402 ret-tionem
836 4347 1077 4400 nmlieris
1122 4348 1434 4431 intpudicm;
1477 4348 1568 4401 sed
1616 4347 1810 4399 lactant
1869 4348 2073 4401 calum-

2172 3174 2266 3211 rao
2290 3158 2497 3212 duobus
2529 3158 2710 3226 pueris
2741 3157 2853 3212 suis
2881 3160 3103 3213 snnunis
3144 3176 3174 3214 e
3212 3161 3511 3215 ministerio
3539 3161 3601 3224 '°,
3626 3161 3747 3217 ira-

2173 3259 2258 3303 tus
2293 3259 2376 3303 est
2410 3249 2634 3313 Pharao,
2682 3250 2808 3317 quia
2866 3252 3132 3319 propitius
3180 3264 3296 3304 erat
3330 3250 3523 3324 Josepb
3575 3252 3739 3310 Deus.

2171 3338 2453 3394 Mittuntur
2481 3341 2546 3394 ad
2586 3356 2879 3405 carcerem,
2906 3354 2958 3394 et
2987 3343 3143 3396 simul
3180 3361 3301 3397 cum
3334 3344 3537 3414 .losepb
3568 3346 3738 3400 reclu-

2173 3432 2389 3483 (luntur.
2414 3430 2610 3499 .loseph
2645 3440 2823 3485 autem
2855 3442 2905 3484 et
2940 3432 2992 3485 in
3023 3449 3240 3487 carcere
3279 3445 3331 3487 et
3381 3436 3502 3490 istic
3549 3434 3729 3491 ﬁdelis.

2175 3519 2325 3573 Sicut
2379 3519 2522 3572 enim
2579 3520 2841 3573 creditam
2910 3524 3116 3591 accepit
3177 3524 3396 3579 domum
3472 3525 3737 3597 Egyptii,

2174 3610 2461 3664 custodivit
2522 3610 2677 3665 ﬁdem
2739 3612 2903 3665 etiam
2960 3629 3083 3668 cum
3132 3616 3575 3674 calumniaretur.
3627 3618 3751 3673 Non.

2174 3705 2314 3755 enim
2338 3702 2526 3755 detulit
2555 3702 2832 3770 damnum,
2865 3708 2959 3758 sed
2996 3722 3186 3775 passus
3223 3717 3306 3761 est
3342 3709 3455 3777 ipse
3490 3710 3744 3781 injuriam

2175 3795 2281 3863 pati
2313 3809 2472 3862 quant
2508 3792 2705 3858 facere,
2755 3806 2810 3849 et
2839 3796 3058 3850 diﬁ'erre
3092 3800 3308 3852 domum
3352 3802 3469 3869 ejus
3525 3807 3610 3872 qui
3640 3805 3751 3858 sibi

2173 3886 2495 3940 crediderat.
2523 3886 2824 3941 Creduntnr
2866 3900 2917 3942 et
2969 3891 3173 3959 religati
3218 3892 3269 3944 in
3304 3909 3524 3949 carcere
3564 3896 3611 3949 ei
3639 3895 3729 3964 qui

2174 3980 2366 4031 eratin
2398 3995 2635 4033 carcere.
2701 3981 2822 4037 Flos
2866 3983 3008 4035 enim
3057 3984 3330 4049 pudicitia:
3378 3987 3736 4040 annuntiabat

2178 4082 2271 4134 per
2297 4068 2523 4121 frontem
2557 4086 2801 4139 puerum.
2838 4070 2904 4125 Et
2942 4071 2990 4122 in
3026 4080 3169 4124 tanta
3211 4074 3530 4127 abundantia
3571 4076 3737 4129 habe-

2180 4160 2562 4225 batsolatium,
2586 4172 2642 4216 ut
2676 4164 2785 4231 ipse
2824 4165 3077 4232 cssetqui
3118 4165 3484 4219 consolaretur
3514 4168 3740 4222 tristan-

2180 4262 2277 4306 tes.
2310 4252 2547 4306 Habebat
2579 4255 2717 4308 enim
2766 4256 2996 4309 frontem
3040 4258 3291 4326 pudicitia
3331 4260 3739 4325 germinantem.

2183 4342 2425 4411 Suscepit
2449 4355 2500 4397 et
2536 4360 2728 4414 pueros
2755 4347 3072 4412 Pharaonis,
3101 4366 3300 4419 eosque
3332 4352 3509 4406 statim
3546 4368 3745 4405 conso-

513 4440 654 4494 niam
681 4446 734 4491 et
763 4419 1379 4491 accusationem.falsam
1424 4436 1476 4489 itt
1518 4437 1919 4490 adatnantinum
1949 4440 2070 4491 ado-
2108 4416 2149 4471 ί)
2180 4433 2321 4485 lttlllr
2349 4453 2360 4486 :
2391 4438 2512 4503 Quia
2560 4448 2677 4492 erat
2722 4451 2999 4508 Sttsceptor
3052 4453 3105 4495 et
3160 4460 3325 4512 nepos
3383 4444 3632 4507 Abt'altte,
3690 4455 3746 4498 et

513 4534 820 4587 lescvntem.
856 4529 966 4583 Non
998 4540 1077 4583 est
1101 4529 1308 4582 locutus
1336 4527 1532 4597 Joseplt
1566 4550 1577 4583 :
1610 4547 1716 4582 non
1767 4531 1891 4583 fecit
1940 4534 2075 4586 satis

514 4625 603 4694 qui
651 4623 1114 4677 calumniabatur:
1150 4638 1252 4675 ttott
1302 4632 1383 4676 est
1444 4624 1700 4676 contusus
1758 4638 1854 4690 pro
1899 4621 2076 4689 impu-

515 4718 695 4782 denti;
740 4715 923 4768 tnaluit
949 4714 1080 4768 mori
1122 4714 1504 4777 calumniatus,
1533 4731 1690 4781 quam
1737 4714 1811 4768 uti
1855 4717 2077 4769 veritate

516 4812 579 4863 ad
601 4812 846 4863 salutem.
875 4808 1036 4860 Putas
1062 4819 1114 4860 et
1142 4808 1257 4862 istic
1287 4807 1525 4861 imitator
1562 4816 1717 4861 estet
1744 4806 1911 4860 forma
1940 4809 2075 4877 ejus,

516 4906 603 4971 qui
634 4920 735 4957 non
764 4900 972 4970 aperuit
1002 4915 1093 4954 eos
1124 4915 1275 4954 Suum
1325 4914 1441 4953 cum
1478 4899 1921 4954 Calumniaretur.
1971 4898 2075 4953 Sed

520 4994 711 5063 Ioseph
742 4995 932 5050 iterum
983 4995 1047 5044 ad
1087 5007 1382 5046 carcerem.
1442 4992 1505 5044 Et
1554 4994 1638 5045 ubi
1663 5004 1743 5045 est
1772 4991 2075 5047 .luda-orum

521 5089 680 5159 spes?
731 5088 835 5141 Sed
893 5086 958 5139 de
1004 5087 1396 5140 resurrectione
1457 5098 1815 5155 proponentes
1863 5088 2074 5148 dicere,

522 5182 841 5236 lthttl't'itttttS
871 5179 922 5233 in
964 5178 1296 5234 necessarios
1327 5193 1625 5246 sermones,
1661 5179 1752 5250 qui
1778 5186 1890 5249 non
1918 5179 2073 5232 alieni

591 5341 635 5373 δ’
662 5342 794 5397 Cen.
828 5360 1013 5412 xxxix,
1051 5345 1135 5402 M.

594 5496 701 5579 (335)
737 5496 1061 5553 Honestiam.
1094 5499 1451 5564 Iloncstotem,
1493 5510 1548 5554 ut
1593 5515 1622 5552 a
1666 5500 1934 5553 modestus
1964 5514 2077 5553 mo-

525 5566 716 5626 (testia.

498 5696 507 5705 ε
594 5636 707 5705 (54)
742 5636 840 5690 Ms.
883 5638 1036 5692 Color
1059 5651 1307 5695 mutatus.

618 5638 684 5691 54
742 5636 840 5690 Ms.
883 5638 1036 5692 Color
1059 5651 1307 5695 mutatus.

594 5636 710 5779 ἒὸὅζ
744 5706 1059 5776 υιψαωιοὶι.
1095 5710 1432 5775 Dilaceravit,
1468 5710 1698 5766 medium
1732 5710 1936 5766 difﬁdit.

2178 4527 2392 4595 sapiens
2441 4528 2615 4583 valde.
2664 4530 2941 4600 Ingressus
2982 4534 3143 4603 igitur
3193 4538 3243 4590 in
3288 4553 3393 4590 uno
3426 4538 3628 4589 dierum
3677 4538 3744 4590 ad

2176 4633 2373 4687 pueros
2396 4617 2712 4686 Pharaonis,
2743 4625 2873 4677 vidit
2898 4628 3074 4681 vultus
3103 4645 3286 4682 eorum
3319 4631 3626 4683 immutatos
3645 4670 3660 4693 ,
3692 4640 3748 4684 et

2180 4713 2587 4782 intellexitquia
2633 4732 2784 4771 mens
2826 4733 3010 4773 eorum
3052 4732 3168 4774 erat
3211 4724 3421 4774 turbata
3454 4731 3548 4776 :et
3581 4722 3748 4775 inter-

2182 4816 2332 4873 rogat
2363 4821 2604 4872 causam,
2648 4824 2765 4873 quze
2799 4809 2895 4862 ista
2928 4820 3070 4863 esset
3112 4814 3162 4863 in
3188 4812 3267 4864 eis
3295 4812 3615 4873 immutatio.
3666 4810 3746 4865 Illi

2183 4907 2360 4950 autem
2397 4910 2647 4965 promunt
2696 4900 2998 4966 insomnia,
3036 4911 3089 4956 et
3132 4902 3246 4957 hinc
3294 4903 3545 4970 duplicia.
3597 4900 3751 4957 Sient

2182 4990 2323 5042 enim
2351 5002 2404 5043 et
2430 4991 2479 5043 in
2512 5002 2733 5060 paterna
2771 4993 2898 5047 vidit
2928 4995 3087 5046 domo
3111 5036 3124 5052 .
3154 5004 3206 5047 et
3238 4996 3544 5063 procuravit
3578 4993 3745 5059 Deus,

2183 5081 2303 5135 licet
2340 5090 2391 5132 et
2418 5082 2671 5135 contrarii
2705 5083 2803 5136 sibi
2829 5096 3010 5138 essent
3037 5086 3253 5141 sonmii.
3282 5085 3497 5139 Primus
3526 5089 3751 5154 exponit

2183 5177 2453 5230 somnium
2496 5176 2584 5245 qui
2618 5177 2826 5231 viderat
2871 5177 3105 5245 bonum,
3146 5191 3202 5234 ut
3250 5180 3556 5236 adhortatio
3593 5181 3751 5239 ﬁeret

1211 5344 1256 5375 “‘
1290 5344 1452 5401 ibid..
1491 5343 1534 5375 "
1564 5343 1694 5397 ibid.
1719 5336 1804 5394 l5-
1858 5342 1912 5373 ”
1932 5340 2064 5395 Gen.
2097 5357 2180 5396 XL.

2257 5496 2364 5565 (36)
2412 5493 2613 5547 Bonam
2672 5510 2784 5563 ejus
2836 5493 3245 5565 interiectionem,
3330 5489 3594 5565 Videntur
3631 5488 3750 5545 hac

2185 5560 2287 5621 dici
2322 5560 2415 5635 per
2440 5560 2933 5636 interrogationem.
2965 5561 3313 5636 Bonnntejus
3339 5560 3755 5636 interfectionem

2186 5630 2460 5741 dicentur
2486 5644 2575 5684 aut
2602 5630 2784 5689 bonam
2799 5633 3140 5703 jactationem
3166 5634 3217 5686 in
3249 5633 3411 5687 lacu.’
3442 5631 3531 5687 sed
3547 5630 3763 5685 diuml

2186 5711 2402 5757 (tionem
2420 5744 2432 5757 .
2468 5712 2570 5757 etc.

2186 5720 2444 5761 stionem!
2468 5720 2570 5758 εις.
