4050 6206
296 252 457 314 ιυδο.

1378 258 1464 312 DE
1502 259 2101 318 BESURRECTION‘E.
2140 292 2211 309 --
2247 262 2374 317 LIB.
2416 260 2456 318 1.

3394 273 3529 329 1090

294 372 552 439 tecundo,
572 366 647 430 ne
668 381 885 429 taceret.
917 369 974 428 Si
995 371 1137 429 enim
1178 373 1405 431 inissent
1428 379 1641 449 utrique
1663 381 1856 434 somnii
1889 396 1933 451 Α
1964 382 2015 433 in
2069 395 2301 435 carcere.
2339 381 2453 435 Non
2484 382 2626 437 enim
2678 384 2982 440 intermittit
3029 385 3168 440 Deus
3225 398 3524 445 sanctorum

297 462 445 530 boni,
498 463 637 523 forte
665 466 895 534 suspicio
935 464 1145 531 fuisset,
1201 466 1326 535 quia
1385 476 1611 536 utraque
1657 469 1863 522 donans

290 553 431 613 bene
463 556 843 627 interpretatus
870 565 951 611 est
978 554 1210 625 Joseph,
1257 566 1317 612 ut
1356 574 1449 614 eos
1491 559 1864 615 consolaretur

288 649 493 717 potius,
542 664 699 718 quam
752 664 931 702 veram
984 648 1484 717 interpretationem
1531 653 1859 707 somniorum

290 740 522 807 diceret,
550 754 601 797 et
632 744 905 798 fortuitum
930 753 1215 812 putaretur
1251 748 1551 817 negotium,
1586 759 1640 801 et
1670 750 1859 802 iternrn

293 832 390 903 qui
452 835 802 903 perniciosum
855 836 1066 890 viderat
1119 839 1384 891 somnium
1443 841 1706 893 secundus
1755 857 1859 894 non

295 922 519 989 diceret,
565 934 616 980 et
660 940 765 979 non
820 927 973 981 lieret
1022 928 1213 996 duplex
1274 929 1660 984 testimonium.
1708 930 1860 985 Nunc

295 1026 472 1071 autem
492 1016 698 1084 exponit
726 1019 931 1084 primus
957 1018 1045 1085 qui
1068 1019 1263 1073 b0num
1295 1021 1528 1075 habebat
1558 1023 1854 1076 somnium.

293 1104 424 1162 Erat
449 1110 588 1161 enim
628 1124 793 1176 supra
823 1112 1033 1163 vineam
1051 1111 1214 1180 regis,
1239 1113 1439 1167 etdicit
1468 1130 1483 1167 :
1524 1109 1689 1167 Vitem
1723 1116 1857 1169 vide-

294 1196 430 1261 bam,
457 1206 504 1250 et
528 1199 581 1251 in
612 1201 710 1251 uite
738 1208 840 1253 tres
871 1201 1023 1267 fundi
1054 1216 1072 1255 :
1105 1212 1153 1255 et
1179 1204 1291 1269 ipsa
1322 1206 1621 1273 germinans
1666 1205 1858 1259 attule-

292 1298 374 1341 rat
404 1300 636 1342 maturos
669 1292 926 1346 botriones
951 1312 1066 1348 ura:
1090 1311 1109 1348 :
1141 1308 1185 1347 et
1213 1296 1353 1349 calix
1386 1297 1593 1350 Pharao
1619 1300 1672 1351 in
1699 1316 1855 1352 manu

286 1392 442 1432 mea:
473 1392 518 1433 et
546 1384 743 1448 sumpsi
772 1400 921 1437 uvam
961 1399 1007 1439 et
1049 1389 1279 1454 expressi
1325 1406 1435 1443 eam
1470 1391 1525 1443 in
1558 1390 1773 1444 calicem
1801 1394 1855 1446 in

288 1473 525 1528 minibus
583 1471 791 1529 Pharao
856 1478 925 1533 ".
999 1477 1245 1536 Prudens
1295 1490 1348 1536 et
1421 1484 1854 1551 sapientissimus

288 1563 505 1636 Ioseph,
535 1568 624 1637 qui
659 1586 688 1624 a
716 1570 823 1625 Deo
852 1573 1195 1637 educabatur,
1219 1578 1399 1629 statim
1429 1579 1496 1631 ad
1533 1578 1856 1647 interpreta-

285 1655 487 1709 tionem
506 1659 673 1711 currit
694 1671 748 1712 et
770 1660 925 1715 dicit:
944 1661 1066 1716 Tres
1089 1664 1243 1732 {turdi
1261 1675 1362 1719 tres
1386 1666 1497 1720 dies
1515 1676 1637 1719 sunt
1659 1668 1852 1733 adhuc;

1965 486 2196 533 errores,
2229 472 2455 541 diligens
2486 487 2600 529 eos.
2639 470 2694 527 Si
2728 475 2815 543 qui
2840 486 3175 538 erraverunt,
3200 478 3382 531 statim
3406 496 3527 533 "cor-

1964 563 2110 632 rigit,
2138 572 2195 615 ut
2224 578 2327 615 nou
2361 574 2575 618 maneat
2607 565 2685 616 eis
2715 566 2763 617 in
2805 566 3028 632 judicio.
3084 565 3227 620 Dixit.
3255 570 3398 622 enim
3431 570 3529 623 ho-

1967 654 2092 707 mini
2130 671 2144 708 :
2201 653 2401 709 Memor
2456 665 2565 709 esto
2595 657 2715 720 mei,
2755 667 2800 710 et
2845 660 3051 711 educito
3102 676 3181 712 me
3228 660 3292 712 de
3324 676 3529 714 carcere

1962 747 2099 811 isto;
2122 748 2467 801 obliviscetur
2490 759 2539 800 te
2567 750 2745 811 homo,
2787 762 2839 801 et
2869 751 3219 816 protendetur
3256 752 3347 803 tibi
3373 752 3553 805 bien-o

1964 840 2109 891 nimn
2145 848 2370 906 tempus.
2402 838 2503 892 Sed
2552 856 2655 892 non
2699 850 2779 894 est
2804 842 3002 893 oblitus
3036 841 3173 895 Deus
3205 862 3219 896 :
3256 845 3347 896 sed
3382 848 3524 897 assi-

1961 932 2052 984 stit
2080 929 2273 997 Joseph
2326 930 2588 984 Pharaoni
2640 933 2811 999 primo
2836 941 2887 984 et
2922 935 3176 986 secundo.
3229 933 3350 987 Erat
3377 934 3519 986 enim

1960 1023 2096 1076 visio
2122 1021 2417 1075 Pharaonis
2446 1023 2493 1054 ⁵⁸
2518 1024 2692 1075 omnis
2720 1024 2785 1076 de
2811 1022 3050 1090 frugibus
3071 1035 3121 1077 et
3151 1028 3379 1077 cultura.
3410 1026 3521 1079 illic

1960 1114 2101 1167 enim
2128 1117 2290 1168 boves
2328 1114 2536 1167 femina:
2567 1126 2752 1179 erant;
2780 1124 2984 1184 septem
3027 1118 3176 1170 home
3202 1128 3419 1183 aspectu
3467 1127 3523 1171 et

1960 1204 2142 1258 electa:
2172 1206 2448 1267 carnibus,
2475 1217 2527 1257 et
2556 1208 2713 1259 culmi
2738 1222 2939 1276 septem
2968 1209 3235 1275 spicarum
3268 1226 3281 1262 :
3311 1221 3523 1277 oportet

1958 1296 2100 1348 enim
2140 1297 2387 1365 conjungi
2438 1298 2703 1350 insomnia
2756 1301 2931 1379 spicas
2963 1310 3167 1368 septem
3218 1299 3420 1366 plenas,
3471 1312 3525 1354 et

1957 1398 2159 1453 septem
2207 1399 2411 1443 tenues.
2463 1390 2599 1454 Quia
2650 1390 2791 1442 enim
2840 1389 3011 1443 cultus
3067 1404 3219 1443 terra:
3246 1407 3340 1459 per
3363 1394 3525 1445 hoves

1957 1476 2207 1541 ellicitur,
2244 1495 2339 1547 per
2364 1480 2569 1533 culmos
2604 1490 2781 1533 autem
2814 1483 2996 1546 spicae,
3031 1481 3097 1534 de
3123 1493 3383 1547 proventu
3428 1499 3524 1533 au-

1957 1579 2063 1623 tem
2093 1580 2146 1623 et
2189 1571 2327 1625 fame
2357 1584 2515 1625 erant
2560 1574 2826 1627 insomnia
2864 1574 3036 1643 regis;
3068 1589 3162 1641 per
3192 1575 3524 1629 domesticas

1955 1662 2187 1717 visiones
2218 1664 2409 1717 dantur
2432 1675 2486 1718 et
2514 1666 2866 1731 provisioues.
2907 1668 3121 1733 Septem
3174 1678 3329 1721 erant
3360 1671 3524 1734 spica:

286 1749 543 1813 triduum,
596 1761 644 1804 et
692 1754 745 1805 in
785 1764 953 1809 mente
996 1755 1203 1812 habebit
1255 1757 1462 1811 Pharao
1513 1759 1719 1811 initium
1747 1760 1849 1821 tui,
1884 1753 1923 1808 Β
1952 1750 2142 1818 plenae,
2166 1759 2437 1819 etscptem
2474 1767 2646 1806 vaccae
2675 1754 2927 1823 pingues:
2960 1757 3521 1810 succedebantautem

280 1850 336 1894 et
361 1843 594 1897 restituet
612 1855 660 1899 te
684 1862 837 1912 super
864 1849 1061 1902 vineam
1086 1850 1138 1903 in
1164 1851 1327 1921 ofﬁcio
1348 1861 1458 1915 tua,
1480 1862 1527 1904 et
1555 1852 1706 1904 dabis
1729 1850 1852 1904 culi-

286 1950 397 1988 cent
420 1936 471 1988 in
496 1953 680 1991 manus
707 1938 940 1995 Pharao.
974 1941 1206 1996 Lmtatus
1225 1945 1568 2005 estaudiens,
1593 1954 1646 1997 et
1666 1944 1849 1997 statim

287 2028 512 2082 mutavit
529 2030 759 2084 colorem
780 2031 843 2083 ".
872 2032 1122 2087 llortatus
1135 2044 1311 2089 autem
1334 2047 1385 2089 et
1404 2036 1539 2090 alius
1558 2045 1640 2090 est
1655 2045 1853 2089 seruet-

282 2116 457 2186 ipsum
491 2137 506 2172 :
538 2120 766 2177 habebat
794 2134 846 2177 et
884 2124 997 2193 ipse
1019 2126 1250 2180 similem
1299 2128 1588 2183 visionem.
1638 2126 1704 2179 Et
1734 2144 1847 2196 ego,

284 2211 476 2282 inquit,
496 2216 602 2268 vidi
621 2218 900 2271 somniant.
923 2217 1183 2273 Putabam
1209 2235 1288 2273 me
1318 2221 1418 2273 Irin
1437 2221 1668 2273 canistra
1685 2219 1851 2271 halice

283 2303 393 2377 (37)
424 2307 604 2361 tollere
640 2325 794 2377 super
825 2323 976 2379 caput
1009 2329 1177 2365 meum
1213 2312 1281 2364 ".
1320 2312 1471 2366 Sicut
1495 2312 1602 2364 illic
1638 2311 1762 2372 tria,
1799 2321 1851 2362 et

281 2396 403 2452 istic
429 2398 552 2451 tria.
579 2398 645 2451 Et
668 2401 720 2452 in
751 2402 979 2454 canistro
1014 2404 1266 2469 superiori
1288 2418 1351 2455 ea:
1369 2402 1604 2455 omnibus
1647 2403 1846 2470 generi—

276 2487 373 2540 bus
404 2487 512 2560 (38)
545 2505 608 2542 ea:
639 2492 823 2558 quibus
857 2476 1070 2545 Pharao
1102 2510 1193 2546 rea:
1223 2492 1594 2555 munducabat,
1615 2509 1742 2559 opus
1768 2494 1847 2557 pi-

280 2588 517 2635 storum:
556 2591 674 2636 erat
709 2585 853 2637 enim
894 2600 1052 2652 supra
1078 2586 1310 2653 pistores
1349 2602 1362 2637 :
1393 2595 1439 2637 et
1476 2584 1707 2638 volatilia
1736 2586 1849 2637 curti

276 2674 607 2726 comedebant
655 2691 710 2727 ea
761 2677 824 2727 de
874 2679 1104 2729 canistro
1139 2678 1276 2745 quod
1323 2689 1436 2729 erat
1488 2693 1646 2744 supra
1696 2686 1849 2745 caput

276 2777 471 2816 meum.
500 2762 696 2830 Etiam,
725 2764 917 2835 inquit,
936 2775 983 2818 et
1003 2768 1104 2819 tria
1122 2778 1209 2819 tua
1228 2779 1327 2820 tres
1345 2768 1453 2821 dies
1470 2767 1846 2836 significant“.

276 2851 387 2906 Sed
401 2856 525 2921 quia
552 2872 656 2909 non
684 2857 996 2912 tuinistrasti
1026 2859 1077 2911 in
1110 2874 1267 2912 manu
1295 2861 1453 2928 regis,
1487 2860 1722 2914 volatilia
1756 2877 1850 2914 au-

276 2952 388 2998 tem
417 2948 771 3003 comedehant
802 2966 899 3016 ea;
929 2951 1270 3005 manifestum
1303 2962 1383 3005 est
1406 2953 1528 3021 quia
1556 2953 1727 3008 inciso
1760 2969 1849 3007 ca-

280 3035 394 3103 pite
428 3045 538 3100 tuo,
572 3048 625 3092 et
655 3039 809 3094 aﬂixa
865 3055 1029 3095 carne
1062 3041 1230 3106 cruci,
1274 3044 1507 3097 volatilia
1560 3046 1849 3098 manduca-

280 3125 414 3181 bunt
448 3142 640 3184 carnes
660 3140 796 3185 tuas.
830 3130 939 3187 [loc
960 3134 1100 3187 enim
1126 3136 1409 3188 annuntiat
1429 3136 1697 3189 somnium
1726 3137 1841 3191 tibi.

282 3217 506 3272 Etcum
556 3222 745 3275 tertius
793 3221 1095 3277 advenisset
1119 3224 1253 3287 dies,
1298 3234 1351 3278 et
1384 3226 1524 3294 regis
1564 3225 1848 3279 haberetur

281 3309 494 3374 natalis,
515 3327 720 3366 memor
746 3313 846 3366 fuit
871 3330 1198 3369 summorum
1220 3316 1429 3371 illorum
1454 3317 1843 3372 ministrorum.

279 3401 347 3456 Et
375 3403 448 3457 illi
486 3404 699 3473 quidem
726 3407 818 3475 qui
846 3420 1001 3475 supra
1030 3411 1238 3461 vineam
1271 3419 1391 3462 erat
1419 3408 1666 3463 ccucedit
1693 3426 1706 3463 :
1752 3424 1844 3462 vo-

275 3501 432 3546 catus
460 3494 602 3547 enim
647 3504 749 3558 est,
795 3505 849 3549 et
882 3497 1029 3549 stetit
1056 3508 1181 3550 ante
1221 3510 1567 3566 conspectum
1598 3498 1758 3567 regis,
1794 3510 1847 3551 et

276 3584 423 3638 dedit
444 3583 662 3639 calicem
694 3585 746 3638 in
787 3602 999 3640 manum
1026 3586 1145 3656 ejus
1172 3589 1470 3644 secundum
1516 3588 1845 3657 interpreta-

280 3674 477 3727 tionem
504 3672 721 3744 Joseph.
763 3677 1038 3747 Praepositi
1077 3690 1255 3735 autem
1292 3682 1512 3749 pistoris
1553 3681 1847 3736 admonitio

278 3766 451 3837 magis
492 3767 700 3824 fervere
742 3768 865 3824 fecit
895 3771 1310 3843 indignationem
1352 3775 1517 3841 regis,
1557 3784 1612 3828 et
1642 3775 1845 3827 incide-

276 3858 441 3915 batur
500 3862 695 3930 capite,
750 3873 805 3917 et
849 3864 1089 3919 volatilia
1147 3866 1500 3935 perliciebaut
1560 3866 1842 3921 visionem.

276 3954 417 4020 Quid
499 3956 615 4011 haec
683 3961 749 4012 ad
814 3956 1052 4028 loseph?
1128 3961 1360 4013 maxime
1431 3959 1650 4028 quidem
1722 3961 1845 4029 quia

278 4045 583 4102 intellectus
641 4058 758 4102 erat
810 4050 861 4102 in
911 4066 973 4106 eo
1028 4060 1082 4104 et
1142 4051 1395 4106 revelatio
1446 4069 1459 4105 :
1514 4064 1569 4105 et
1620 4052 1741 4121 quia
1794 4062 1847 4105 et

277 4152 466 4193 eorum
501 4142 590 4208 qui
650 4141 701 4195 in
736 4158 956 4198 carcere
994 4153 1151 4197 erant
1196 4145 1494 4199 consolatio
1527 4144 1843 4209 habebatur,

279 4229 405 4298 quia
424 4240 479 4285 et
502 4232 607 4286 illic
625 4234 887 4287 creditura
917 4243 1001 4289 est
1022 4234 1093 4289 ei.
1124 4234 1336 4289 Dixerat
1368 4243 1547 4290 autem
1580 4236 1686 4289 vini
1717 4251 1847 4305 prae-

278 4322 488 4389 posito:
523 4323 780 4379 Memento
834 4328 931 4380 mei
970 4343 1065 4395 per
1117 4329 1437 4394 temetipsum
1484 4344 1600 4381 cum
1634 4331 1836 4394 carperit

1953 1844 2129 1897 vaccis
2152 1845 2365 1912 quidem
2396 1847 2681 1914 pinguibus
2703 1862 2878 1901 vacca:
2901 1864 3112 1911 macrtc,
3151 1850 3312 1917 spicis
3340 1861 3523 1903 autem

1951 1932 2105 1987 bonis
2135 1947 2187 1989 et
2210 1937 2381 2004 plenis
2400 1938 2560 2006 spica:
2588 1950 2795 1991 termes.
2838 1938 2941 1992 Pro
2976 1952 3179 2009 septem
3213 1943 3379 2011 spicis
3409 1942 3524 2010 ple-

1953 2027 2037 2079 nis
2069 2037 2272 2096 septem
2299 2030 2457 2097 spica:
2482 2040 2688 2087 tenues.
2709 2032 2973 2086 Comestte
3000 2041 3124 2086 sunt
3149 2035 3369 2101 pingues
3400 2049 3527 2087 vac-

1952 2132 2030 2170 ca:
2054 2135 2080 2169 a
2110 2118 2409 2174 macilentis
2430 2123 2627 2186 vaccis,
2655 2131 2710 2176 et
2740 2123 2900 2190 spica:
2930 2140 2959 2177 a
2983 2124 3168 2191 spicis,
3201 2136 3255 2179 et
3286 2125 3338 2178 in
3377 2125 3523 2178 fame

1954 2209 2250 2264 habebatur
2279 2210 2559 2282 Egyptus,
2617 2225 2670 2268 et
2707 2215 2758 2267 in
2804 2215 3005 2269 turbela
3041 2215 3270 2268 Pharao.
3326 2215 3385 2268 Et
3413 2215 3524 2268 vini

1951 2303 2265 2371 praepositus
2312 2305 2615 2360 admonitus
2664 2316 2745 2359 est
2793 2305 2977 2361 dicens
3026 2305 3136 2379 (39)
3174 2326 3189 2362 :
3242 2307 3424 2361 Dicam
3455 2323 3522 2361 an

1952 2393 2199 2446 taceam?
2250 2395 2388 2447 tacui
2442 2404 2588 2447 tanto
2629 2406 2887 2462 tempore.
2937 2397 3040 2450 Sed
3080 2399 3121 2451 si
3165 2415 3267 2452 non
3315 2398 3524 2459 dixero,

1951 2486 2160 2554 perierit
2186 2483 2445 2554 Egyptii.
2472 2487 2669 2550 Meum,
2704 2488 2896 2556 inquit,
2919 2503 3183 2551 errorem,
3212 2504 3384 2541 meum
3406 2505 3528 2556 pec-

1951 2586 2129 2631 eatmn
2158 2579 2498 2633 admoneam.
2551 2579 2712 2633 Putas
2742 2596 2861 2633 cmn
2894 2590 3163 2649 repeteret
3192 2590 3244 2634 et
3282 2582 3522 2635 diceret:

1952 2669 2083 2723 Cum
2115 2669 2282 2722 iratus
2311 2685 2459 2723 esses
2496 2673 2681 2737 nobis;
2714 2672 3010 2725 admonitio
3038 2673 3117 2725 sui
3143 2673 3378 2740 peccati:
3404 2685 3522 2725 erat

1951 2771 2125 2815 autem
2158 2762 2559 2817 taciturnitatis.
2594 2763 2734 2817 Fieri
2769 2763 2912 2815 enim
2949 2772 3122 2832 potest
3155 2764 3277 2833 quia
3295 2775 3527 2834 utraque

1953 2854 2262 2908 admonitus
2283 2865 2384 2921 est,
2418 2866 2471 2909 et
2507 2867 2730 2924 utraque
2753 2856 2908 2908 dixit.
2946 2854 3082 2920 Quid
3112 2857 3186 2908 ait
3213 2857 3278 2909 ad
3306 2858 3547 2923 regem?

1951 2944 2187 3013 Peccati,
2223 2948 2415 3016 inquit,
2450 2964 2648 3002 memor
2698 2949 2779 3018 [ui
2812 2949 3010 3003 hodie:
3042 2948 3253 3002 Pharao
3279 2950 3530 3017 indigna-

1952 3049 2036 3094 tus
2057 3049 2134 3094 est
2154 3044 2326 3111 pueris
2364 3044 2496 3100 suis.
2527 3052 2576 3096 et
2613 3044 2750 3095 misit
2787 3060 2880 3096 nos
2915 3044 2968 3095 in
2998 3059 3291 3106 carcerem;
3334 3044 3386 3095 in
3427 3043 3526 3094 do-

1950 3149 2093 3185 mum
2137 3134 2403 3200 prtcpositi
2441 3150 2722 3201 coquorum
2769 3151 2849 3187 me
2881 3144 2931 3186 et
2986 3135 3073 3204 qui
3106 3150 3263 3202 supra
3304 3135 3525 3201 pistores

1948 3235 2081 3278 erat.
2120 3223 2180 3277 Et
2224 3224 2442 3279 vidimus
2491 3230 2748 3279 somnium
2786 3237 2996 3292 uterque
3030 3241 3133 3278 una
3176 3235 3354 3288 nocte;
3409 3242 3524 3294 ego,

1949 3316 2127 3368 itidem
2160 3316 2284 3380 ille;
2317 3317 2667 3387 unusquisque
2682 3319 2941 3369 somnium
2972 3317 3221 3371 vidimus.
3267 3317 3393 3371 Erat
3424 3337 3527 3373 au-

1949 3414 2049 3457 tem
2077 3406 2147 3457 ibi
2178 3407 2443 3457 uobiscum
2470 3405 2772 3457 adolescens
2800 3420 2928 3472 puer
2961 3403 3216 3457 Hebrazus
3253 3408 3526 3473 prwpositi

1948 3512 2229 3566 coquorum
2263 3511 2281 3549 :
2310 3506 2356 3547 et
2377 3497 2737 3549 enarrarimus
2765 3495 2866 3557 illi,
2890 3506 2938 3547 et
2966 3498 3324 3563 interpretavit
3350 3501 3522 3553 nobis.

1951 3587 2016 3640 Et
2044 3589 2241 3657 factum
2270 3599 2366 3652 est,
2395 3589 2525 3640 sicut
2546 3589 2918 3654 interpretatus
2952 3588 3121 3655 fuerat
3150 3588 3387 3641 nobissic
3412 3608 3527 3644 erea

1949 3681 2059 3743 nit;
2092 3696 2171 3733 me
2195 3682 2469 3733 restituisti
2502 3680 2557 3733 in
2581 3679 2771 3748 oﬂicio,
2802 3678 2951 3730 illum
2988 3689 3163 3731 autem
3182 3683 3520 3748 suspendisti.

1954 3774 2015 3825 Et
2032 3774 2168 3826 misit
2202 3772 2413 3825 Pharao
2445 3771 2820 3835 rocariloseph
2845 3771 2934 3826 δ”.
2959 3770 3215 3826 Convicta
3247 3775 3389 3827 enim
3409 3774 3522 3842 jam

1950 3866 2123 3920 fuerat
2153 3867 2539 3935 sapientiortnn
2577 3866 2862 3933 sapientia,
2903 3880 3024 3934 qua:
3071 3867 3342 3920 somnium
3380 3871 3524 3936 regis

1950 3955 2290 4023 interpretari
2338 3971 2441 4009 non
2478 3957 2668 4024 potuit.
2709 3955 2775 4009 Et
2801 3956 3101 4010 eduxerunt
3128 3974 3249 4011 eum
3293 3958 3359 4011 de
3392 3975 3519 4011 car-

1948 4062 2093 4111 cere,
2119 4057 2172 4101 et
2210 4051 2556 4103 totondcrunt
2586 4064 2733 4110 eum,
2760 4057 2810 4100 et
2846 4058 3195 4103 mutaverunt
3230 4051 3522 4103 vestimen-

1948 4148 2056 4192 tum
2107 4139 2243 4207 ejus.
2292 4140 2485 4193 lterum
2528 4157 2557 4194 e
2600 4141 2717 4194 lacu
2764 4140 2989 4210 .loseph,
3016 4142 3211 4196 iterum
3245 4158 3274 4195 e
3303 4158 3529 4196 carcere

1947 4229 2095 4295 exiit,
2142 4239 2196 4284 et
2254 4231 2400 4283 venit
2426 4231 2492 4284 ad
2536 4229 2768 4284 Pharao.
2820 4232 2965 4285 Dixit
2996 4244 3176 4285 autem
3212 4231 3426 4287 Pharao
3455 4238 3524 4287 ad

1947 4315 2144 4389 Ioseph
2175 4338 2188 4375 :
2221 4320 2499 4374 Somnium
2560 4324 2687 4386 vidi,
2746 4334 2793 4375 et
2840 4328 2930 4392 qui
2981 4326 3345 4390 interpretetur
3387 4328 3522 4379 illud

278 4417 373 4470 tibi
403 4434 512 4470 esse
559 4420 700 4485 bene,
743 4431 788 4474 et
811 4421 969 4488 {acies
1000 4423 1053 4474 in
1099 4437 1180 4474 me
1208 4422 1611 4480 miserationem.
1645 4432 1693 4475 et
1734 4440 1842 4476 me-

1952 4428 2053 4465 non
2085 4423 2159 4465 est
2187 4413 2254 4465 ⁸⁷.
2280 4411 2532 4465 Convicta
2564 4413 2832 4480 enimjam
2873 4417 3047 4469 luerat
3076 4414 3376 4486 )Egypms:
3403 4432 3528 4472 con-

275 4509 505 4561 morabis
530 4511 593 4564 de
618 4527 697 4564 me
747 4509 1013 4565 Pharaoni
1046 4526 1064 4564 :
1099 4524 1145 4566 et
1185 4514 1369 4568 educes
1401 4529 1482 4565 me
1509 4513 1573 4566 de
1599 4514 1702 4567 isto
1725 4531 1838 4567 car-

276 4614 391 4653 cere
426 4612 446 4652 :
485 4604 732 4668 quoniam
761 4600 902 4669 furto
932 4601 1165 4655 sublatus
1191 4619 1306 4655 sum
1332 4605 1395 4655 de
1426 4614 1569 4655 terra
1594 4602 1843 4672 llebrato-

276 4704 416 4751 rum,
445 4705 489 4745 et
510 4692 593 4745 hic
617 4692 744 4745 nihil
770 4693 894 4745 muli
912 4692 1030 4761 feci,
1062 4694 1149 4746 sed
1182 4695 1432 4748 miserunt
1453 4710 1531 4746 me
1559 4695 1610 4747 in
1630 4695 1841 4747 domum

277 4780 380 4833 laci
401 4782 557 4851 hujus
600 4784 668 4836 ⁵⁸.
697 4784 831 4850 Quia
860 4786 1001 4839 enim
1028 4786 1125 4839 hoc
1168 4784 1338 4853 ipsum
1373 4786 1601 4840 credidit
1631 4786 1683 4839 in
1741 4789 1837 4839 ho-

275 4871 444 4934 mine,
472 4873 712 4926 additum
763 4884 845 4929 est
871 4874 918 4928 ei
952 4875 1247 4928 biennium.
1300 4874 1630 4930 Emendatus
1662 4888 1840 4929 autem

274 4976 361 5019 est
390 4966 458 5019 ob
486 4966 644 5020 istum
673 4981 973 5020 sermonem
996 4982 1089 5037 per
1105 4966 1375 5023 biennium
1401 4967 1597 5036 Joseph
1623 4977 1680 5019 ut
1701 4977 1845 5021 esset

346 5058 394 5131 ’1
420 5058 551 5116 Gen.
585 5079 668 5128 χι,
688 5062 835 5116 9-11.
912 5062 1206 5131 "tutata,
1228 5064 1315 5119 15.
1389 5064 1434 5096 ⁵³
1460 5061 1693 5118 ibid.l6.

272 5130 321 5162 "'
366 5130 491 5184 ibid.
531 5133 610 5188 15.
686 5134 733 5165 ⁸³
764 5133 892 5188 ibid.
928 5133 1013 5187 16.

300 5286 310 5292 ⁴
348 5229 461 5300 (37)
518 5228 639 5284 Tria
676 5232 906 5284 canistra
955 5230 1138 5283 hulice.
1191 5230 1385 5284 llalicze
1426 5244 1520 5300 seu
1565 5229 1754 5284 alica‘:
1789 5228 1841 5281 in

275 5299 337 5356 S.
356 5298 655 5373 :Scriptura
684 5301 868 5357 Graeca
903 5300 1035 5373 τρίαν
1056 5298 1527 5373 κανὰ-χονδριτῶν.

347 5369 461 5442 (38)
500 5373 580 5423 lix
605 5373 837 5424 omnibus
866 5369 1155 5440 generibus.
1198 5369 1253 5423 lu
1282 5369 1490 5439 vulgata
1524 5372 1842 5439 interpreta-

277 5440 449 5502 tione,
468 5456 640 5494 omnes
669 5445 809 5494 ctbos
835 5443 923 5510 qui
946 5443 1075 5510 ﬁunt
1109 5452 1220 5494 arte
1244 5441 1483 5509 pistoria.

346 5511 457 5582 (39)
493 5512 799 5565 Admonitus
847 5509 917 5564 est
949 5509 1155 5565 dicens.
1194 5510 1390 5565 Locum
1429 5513 1567 5565 hunc
1598 5509 1840 5564 videmur

277 5582 355 5637 sic
392 5584 679 5650 explanare
709 5598 863 5648 posse
905 5598 967 5635 ex
1030 5582 1346 5652 Scriptura:
1380 5582 1706 5635 ltecordatus
1758 5592 1839 5634 est

276 5652 487 5721 Josephi
538 5655 741 5716 dicens,
792 5652 971 5704 Dicam
1011 5654 1117 5722 regi
1154 5670 1220 5706 an
1269 5652 1491 5705 tacebo?
1542 5662 1689 5722 tanto
1721 5652 1833 5722 jam

284 5734 518 5794 tempore
542 5724 681 5779 tacui
722 5742 736 5777 :
772 5722 866 5778 scd
883 5724 925 5778 si
963 5721 1302 5788 non’dixero,
1330 5724 1534 5790 pet‘iettl
1556 5721 1788 5787 Egyptii
1818 5738 1831 5773 :

1770 5061 1814 5092 “
1832 5060 1960 5116 ibid.
1980 5060 2163 5116 16-18.

1951 4506 2085 4558 victa
2124 4514 2176 4559 et
2222 4507 2485 4574 sapientia
2529 4522 2647 4573 quae
2680 4507 3032 4576 pollicebatur
3068 4509 3254 4562 multa.
3285 4509 3391 4580 Ego
3423 4527 3524 4561 an-

1950 4605 2054 4649 tem
2095 4596 2274 4649 audivi
2304 4598 2369 4649 de
2416 4606 2465 4648 te
2501 4598 2765 4663 dicentes,
2822 4599 3007 4653 audire
3035 4608 3085 4653 te
3117 4601 3325 4653 somnia
3360 4612 3411 4653 et
3444 4602 3523 4651 in-

1947 4688 2227 4756 terprctari
2262 4704 2345 4743 ea.
2407 4688 2678 4744 Conlirma
2728 4706 2861 4759 ergo
2916 4692 3070 4744 nobis
3111 4692 3304 4743 famam
3351 4701 3517 4744 tuam.

1947 4776 2253 4849 Religiosus
2292 4792 2470 4836 autem
2519 4780 2716 4851 Joseph
2760 4783 3035 4851 respondit
3075 4784 3141 4836 ad
3191 4798 3409 4853 regem,
3469 4794 3523 4836 ct

1946 4870 2080 4924 dixit
2120 4890 2135 4924 :
2165 4871 2289 4925 Sine
2313 4873 2418 4925 Deo
2448 4890 2547 4927 non
2583 4874 2980 4941 respondebitur
3009 4876 3245 4927 salutare
3284 4873 3519 4927 Pharao.

1947 4965 2044 5019 Dei
2072 4968 2208 5019 enim
2230 4976 2328 5032 est,
2359 4969 2553 5036 inquit,
2585 4970 2942 5037 interpretatio
2977 4968 3045 5021 ⁸⁸.
3083 4967 3191 5036 Ego
3234 4968 3365 5021 nihil
3398 4983 3523 5052 pos-

2239 5063 2284 5093 ⁸⁵
2316 5062 2442 5117 ibid.
2472 5051 2658 5119 15-15..
2734 5062 2781 5093 “
2802 5062 3064 5117 Gt-n.xt.t.
3143 5051 3518 5117 “‘ibid.9-’M.

1947 5227 2120 5293 potius
2161 5228 2333 5295 itaque
2365 5241 2568 5287 meum,
2616 5226 2806 5294 inquit,
2838 5242 3101 5290 errorem,
3132 5242 3308 5281 meum
3332 5241 3519 5295 perca-

1952 5308 2059 5350 tum
2089 5300 2435 5351 conlitebor:
2495 5312 2684 5361 nempe
2733 5314 2852 5349 cum
2895 5297 3162 5351 Pharaoni
3213 5308 3519 5352 renarraret

1948 5382 2013 5419 ac
2051 5369 2277 5431 diceret,
2325 5370 2456 5422 Cum
2487 5368 2656 5418 iratus
2687 5384 2836 5421 esses
2886 5370 3063 5429 tmbis,
3105 5368 3369 5421 confessio
3397 5378 3521 5424 erat

1946 5437 2026 5490 sui
2053 5441 2255 5505 peccati
2292 5454 2393 5507 quo
2422 5437 2552 5502 regis
2601 5437 2730 5488 iram
2776 5448 3163 5505 provocaverat,
3206 5449 3316 5490 tum
3352 5440 3517 5493 etiam

1947 5509 2351 5569 taciturnitatis,
2384 5511 2524 5575 qutm
2560 5509 2762 5573 accepti
2804 5526 2830 5559 a
2864 5507 3097 5575 Josepho
3139 5509 3381 5562 benclicii
3416 5511 3524 5561 im-

1946 5592 2151 5649 tnemor
2203 5580 2401 5632 tanuiiu
2447 5576 2723 5630 siluisset:
2764 5579 2875 5631 lieri
2908 5596 3049 5633 etum
3081 5588 3256 5647 potest
3296 5588 3351 5632 ut
3399 5582 3523 5649 ejus

1943 5648 2123 5700 animo
2173 5650 2397 5703 subierit
2450 5658 2768 5715 utrumque,
2819 5660 2872 5703 et
2929 5662 3220 5716 utrumque
3264 5650 3335 5703 sit
3387 5648 3521 5706 ceno

1943 5718 2136 5769 lessus.
