4050 6206
503 233 643 295 1091
1138 226 1405 285 EUSEBII
1442 224 1923 284 CASSARIENSIS
1953 220 2104 281 OPP.
2144 218 2325 278 PARS
2364 213 2455 276 iV.
2495 239 2566 262 -ε-
2605 216 3020 276 DOGMATICA.
3601 212 3746 277 {092

506 363 625 404 sum
681 354 743 400 ut
771 342 997 415 possim.
1045 340 1278 411 Exponit
1323 349 1503 395 autem
1555 339 1751 410 duplex
1802 338 2068 394 somnium
2099 346 2223 406 Aet
2253 335 2333 388 ori
2370 343 2457 387 tuo
2487 333 2684 387 obediet
2734 331 2955 402 populus
3005 329 3168 383 omnis
3216 339 3408 399 prater
3455 332 3748 386 thronum:

504 438 737 503 Pharao,
769 436 910 505 quod
939 441 1057 487 eral.
1083 432 1136 486 in
1166 447 1268 485 una
1296 433 1517 486 virtute;
1536 430 1648 486 Cur
1674 441 1853 485 autem
1878 444 2069 484 secun-
2170 441 2261 496 ego
2286 434 2335 479 te
2357 440 2576 493 prwero.
2608 422 2749 476 Dixit
2781 421 2992 476 Pharao
3025 421 3094 475 ad
3112 419 3309 490 Ioseph
3339 436 3359 474 :
3396 421 3527 477 Ecce
3552 426 3752 477 consti-

508 534 633 584 dum
659 526 925 583 somnium
953 522 1133 577 videt?
1174 531 1232 576 ut
1263 524 1442 577 discas
1470 523 1595 591 quia
1637 532 1792 591 urget
1825 523 1963 576 Deus
2014 530 2072 575 ut
2170 528 2258 570 tuo
2283 526 2326 569 te
2372 516 2517 569 hodie
2541 530 2695 583 super
2716 530 2916 567 omnem
2948 522 3140 567 terram
3176 513 3419 584 ﬂgypti,
3446 515 3635 581 facito,
3661 516 3752 569 in-

508 628 694 690 parcat
722 613 1052 669 hominibus.
1082 609 1369 675 Putabam,
1399 610 1592 679 inquit,
1623 626 1703 663 me
1729 620 1868 663 stare
1916 607 2073 677 juxta
2171 607 2302 675 quit,
2331 616 2474 659 tuum
2498 604 2792 659 consilium.
2825 602 2953 667 Quis
2981 613 3030 657 te
3057 604 3393 673 sapientior?
3413 605 3526 675 quis
3556 614 3606 659 te
3625 622 3752 660 seno

509 727 654 765 oram
670 706 925 779 fluminis,
946 714 995 758 et
1016 704 1167 777 quasi
1191 702 1255 755 de
1282 703 1498 772 ﬂumine
1524 700 1867 755 ascendebant
1885 709 2075 767 septem
2173 699 2339 753 satior
2367 705 2417 750 et
2442 695 2688 765 ﬁdelior?
2718 706 2765 751 te
2798 695 2934 749 enim
2964 694 3165 748 volebat
3198 694 3343 749 Deus
3372 706 3426 749 ut
3458 713 3625 767 supra
3659 700 3753 751 do-

509 816 679 857 oaccte
708 799 882 853 electa:
911 796 1178 857 carnibus,
1214 794 1362 847 bonce
1393 802 1625 863 aspectu,
1660 802 1708 845 et
1733 790 2078 855 pascebantur
2174 805 2315 842 mum
2350 804 2483 842 esses
2530 801 2718 852 meam,
2763 803 2919 856 super
2958 802 3157 840 omnem
3190 786 3388 846 scilicet
3426 787 3748 858 eEgyptusn.

510 894 580 948 ad
623 892 811 960 ripam.
858 888 926 943 Et
965 904 1077 941 ecce
1124 886 1245 939 alia:
1290 897 1478 953 septem
1517 898 1685 936 vacca:
1734 880 2075 935 ascendebant
2177 879 2422 949 Perﬁcito
2451 890 2597 932 tuum
2626 877 2923 941 consilium,
2967 894 3226 947 conregna
3258 880 3404 933 mihi.
3441 879 3559 933 Tibi
3606 882 3751 935 enim

509 995 623 1055 post
662 983 783 1037 illas
835 980 900 1036 de
931 980 1168 1047 ﬂuirtine,
1206 977 1442 1043 pessima:
1484 985 1531 1028 et
1564 982 1737 1041 turpes
1762 983 1992 1039 aspectu,
2026 978 2076 1023 et
2176 972 2309 1027 dans
2343 971 2629 1043 ngyptum
2658 972 2711 1025 in
2734 980 3009 1041 potestate,
3032 972 3230 1027 habebo
3272 980 3319 1026 te
3343 988 3543 1027 mecum
3575 975 3633 1027 in
3666 990 3753 1027 reo

512 1092 705 1131 macra:
751 1075 1015 1136 carnibus,
1051 1073 1179 1126 tales
1212 1071 1393 1143 quales
1420 1081 1686 1137 nunquam
1735 1064 1841 1117 vidi
1879 1064 1933 1115 in
1972 1070 2078 1115 tota
2180 1078 2293 1132 gem
2326 1063 2393 1118 δ’.
2427 1061 2544 1115 lam
2560 1061 2880 1126 consolatio,
2913 1061 3025 1131 jam
3052 1060 3261 1117 fructus
3291 1062 3550 1131 pudicitia:
3580 1069 3755 1118 erant

512 1167 744 1237 Egypto
766 1167 1047 1235 turpiores.
1085 1164 1149 1218 Et
1181 1166 1553 1218 devoraverunt
1578 1158 1683 1211 illa:
1696 1166 1886 1223 septem
1912 1168 2080 1208 vaccte
2178 1152 2398 1223 Joseph.
2419 1153 2524 1209 Sed
2552 1169 2650 1207 nec
2672 1153 2724 1207 in
2753 1152 2839 1208 his
2866 1152 3040 1209 factus
3062 1155 3241 1225 arguit
3259 1154 3524 1208 mulierem
3553 1154 3753 1225 impu-

513 1276 705 1313 mumc
733 1270 783 1313 et
815 1268 988 1325 turpes
1023 1267 1210 1324 septem
1231 1270 1411 1307 vaccas
1439 1253 1596 1305 bonas
1621 1259 1667 1303 et
1699 1247 1904 1311 electas,
1937 1254 1985 1297 et
2008 1245 2084 1297 in-
2182 1247 2537 1309 dentem,non
2556 1245 2728 1300 reddit
2747 1245 2915 1299 vicem
2940 1264 2954 1300 :
2978 1255 3156 1300 tamen
3188 1246 3289 1300 fuit
3310 1245 3360 1299 in
3380 1245 3754 1312 tribulatione.

515 1356 783 1403 traveruut
825 1350 880 1400 in
921 1356 1117 1401 ventres
1155 1360 1370 1407 earum;
1404 1352 1451 1395 et
1481 1356 1585 1394 non
1610 1347 1893 1407 paruerunt
1942 1333 2081 1405 quod
2182 1349 2238 1394 et
2267 1339 2319 1392 in
2351 1338 2441 1391 tali
2474 1338 2717 1408 angustia
2750 1345 2896 1390 tanta
2921 1334 3138 1406 Joseph.
3172 1335 3338 1391 Jacob
3367 1346 3537 1391 autem
3558 1337 3610 1390 in
3638 1335 3756 1390 tri.

514 1443 812 1498 introissent
860 1440 916 1493 in
967 1450 1164 1493 ventres
1209 1450 1412 1497 earum,
1441 1443 1614 1501 turpes
1640 1432 1772 1485 sicut
1818 1436 1967 1483 erant
2016 1424 2081 1477 ab
2185 1431 2458 1486 bulaiione
2508 1439 2643 1496 erat,
2700 1436 2754 1483 et
2798 1425 2909 1495 jam
2949 1443 3071 1482 cum
3120 1427 3229 1498 (41)
3263 1427 3518 1482 remissus
3547 1427 3754 1484 fuisset

516 1533 690 1587 initio.
724 1532 956 1600 Surgens
978 1541 1150 1584 autem
1180 1545 1363 1582 rursus
1410 1526 1658 1588 dormivi,
1680 1532 1731 1579 et
1756 1524 1861 1578 vidi
1890 1523 2085 1576 iterum
2183 1519 2381 1592 Joseph
2416 1536 2445 1575 a
2477 1536 2713 1576 carcere.
2736 1521 2873 1589 Quid
2908 1534 3060 1592 ergo,
3095 1520 3276 1574 dicent
3298 1518 3493 1583 Judaei,
3519 1519 3608 1573 ubi
3654 1531 3751 1574 est

519 1624 574 1678 in
603 1624 796 1677 somnis
832 1632 916 1676 :et
947 1622 1095 1691 quasi
1117 1630 1306 1687 septem
1332 1620 1489 1688 spica:
1520 1615 1866 1670 ascendebant
1888 1616 1942 1667 in
1968 1612 2087 1682 fun-
2189 1614 2397 1669 fructus
2435 1613 2846 1683 promissionis?
2884 1612 2940 1666 Si
2988 1612 3131 1667 enim
3169 1612 3271 1666 ista
3326 1620 3412 1667 cst
3449 1612 3582 1677 vita,
3618 1612 3754 1680 quid

518 1718 586 1772 do
618 1734 721 1771 uno
742 1716 906 1786 plena:
924 1725 970 1769 et
999 1716 1164 1768 boum.
1184 1712 1318 1767 Alia:
1332 1722 1506 1767 autem
1529 1720 1723 1777 septem
1739 1707 1896 1775 spicae
1911 1717 2088 1758 tenues
2118 1701 2161 1757 Β
2192 1705 2293 1761 hoc
2319 1706 2384 1759 ad
2410 1704 2599 1771 lacob,
2646 1706 2737 1775 qui
2769 1706 2953 1759 decem
2988 1714 3041 1759 et
3069 1712 3270 1773 septem
3304 1703 3462 1758 annis
3503 1703 3642 1758 luxit
3661 1703 3757 1760 Jo-

516 1818 566 1863 et
591 1826 621 1863 a
650 1819 797 1862 vento
830 1817 1086 1874 corrupte
1108 1804 1400 1857 crescebant
1426 1800 1582 1869 juxta
1610 1814 1697 1851 eas
1726 1805 1773 1849 et
1803 1794 2086 1864 glutierunt
2190 1798 2356 1867 seph?
2382 1807 2475 1850 aut
2501 1797 2566 1851 ad
2599 1797 2771 1866 ipsum
2804 1794 3031 1866 Ioseph,
3072 1795 3166 1866 qui
3200 1796 3289 1849 vix
3339 1795 3596 1851 liberatus
3637 1795 3757 1851 est?

517 1913 705 1970 septem
739 1900 892 1968 spica:
921 1907 1096 1951 tenues
1120 1905 1169 1950 et
1196 1913 1229 1949 a
1254 1903 1401 1949 vento
1431 1900 1712 1958 corruptae,
1762 1896 1954 1955 septem
1982 1885 2080 1953 spi-

2192 1894 2298 1950 Sed
2338 1910 2516 1950 sermo
2558 1895 2774 1965 quidem
2820 1894 3092 1963 impletur,
3123 1893 3395 1962 negotium
3427 1901 3605 1947 autem
3636 1907 3754 1947 ser-

518 2012 606 2049 ταε
631 1993 809 2063 Plat“
834 2004 879 2045 ει
902 1992 1081 2044 θοηαδο
1110 1989 1234 2042 Dixi
1253 2002 1374 2055 ινςο
1396 1979 1898 2050 ίηίενρνεταιθτίθων
1925 1985 2091 2029 ετηοη
2190 1996 2383 2042 vetur:
2434 1986 2639 2040 licitum
2686 1987 2828 2041 enim
2863 1995 2946 2039 est
2983 1984 3136 2039 nobis
3165 1993 3219 2039 et
3245 1984 3494 2053 sequenti
3550 1982 3755 2054 perfrui

520 2085 621 2155 fuit
650 2084 739 2153 qui
764 2084 1035 2135 dissereret
1074 2078 1223 2131 mihi.
1253 2076 1320 2129 Et
1354 2075 1485 2127 dixit
1526 2071 1717 2137 Ioseph
1742 2069 1807 2120 ad
1832 2066 2046 2120 Pharao
2071 2080 2090 2119 :

2192 2080 2298 2134 die.
2330 2077 2697 2132 Mensuremns
2726 2087 2903 2131 autem
2943 2087 3168 2146 tempus.
3208 2075 3371 2130 Decet
3399 2076 3542 2130 enim
3588 2074 3758 2144 gratis

520 2174 795 2228 Somnium
832 2169 1038 2223 Pharao
1063 2185 1225 2222 unum
1248 2176 1344 2220 est.
1379 2164 1713 2231 Quaecunque
1753 2158 1887 2212 Deus
1912 2161 2091 2226 faciet,
2193 2171 2329 2225 dona
2357 2170 2473 2236 Dei,
2498 2179 2552 2223 υι
2578 2168 2823 2237 ieiune“;
2857 2170 2910 2222 ίη
2959 2178 3219 2237 ιρι-προτθὶ
3262 2178 3318 2221 ει
3368 2167 3649 2236 epulamur
3700 2165 3759 2220 in

521 2263 749 2321 ostendit
804 2260 1038 2314 Pharao.
1086 2258 1294 2328 Septem
1326 2270 1492 2310 vaccae
1547 2254 1696 2306 bona:
1748 2259 1937 2317 septem
1964 2247 2092 2301 anni

2195 2270 2453 2331 tempore.
2493 2259 2721 2314 Tantum
2749 2269 2919 2315 estote
2956 2273 3222 2315 memores
3273 2259 3359 2313 ubi
3398 2259 3613 2313 ﬁnimus
3642 2274 3758 2313 ser-

520 2362 660 2407 sunt.
703 2351 975 2407 Somnium
1008 2349 1222 2403 Pharao
1251 2362 1411 2400 unum
1443 2354 1517 2399 est
1551 2358 1569 2396 :
1611 2351 1661 2396 et
1699 2352 1884 2409 septem
1922 2354 2094 2393 vacare

2194 2367 2442 2407 monem:
2483 2351 2700 2405 utsicut
2733 2351 2784 2405 lii
2816 2350 2909 2419 qui
2938 2350 3187 2405 alacriter
3218 2350 3558 2413 mandatam,
3600 2361 3655 2404 et
3690 2350 3762 2404 ob

521 2459 714 2497 macra:
755 2459 872 2512 qua:
900 2439 1242 2494 ascendebant
1270 2448 1383 2507 post
1411 2452 1522 2500 eas,
1563 2442 1758 2503 septem
1798 2430 1924 2483 anni
1950 2440 2094 2482 sunt.
2194 2445 2480 2514 quamdam
2545 2443 2879 2498 occasionem
2930 2453 3280 2513 exsurgentes
3339 2459 3366 2495 ει
3427 2458 3611 2496 mensa
3671 2443 3761 2496 ηε,

522 2533 593 2587 Ει
623 2543 813 2603 septem
848 2534 1004 2603 spicte
1036 2541 1212 2585 tenues
1248 2540 1292 2582 et
1330 2545 1361 2581 a
1394 2537 1538 2581 vento
1576 2533 1855 2594 corruptae,
1902 2532 2095 2591 septem

2198 2547 2313 2590 tant
2342 2536 2453 2607 (42)
2502 2536 2605 2591 sibi
2650 2537 2892 2606 apposita
2923 2553 2938 2590 :
2968 2536 3041 2590 ita
3084 2546 3139 2590 et
3174 2551 3267 2591 vos
3296 2533 3539 2602 reliquias
3580 2533 3689 2588 alio
3725 2548 3760 2587 α

522 2627 649 2679 anui
687 2634 829 2679 sunt.
870 2623 937 2676 Et
969 2625 1060 2678 erit
1084 2632 1273 2691 septem
1312 2621 1464 2674 annis
1502 2619 1700 2688 fames:
1724 2631 1900 2671 verum
1923 2623 2097 2667 autem
2197 2630 2354 2684 ηοω,
2378 2630 2651 2698 amne
2681 2628 2793 2690 die,
2821 2643 2890 2681 ne
2914 2628 3041 2697 quid
3066 2638 3122 2681 α
3151 2626 3526 2681 intermisimus
3563 2643 3581 2680 ε
3647 2642 3765 2681 non

524 2718 665 2788 quod
702 2717 837 2769 dixit
874 2714 1083 2768 Pharao
1115 2730 1134 2767 :
1169 2726 1493 2783 quacunque
1515 2710 1653 2764 Deus
1676 2708 1857 2778 faciet,
1876 2705 2099 2760 ostendit

2198 2720 2340 2775 enim
2368 2722 2525 2777 decet
2548 2737 2644 2777 nos
2673 2721 2949 2775 venientes
2986 2720 3052 2774 ad
3082 2718 3499 2774 consolationem
3547 2718 3767 2785 mortis,

526 2809 820 2865 Pharaoni.
854 2805 989 2861 Ecce
1048 2814 1243 2875 septem
1279 2804 1407 2857 anui
1461 2802 1669 2857 ueniunt
1698 2799 1953 2853 ubertatis
1981 2813 2098 2851 ma-

2200 2811 2504 2882 relinquere
2530 2810 2695 2866 Iacob
2724 2812 2775 2864 in
2817 2811 2963 2865 luctu
2992 2812 3059 2865 de
3088 2809 3231 2863 fama
3265 2810 3455 2863 mortis
3488 2807 3604 2862 ﬁlii.
3659 2809 3763 2862 Sed

526 2917 645 2971 gnte
703 2901 758 2953 in
795 2900 939 2952 omni
978 2909 1120 2951 terra
1160 2894 1399 2966 zEgypti.
1432 2893 1562 2948 Post
1593 2901 1765 2947 autem
1791 2892 1987 2945 venient
2016 2903 2101 2943 se-

2199 2903 2423 2959 rationis
2460 2913 2542 2958 est
2594 2914 2649 2957 et
2680 2902 2925 2972 sequenti
2970 2900 3332 2971 nosjungere,
3355 2910 3407 2954 et
3436 2900 3662 2955 miscere
3709 2900 3763 2953 in

526 3005 662 3065 ptent
699 2993 825 3046 anni
853 2992 1009 3060 famis
1041 3007 1059 3045 :
1104 3001 1282 3059 postea
1305 2988 1672 3041 obliviscentur
1713 2985 1996 3039 ubertatem
2043 2982 2100 3035 in

2200 2997 2530 3051 alacritatem
2564 2996 2858 3065 lugentium
2879 2995 2989 3065 jam
3027 3008 3146 3049 esse
3181 2993 3624 3049 consolationem.
3652 2991 3764 3047 Non

528 3088 769 3141 universa
806 3083 1058 3153 Egypto,
1089 3092 1136 3136 et
1174 3091 1435 3135 consumet
1462 3081 1624 3149 fames
1654 3092 1854 3131 omnem
1880 3086 2094 3129 terram.
2125 3078 2127 3098 '

2166 3087 2420 3143 ‘fuissem
2451 3102 2546 3142 vos
2596 3060 2786 3156 passus
2833 3060 2906 3141 ita
2960 3086 3255 3155 dimittere,
3303 3086 3479 3139 adhuc
3512 3083 3765 3140 sollicitus

529 3175 712 3246 Neque
740 3183 1048 3244 aguoscetur
1068 3175 1276 3225 ubertas
1306 3186 1459 3239 super
1479 3180 1670 3222 terram
1688 3183 1797 3237 prce
1817 3166 1954 3235 fame
1980 3182 2096 3236 qua:

2202 3189 2421 3250 propter
2452 3179 2617 3234 Jacob
2644 3179 2929 3248 lugentem.
2961 3177 3095 3244 Quia
3135 3178 3298 3248 igitur
3334 3177 3618 3246 incipimus
3644 3192 3762 3246 per-

529 3267 709 3337 futura
736 3276 811 3318 est
848 3277 958 3333 post
978 3265 1109 3317 Ιιωο.
1150 3262 1430 3317 Vehemens
1450 3262 1589 3316 enim
1617 3261 1713 3314 erit
1740 3259 1907 3314 valde.
1945 3256 2095 3322 Quod
2203 3268 2449 3324 mittente
2486 3267 2592 3323 Deo
2630 3278 2685 3323 ει
2710 3266 3050 3337 prohalioues
3076 3268 3143 3321 de
3188 3266 3582 3320 regum-ecum
3634 3279 3765 3320 con.

530 3369 707 3414 autem
740 3359 944 3413 iteravit
984 3358 1243 3411 somnium
1273 3354 1488 3410 Pharao
1519 3355 1624 3419 bis;
1653 3356 1775 3424 quia
1803 3368 1974 3407 verum
1996 3352 2098 3405 erit
2199 3356 2441 3428 iungere,
2472 3356 2580 3426 iam
2612 3358 2766 3412 ﬁdem
2787 3358 3135 3427 prmcedentis
3156 3357 3423 3412 sermonis
3443 3356 3767 3412 conﬁdentes

530 3453 742 3507 verbum
778 3452 914 3521 quatl
946 3464 1020 3504 est
1070 3466 1101 3502 a
1136 3447 1268 3511 Deo,
1310 3458 1357 3501 et
1387 3456 1627 3516 properat
1680 3444 1821 3498 Deus
1854 3453 1910 3497 ut
1937 3443 2098 3513 faciat
2203 3450 2500 3518 epulemur,
2529 3464 2635 3505 non
2679 3464 2799 3503 cum
2860 3456 3118 3504 mortuis:
3161 3463 3350 3504 omnes
3382 3449 3525 3504 enim
3565 3448 3761 3504 vivunt.

530 3546 649 3601 hoc.
693 3544 847 3598 Nunc
879 3559 1000 3613 ergo
1028 3542 1236 3612 provide
1277 3541 1535 3594 hominem
1563 3549 1852 3600 sensatum,
1881 3547 1927 3589 et
1966 3551 2101 3603 prtc-
2206 3539 2321 3595 Non
2360 3541 2502 3594 enim
2549 3540 2794 3595 venimus
2822 3540 2889 3594 ad
2941 3549 3304 3605 monumenta,
3359 3542 3454 3595 sed
3499 3541 3566 3595 ad
3593 3539 3759 3595 locum

531 3652 663 3706 pone
710 3652 828 3689 eum
874 3650 1028 3703 super
1076 3632 1393 3703 Egyptum,
1449 3641 1496 3685 et
1554 3630 1713 3699 faciat
1752 3628 1986 3691 Pharao,
2049 3634 2100 3679 et

2206 3632 2717 3696 commendationis;
2751 3648 2855 3687 non
2885 3634 3132 3688 venimus
3160 3631 3225 3685 ad
3278 3642 3545 3705 mortuos,
3575 3632 3667 3687 sed
3704 3631 3766 3684 ad

532 3736 799 3795 praeponat
820 3727 1053 3777 locorum
1067 3723 1328 3792 principes
1348 3738 1506 3792 super
1534 3733 1750 3783 terram,
1772 3720 1861 3789 qui
1890 3719 2099 3787 quintus

2205 3726 2491 3781 viventes:
2544 3734 2947 3779 commonentes
2993 3725 3344 3794 nosmetipsos
3394 3737 3487 3794 per
3527 3739 3589 3780 ea
3654 3738 3771 3793 qua

533 3818 707 3887 exigat
746 3816 858 3888 (40)
910 3816 1075 3868 omnis
1107 3814 1311 3883 fructus
1338 3825 1491 3867 terra:
1517 3811 1736 3882 Egypti
1770 3821 1961 3879 septem
2000 3825 2101 3861 an-

2208 3816 2435 3872 facimus
2462 3831 2608 3887 spem
2628 3816 2793 3885 ipsius
2812 3816 3237 3870 resurrectionis.
3261 3815 3389 3870 Lati
3404 3814 3773 3879 convenimus,

535 3925 723 3962 norum
763 3910 1034 3971 ubertatis,
1072 3918 1121 3962 et
1168 3906 1416 3975 colligant
1458 3921 1634 3959 omnes
1669 3904 1873 3973 fructus
1908 3910 2102 3970 septem

2207 3907 2379 3978 majus
2404 3910 2694 3978 gaudentes
2746 3908 3083 3973 recedimus;
3130 3907 3197 3961 ita
3246 3908 3387 3961 enim
3427 3905 3772 3968 conﬁdimus,

537 3985 793 4052 annorum
827 3978 1145 4052 venientium
1184 3997 1373 4049 horum
1413 3995 1667 4049 bonorum
1698 4008 1716 4047 :
1743 4002 1793 4048 et
1824 3992 2104 4062 colligatur
2208 3999 2331 4069 quia
2361 4012 2720 4068 resurgemus,
2748 3996 2870 4065 quia
2901 4004 2955 4050 et
3000 3996 3103 4050 ista
3148 3996 3428 4050 credentes
3449 3993 3775 4048 lzetahimur.

535 4090 856 4162 frumentum
882 4093 974 4144 sub
1000 4106 1157 4144 manu
1188 4086 1402 4142 Pharao
1442 4103 1455 4116 ·
1485 4096 1533 4140 et
1574 4103 1704 4141 escte
1726 4087 1778 4140 in
1805 4086 2102 4140 civitatibus
2210 4088 2476 4146 Habemus
2511 4100 2689 4145 autem
2716 4089 3045 4146 reconditum
3072 4103 3375 4144 sermonem
3404 4086 3555 4141 nobis
3579 4094 3776 4140 osten-

533 4184 903 4238 custodiantur
932 4196 950 4234 :
978 4194 1026 4237 et
1044 4184 1147 4236 sint
1170 4197 1300 4237 escte
1333 4196 1447 4251 qua:
1468 4178 1740 4234 custodita:
1772 4178 1965 4247 fuerint
1998 4186 2105 4231 ter—
2209 4180 2447 4247 dentem,
2497 4196 2620 4252 spes
2668 4185 2793 4252 quia
2835 4194 2919 4239 est
2958 4181 3240 4253 religiosis.
3299 4179 3363 4235 Et
3385 4178 3496 4249 iam
3549 4178 3779 4247 quidem

536 4290 634 4342 rte,
662 4273 716 4329 in
745 4283 934 4342 septem
955 4291 1117 4329 annos
1136 4274 1291 4344 famis
1323 4289 1440 4344 qua:
1463 4273 1563 4327 erit
1592 4272 1648 4325 in
1677 4281 1818 4325 terra
1844 4268 2060 4339 eEgypti
2083 4282 2103 4319 :
2210 4281 2483 4328 ostensum
2507 4283 2591 4329 est
2629 4290 2657 4329 a
2687 4275 2835 4344 justo
2867 4274 2975 4331 Deo
2994 4293 3008 4333 :
3030 4284 3206 4328 tamen
3234 4271 3353 4342 quis
3378 4280 3532 4324 vocat
3558 4277 3782 4340 tempus

537 4377 585 4421 et
615 4383 718 4421 non
751 4366 1181 4420 exterminabitur
1227 4377 1370 4421 terra
1409 4382 1441 4419 a
1490 4364 1653 4433 fame.
1683 4360 1753 4415 Et
1794 4361 2105 4432 placuerunt
2141 4414 2183 4469 Β
2211 4379 2311 4421 nos
2345 4366 2490 4421 rellci
2526 4366 2740 4432 debere,
2774 4368 3065 4437 gratiarum
3117 4366 3352 4420 actiones
3388 4361 3788 4431 consignantes

536 4463 648 4513 lut'c
704 4459 857 4513 verba
911 4467 1033 4511 αηιι
1081 4456 1318 4521 Pharao.
1364 4464 1413 4511 ει
1460 4454 1700 4510 omnum!
1742 4455 1918 4525 pueris
1969 4453 2101 4506 suis.
2143 4453 2182 4469 "
2211 4457 2431 4511 verbum
2454 4457 2677 4529 gloriam
2710 4458 3003 4514 referamus
3030 4458 3221 4514 viventi
3248 4466 3300 4512 et
3320 4456 3459 4511 bono
3481 4464 3538 4511 et
3570 4470 3701 4511 vero
3724 4466 3783 4509 et

538 4550 793 4620 Nunquid
829 4551 1143 4604 inveniemus
1183 4550 1443 4603 hominem
1469 4547 1626 4601 talem
1655 4547 1744 4618 qui
1777 4547 1929 4599 habet
1947 4546 2106 4615 spiri-
2210 4547 2501 4623 viviﬁcanti
2523 4546 2648 4603 Jesu
2664 4549 2910 4604 Christo:
2935 4565 3030 4618 per
3045 4566 3204 4620 quem
3230 4560 3312 4604 cst
3345 4550 3453 4604 Deo
3486 4548 3627 4603 Patri
3658 4562 3789 4603 cum

534 4650 645 4691 tum
675 4638 768 4691 Dei
784 4638 838 4691 in
865 4640 956 4692 se.’
984 4637 1050 4691 Et
1075 4638 1210 4692 dixit
1236 4634 1451 4690 Pharao
1480 4636 1549 4689 ad
1571 4635 1764 4705 Joseplt
1796 4650 1814 4689 :
1842 4634 2106 4700 Quoniam
2213 4639 2417 4708 Spiritu
2444 4651 2634 4696 sancto
2662 4642 2831 4711 gloria
2860 4650 2916 4696 et
2940 4642 3131 4707 honor,
3174 4642 3479 4711 imperium,
3509 4636 3789 4706 maiestas,

543 4728 877 4783 ostendittibi
904 4730 1042 4783 Deus
1071 4730 1247 4781 ontuia
1267 4729 1399 4795 haec,
1434 4746 1535 4783 non
1565 4737 1639 4782 est
1683 4727 1778 4781 tibi
1800 4727 1951 4780 homo
1979 4737 2107 4788 vru-
2212 4740 2266 4786 ει
2304 4747 2444 4787 nunc
2475 4741 2529 4787 et
2554 4747 2785 4804 semper,
2810 4742 2975 4805 ειρει-
3000 4734 3179 4790 οπηηίδ
3214 4733 3409 4789 meum
3440 4730 3787 4788 δεουιοι-υω,

542 4821 767 4886 dentior,
800 4838 891 4875 nec
920 4822 1179 4876 sensatior
1205 4831 1289 4875 te:
1306 4832 1362 4874 tu
1383 4822 1483 4875 eris
1500 4836 1656 4889 super
1686 4819 1897 4874 domum
1916 4835 2104 4882 meam,
2212 4818 2404 4876 Amen.

612 5000 660 5033 "
695 4999 831 5055 Gen.
857 5014 964 5065 xu,
1002 4999 1167 5053 17-41

614 5155 728 5276 φο)
767 5158 981 5241 Exigat.
1004 5156 1167 5211 Forte
1196 5154 1425 5233 exigant.
2289 5150 2401 5234 (ῥὲ)
2440 5148 2642 5203 Nitant.
2674 5147 2837 5213 Forte
2857 5148 3081 5216 nictant,
3122 5149 3240 5206 dum
3270 5148 3478 5204 scilicet
3501 5145 3571 5202 ad
3600 5147 3788 5219 epulas

635 5226 728 5276 Mt
768 5229 831 5276 Et
869 5246 974 5276 mm
999 5243 1138 5276 cum.
1170 5223 1331 5276 Forte
1357 5238 1515 5276 etiam
1549 5235 1684 5276 cum.
2225 5224 2442 5276 relictus
2474 5229 2801 5276 resneetant.

635 5223 728 5299 ll)
768 5229 831 5284 Et
858 5223 974 5299 iam
999 5243 1138 5282 cum.
1170 5223 1331 5280 Forte
1357 5224 1515 5279 etiam
1549 5235 1684 5276 cum.
2225 5224 2442 5279 relictus
2474 5229 2801 5290 respectant.

2125 5430 2197 5458 ῖ-
