4050 6206
347 257 497 316 ’11)θὸ

1402 250 1490 305 DE
1526 247 2117 311 RESURBECTIONE.
2156 284 2224 295 ——
2258 253 2383 310 LIB.
2425 253 2490 310 ll.

3433 271 3458 324 l
3468 270 3573 328 οθι

359 402 3538 445 _——————_—'——_——‘$—_—m

1432 576 1790 664 LIBER
1838 574 2495 667 SECUNDUS.

429 936 697 995 Laztantur
724 934 939 1006 quidem
962 934 1089 989 caeli
1116 934 1185 990 de
1223 934 1512 991 festivitate
1542 936 1813 1005 praesenti,
1858 936 1910 991 in
1941 943 1987 1003 Α
2016 953 2136 1010 quae
2162 951 2288 997 ante
2317 956 2529 998 crucem
2558 941 2695 997 facta
2729 954 2856 1001 sunt
2888 949 2976 1016 qui
3027 949 3124 1004 fuit
3145 956 3377 1010 ostendit
3405 974 3419 1010 :
3454 970 3571 1027 post

352 1046 458 1101 qua
484 1026 762 1083 Dominum
792 1037 1075 1093 suscepere
1100 1025 1356 1081 victorem
1394 1040 1407 1077 :
1449 1026 1657 1081 laetatur
1676 1034 1731 1081 et
1761 1038 1917 1081 exer-

350 1121 491 1175 citus
508 1116 816 1186 angelorum
840 1116 1136 1185 suscipiens
1158 1132 1277 1170 cum
1290 1114 1510 1171 victoria
1538 1131 1748 1187 regem:
1770 1118 1917 1171 laeta-

358 1221 439 1265 tur
462 1219 517 1265 et
540 1209 629 1279 qui
654 1208 852 1279 genuit,
881 1216 934 1261 et
955 1207 1101 1262 misit
1126 1206 1286 1261 Pater
1304 1223 1334 1262 a
1357 1209 1561 1263 dextris
1577 1209 1687 1263 suis
1708 1209 1914 1264 habens

344 1303 727 1358 'charissimum
764 1298 980 1364 Filium,
1008 1315 1102 1369 per
1124 1314 1277 1369 quem
1304 1312 1511 1357 mortua
1536 1300 1748 1371 quidem
1771 1317 1915 1356 mors

343 1397 462 1468 «(45)
497 1408 599 1461 est,
638 1404 886 1464 corrupta
910 1403 1086 1448 autem
1113 1402 1193 1448 est
1226 1394 1622 1465 corruptela,et
1642 1395 1914 1451 destructa

340 1501 432 1545 est
453 1488 653 1543 diaboli
684 1486 948 1558 tyrannis,
980 1495 1031 1540 et
1046 1484 1235 1540 salvati
1258 1494 1381 1541 sunt
1408 1487 1671 1554 homines,
1702 1498 1755 1543 et
1786 1502 1915 1555 gau-

347 1581 495 1635 dium
527 1586 844 1648 acceperunt
868 1576 1058 1648 angeli.
1093 1577 1205 1633 Non
1236 1589 1317 1634 est
1334 1594 1523 1645 passus
1546 1588 1723 1633 autem
1744 1579 1914 1648 Spirio

351 1681 436 1727 tus
458 1679 704 1725 sanctus:
723 1669 813 1723 sed
836 1684 927 1737 per
942 1672 1176 1723 omnium
1201 1669 1475 1724 hominum
1494 1669 1704 1741 linguas
1725 1671 1911 1726 victori

346 1759 540 1812 obtulit
556 1759 899 1824 laudes.Quia
911 1758 1049 1812 enim
1061 1760 1294 1814 omnium
1312 1761 1608 1831 linguarum
1623 1761 1911 1826 eratsalus,

347 1849 467 1904 ideo
484 1851 625 1903 omni
656 1849 833 1920 lingua
857 1862 948 1917 per
964 1864 1056 1902 ora
1080 1850 1437 1919 apostolorum
1470 1850 1676 1905 locutus
1701 1860 1780 1907 est
1799 1849 1913 1922 Spi~

349 1942 504 1995 ritus.
532 1941 594 1994 Et
620 1942 815 1995 exinde
835 1939 944 2010 jam
971 1941 1390 2010 vocabatgentes
1416 1957 1510 2012 per
1539 1944 1869 1998 initiamenta
1893 1959 1908 1997 :

350 2032 673 2101 implebatur
699 2042 874 2086 autem
917 2043 969 2086 et
989 2034 1337 2103 praecedentis
1378 2034 1681 2090 festivitatis
1709 2034 1908 2088 laetitia.

346 2119 550 2174 Pascha
594 2121 735 2174 enim
782 2121 1086 2176 festivitatis
1118 2123 1302 2178 mortis
1341 2131 1734 2178 sacramentum
1770 2125 1821 2177 in
1853 2137 1912 2177 se

351 2212 491 2265 conti
502 2221 781 2274 nens,tunc
802 2212 1478 2282 recipiebatfructum,cum
1505 2214 1911 2270 fiebatrecursio

339 2297 550 2354 Domini
576 2301 642 2353 ad
688 2301 869 2356 caelos.
894 2301 1006 2357 Non
1026 2303 1166 2357 enim
1182 2303 1328 2357 venit
1345 2312 1400 2356 ut
1420 2304 1651 2357 moriens
1678 2317 1910 2358 morere-
1939 2294 1982 2349 Β

338 2394 452 2447 tur,
469 2387 559 2441 sed
581 2398 636 2441 ut
652 2403 743 2443 eos
756 2390 843 2457 qui
864 2392 1054 2445 mortui
1075 2390 1611 2446 fuerantvivilicaret.
1630 2390 1903 2447 Laetamur

334 2478 503 2548 igitur
518 2480 694 2534 omnia
719 2499 732 2535 :
756 2481 891 2535 forte
906 2491 1083 2536 autem
1108 2494 1163 2537 et
1192 2494 1435 2538 creatura
1453 2501 1465 2536 :
1485 2484 1680 2538 clarior
1693 2486 1905 2541 enimet

335 2570 422 2624 sol
463 2580 580 2637 est,
623 2573 913 2626 secundum
948 2589 1183 2642 prtesens
1216 2576 1316 2629 hoc
1363 2584 1568 2642 tempus
1610 2576 1905 2639 :prolixior

332 2662 487 2716 enim
501 2671 555 2716 et
576 2661 753 2715 lumen
770 2663 996 2717 habetur
1016 2664 1128 2735 (Η)
1151 2679 1165 2717 :
1188 2676 1243 2719 et
1260 2651 1494 2720 omnium
1512 2671 1804 2737 completus
1819 2677 1903 2724 est

336 2751 555 2808 fructus
589 2761 686 2807 :et
708 2756 1051 2809 consentiunt
1089 2755 1257 2811 ofﬁcia
1292 2757 1692 2827 dispensationi.
1720 2761 1901 2815 Soluta

338 2853 528 2898 autem
557 2845 708 2900 nobis
747 2855 830 2899 est
863 2856 917 2901 et
954 2849 1217 2902 sententia
1246 2865 1261 2903 :
1307 2859 1550 2904 revocata
1604 2861 1686 2906 est
1720 2863 1900 2908 nostra

340 2935 615 2991 restitutio
655 2951 670 2990 :
701 2934 1001 2992 obedientia
1040 2937 1182 2991 enim
1218 2939 1459 3003 veniens,
1497 2941 1895 3005 praevaricatio-

340 3027 435 3081 nis
467 3042 651 3097 ptenas
674 3012 830 3095 eiecit
858 3046 874 3082 :
912 3028 1111 3097 iustitia
1134 3030 1530 3084 subintroducta
1564 3031 1899 3101 iniquitatem

346 3121 584 3190 repulit:
617 3122 833 3175 veniens
880 3121 985 3175 vita
1038 3132 1260 3176 mortem
1321 3123 1704 3177 mortificavit:
1756 3123 1898 3180 Deus

345 3210 676 3265 descendens
720 3211 987 3265 hominem
1036 3213 1282 3281 perduxit
1317 3215 1382 3267 ad
1433 3215 1618 3269 oculos.
1657 3214 1900 3285 Undique

340 3300 509 3366 igitur
555 3301 784 3371 fulgores
838 3301 1142 3357 festivitatis
1188 3302 1461 3358 lucescant
1503 3303 1633 3376 (4‘s).
1675 3305 1897 3361 Sursmn

346 3394 516 3458 chori,
585 3394 635 3448 in
692 3403 834 3448 terra
896 3393 1109 3451 laetitiae.
1179 3393 1416 3450 Tristant
1479 3398 1614 3449 bona
1669 3397 1896 3464 malum,

344 3482 486 3551 luget
539 3484 884 3553 semetipsum
945 3484 1226 3539 diabolus:
1275 3486 1427 3540 decet
1488 3489 1626 3541 enim
1657 3504 1778 3542 eum
1821 3489 1899 3543 lu—

340 3587 455 3629 ctus
483 3590 645 3628 suus:
682 3575 867 3643 lugent
899 3575 1076 3631 adhuc
1100 3590 1269 3645 usque
1291 3578 1583 3644 daemones,
1613 3588 1667 3633 et
1693 3590 1895 3634 semet-

342 3667 485 3736 ipsos
508 3668 802 3735 deplorant.
844 3667 1074 3723 Tantnm
1126 3669 1268 3724 enim
1313 3679 1370 3723 ut
1416 3672 1690 3725 nominata
1737 3672 1899 3729 fuerit

339 3772 491 3823 crux,
533 3767 829 3826 agnoscunt
872 3760 1103 3830 plagam,
1140 3770 1194 3815 et
1236 3776 1344 3815 non
1374 3760 1637 3816 suﬂ‘erunt
1678 3780 1894 3820 nomen.

337 3846 408 3904 Et
439 3864 506 3905 ne
535 3850 653 3919 quis
701 3861 849 3920 putet
889 3853 1110 3908 oblitum
1159 3868 1244 3907 me
1276 3852 1440 3909 fuisse
1475 3853 1739 3910 hesterna:
1776 3872 1898 3926 pro-

340 3940 613 3996 missionis
640 3957 797 4008 meze;
829 3945 1246 4013 promiseramus
1272 3945 1416 3999 enim
1445 3945 1507 4000 de
1540 3949 1896 4004 resurrectio-

340 4045 410 4087 ne
464 4032 640 4087 dicere
683 4032 837 4102 heri;
889 4034 1213 4106 exposcebat
1264 4036 1409 4091 enim
1462 4046 1689 4108 tempus.
1743 4039 1898 4095 Sicut

339 4123 485 4178 enim
537 4124 652 4180 heri
682 4125 748 4181 de
777 4126 1173 4183 resurrectione
1219 4138 1396 4184 motus
1432 4139 1517 4184 est
1554 4145 1735 4187 sermo
1766 4149 1781 4189 :
1817 4131 1893 4188 ita

341 4217 463 4285 quia
497 4213 761 4272 festivitas
808 4232 1111 4285 regressum
1166 4217 1373 4274 Domini
1418 4220 1642 4290 requirit
1688 4220 1753 4275 ad
1798 4220 1897 4276 Pa-

342 4316 499 4360 trem.
534 4305 807 4361 Firmatur
846 4316 1025 4362 autem
1076 4305 1350 4362 hominum
1384 4310 1736 4374 resurrectio,
1772 4326 1893 4366 cum

338 4398 644 4468 apparuerit
692 4395 858 4453 Filiu's
903 4412 1150 4453 reversus
1196 4399 1263 4452 ad
1311 4397 1549 4455 Patrem.
1602 4399 1673 4454 Et
1725 4402 1896 4469 majus

337 4489 789 4560 ostenditurquod
805 4489 1128 4561 propositum
1141 4499 1244 4556 est,
1261 4506 1379 4547 cum
1397 4494 1705 4562 apparuerit
1720 4509 1897 4550 resur-

337 4581 504 4636 rectio
534 4581 645 4650 ejus
667 4582 756 4652 qui
787 4582 1064 4637 suscitavit
1091 4584 1225 4656 (46).
1254 4585 1527 4663 Siquidem
1546 4588 1897 4657 etApostolus

336 4674 522 4730 volens
543 4676 825 4731 ostendere
863 4675 979 4744 quia
1009 4687 1294 4747 resurgunt
1324 4678 1585 4745 homines,
1616 4680 1682 4734 ad
1718 4697 1896 4736 resur—

340 4768 634 4822 rectionem
670 4768 878 4822 Domini
924 4769 1222 4824 transmisit
1256 4785 1407 4824 suum
1460 4786 1796 4838 sermonem,
1841 4783 1897 4828 et

338 4857 507 4913 dixit:
539 4855 598 4912 Si
628 4858 971 4927 compatimur
993 4871 1047 4912 ut
1077 4871 1125 4914 et
1153 4860 1310 4915 simul
1349 4862 1699 4932 gloriﬁcemur
1719 4865 1785 4919 “.
1831 4865 1894 4921 Si

2015 1043 2241 1089 mortem
2289 1044 2463 1089 autem
2519 1036 2783 1091 mirabilia
2816 1056 2935 1108 quae
2978 1057 3073 1109 per
3112 1046 3380 1114 apostolos
3429 1040 3567 1105 facta

2012 1135 2161 1190 sunt,
2194 1127 2519 1181 conlirmant
2559 1131 2684 1197 quia
2717 1132 2808 1199 qui
2854 1142 3097 1189 mortuus
3138 1146 3221 1190 est
3274 1144 3575 1198 resurrexit

2013 1226 2069 1272 et
2098 1217 2250 1272 vivit.
2287 1216 2438 1274 Unde
2460 1228 2515 1274 et
2543 1220 2744 1288 majora
2772 1234 2983 1279 servata
3012 1236 3137 1282 sunt
3160 1231 3426 1287 mirabilia
3451 1244 3570 1303 post

2014 1316 2262 1373 mortem,
2288 1324 2444 1377 quam
2470 1326 2531 1364 ea
2563 1328 2681 1382 quae
2700 1324 2824 1370 ante
2856 1328 3080 1373 mortem
3104 1330 3227 1375 sunt
3251 1324 3407 1380 facta.
3433 1325 3568 1393 Quia

2012 1400 2156 1455 enim
2189 1401 2554 1459 incredibilior
2597 1411 2922 1466 resurrectio
2951 1412 3159 1468 Domini
3209 1419 3380 1488 magis
3406 1436 3567 1488 quam

2017 1490 2282 1549 adventus
2306 1495 2420 1564 ejus
2446 1497 2497 1551 in
2534 1500 2753 1566 mundo,
2781 1502 2982 1571 majora
3018 1520 3227 1560 servata
3266 1523 3389 1565 sunt
3420 1515 3575 1567 testi--

2011 1583 2111 1639 bus
2162 1589 2571 1645 resurrectionis
2601 1593 2888 1661 mirabilia,
2938 1606 2995 1650 ut
3015 1612 3394 1666 agnosceretur
3427 1605 3565 1673 (46')

2011 1678 2137 1747 quia
2168 1690 2407 1736 mortuus
2433 1683 2648 1752 quidem
2685 1696 2785 1752 est,
2815 1688 2907 1742 sed
2940 1693 3318 1747 resurrexitob
3349 1696 3568 1766 dispen-

2010 1768 2293 1838 sationem,
2320 1773 2450 1827 vivit
2480 1784 2655 1829 autem
2697 1788 2914 1848 propter
2945 1780 3214 1837 virtutem.
3260 1785 3389 1852 Quis
3421 1790 3571 1843 enim

2011 1877 2173 1919 ausus
2200 1874 2282 1920 est
2313 1866 2515 1932 dicere,
2543 1870 2666 1938 quia
2702 1885 2810 1926 non
2842 1874 3139 1928 resurrexit
3166 1876 3436 1944 Christus,
3473 1888 3566 1935 aut

2009 1955 2499 2027 conlessibiles(47)
2523 1959 2742 2025 inimici,
2766 1972 2857 2016 aut
2881 1964 2995 2018 ficti
3026 1966 3219 2020 amici?
3252 1966 3414 2022 Putas
3432 1987 3565 2040 gen-

2012 2046 2131 2101 tiles
2158 2048 2427 2103 audebunt
2459 2050 2639 2106 dicere
2667 2053 2791 2122 quia
2826 2065 3073 2111 mortuus
3102 2067 3185 2110 est
3226 2067 3277 2111 et
3326 2076 3430 2113 non
3464 2076 3565 2115 re-

2010 2139 2281 2192 surrexit?
2309 2138 2418 2194 Non
2454 2159 2636 2212 quer
2668 2144 2796 2214 quid
2846 2146 3049 2215 dicant,
3079 2150 3170 2204 sed
3201 2152 3325 2219 quid
3356 2154 3567 2220 patian-

2014 2238 2115 2282 tur.
2144 2228 2199 2283 Si
2237 2232 2378 2285 enim
2404 2244 2547 2287 stant
2567 2251 2751 2290 eorum
2784 2240 2999 2309 templa,
3027 2256 3131 2296 non
3158 2246 3470 2299 resurrexit.
3504 2243 3563 2301 Si

2012 2338 2117 2378 non
2146 2324 2427 2388 destruxit,
2462 2321 2639 2382 si'non
2663 2330 2890 2385 conﬂata
2911 2345 3031 2387 sunt
3067 2349 3253 2389 eorum
3278 2336 3563 2391 simulacra

2003 2424 2123 2481 post
2152 2430 2388 2480 crucem,
2422 2434 2525 2472 non
2557 2424 2875 2495 resurrexit,
2898 2424 2986 2492 qui
3009 2427 3187 2495 arguit
3213 2443 3275 2482 ea
3304 2446 3421 2498 qua:
3453 2446 3557 2485 uon

2003 2507 2210 2561 vivunt.
2241 2507 2298 2562 Si
2327 2524 2431 2564 non
2455 2509 2798 2580 increpautur
2826 2515 3043 2571 nomine
3076 2519 3251 2573 crucis
3271 2534 3457 2576 eorum
3484 2523 3565 2577 dii

2001 2608 2055 2653 et
2085 2599 2374 2666 daemones,
2419 2618 2522 2658 non
2572 2607 2865 2661 resurrexit
2901 2608 2992 2677 qui
3036 2610 3122 2664 his
3153 2612 3242 2679 qui
3278 2627 3382 2666 non
3432 2624 3558 2668 sunt

2005 2692 2260 2748 terribilis
2315 2693 2586 2750 habetur:
2625 2699 2950 2754 confitentur
3000 2702 3143 2756 enim
3178 2713 3233 2757 et
3286 2708 3557 2761 daemones

2003 2804 2452 2861 resurrectionem
2483 2807 2706 2865 Christi.
2736 2811 2834 2878 Qui
2871 2814 3011 2869 enim
3056 2818 3398 2881 exorcizant,
3432 2832 3558 2873 oru-

2003 2910 2119 2950 cem
2145 2896 2354 2953 Domini
2383 2901 2683 2968 nominant,
2727 2914 2780 2959 et
2825 2908 3268 2963 resurrectionem
3312 2926 3327 2963 :
3365 2918 3419 2964 et
3458 2925 3556 2965 no-

2003 2988 2148 3043 mine
2177 2989 2294 3059 ejus
2321 2991 2414 3061 qui
2450 3003 2694 3049 mortuus
2727 3005 2810 3051 est
2840 3009 2897 3053 et
2942 3001 3237 3055 resurrexit
3268 3001 3553 3071 increpan-

2004 3082 2101 3139 tes,
2135 3090 2239 3129 non
2265 3085 2324 3130 ut
2356 3076 2722 3135 inobedieutes
2759 3079 2850 3135 aut
2898 3085 3325 3141 contradicentes
3357 3086 3557 3143 habent

2001 3166 2295 3233 daemones,
2330 3172 2422 3225 sed
2450 3170 2798 3228 obaudientes
2831 3183 2885 3229 et
2926 3178 3324 3235 consentientes
3376 3195 3557 3234 resur-

2000 3258 2309 3313 rectionem.
2365 3261 2469 3316 Sed
2524 3262 2690 3318 Judaei
2745 3266 2992 3321 dubitant
3042 3270 3108 3323 de
3160 3271 3556 3327 resurrectione

2000 3348 2220 3404 Christi.
2257 3350 2471 3406 Utinam
2502 3369 2608 3407 non
2651 3357 2975 3423 dubitarent,
3014 3369 3072 3414 ut
3102 3370 3156 3415 et
3185 3362 3281 3430 ipsi
3308 3379 3561 3435 resurge-

2000 3449 2120 3494 rent
2148 3455 2178 3494 a
2218 3442 2452 3510 peccatis
2479 3444 2610 3505 suis.
2660 3445 2713 3499 in
2746 3449 2940 3515 quibus
2981 3451 3173 3504 mortui
3200 3462 3255 3505 et
3284 3467 3407 3508 vere
3431 3467 3555 3509 sunt

2000 3530 2226 3584 mortnil
2251 3532 2306 3587 Si
2331 3540 2507 3587 autem
2525 3535 2796 3600 dubitant,
2816 3536 3095 3590 ostendant
3113 3538 3380 3592 civitatem
3403 3557 3550 3595 suam

1926 3643 1967 3699 ο
2000 3628 2113 3689 post
2144 3634 2204 3674 ea
2236 3635 2353 3690 quae
2379 3622 2492 3677 ausi
2526 3632 2671 3691 sunt,
2707 3634 2959 3678 stantem.
3010 3624 3076 3679 Et
3103 3638 3227 3678 vere
3273 3625 3363 3692 qui
3390 3642 3557 3680 .mor-

2001 3720 2121 3765 tuus
2145 3721 2227 3766 est
2257 3723 2496 3768 mortuus
2528 3724 2630 3780 est,
2672 3716 2797 3786 quia
2825 3726 2968 3771 stant
2994 3716 3083 3788 qui
3111 3713 3397 3771 aliixeruut
3423 3730 3550 3770 crn-

1995 3802 2066 3857 ci.
2093 3803 2149 3858 Si
2183 3813 2360 3860 autem
2388 3805 2602 3861 deserta
2631 3818 2711 3863 est
2752 3808 2943 3865 civitas
2983 3810 3052 3865 ob
3083 3810 3362 3865 audaciam
3409 3808 3547 3863 inco-

1994 3891 2185 3957 larum,
2212 3896 2301 3966 qui
2337 3906 2457 3965 post
2494 3908 2717 3954 mortem
2745 3899 2953 3956 cruciat
2982 3915 3075 3956 eos
3103 3902 3228 3970 quia
3260 3906 3411 3964 sunt,
3455 3899 3561 3954 uti-

1993 3996 2099 4053 que
2124 3984 2307 4039 vivens
2328 3987 2380 4040 id
2411 3988 2568 4058 gerit.
2596 3988 2654 4044 Si
2678 4005 2781 4045 non
2798 3992 2963 4046 servit
2988 4006 3173 4047 eorum
3197 4005 3349 4063 gens,
3373 3990 3416 4045 si
3441 4005 3547 4045 non

1995 4086 2395 4132 excusaverunt
2426 4095 2582 4134 suum
2621 4095 2833 4151 regem,
2880 4084 2925 4139 si
2971 4094 3055 4139 est
3090 4100 3211 4140 cum
3244 4084 3376 4155 ipsis
3423 4097 3551 4152 pro-

1995 4163 2192 4233 pheta;
2226 4182 2331 4221 non
2361 4178 2443 4224 est
2495 4170 2669 4227 factus
2697 4173 2872 4229 exitus
2900 4175 3290 4245 praedicationis
3318 4175 3558 4244 prophe-

1996 4262 2193 4309 tarum.
2227 4256 2284 4310 Si
2319 4268 2496 4313 autem
2528 4260 2719 4318 civitas
2742 4279 2928 4320 eorum
2958 4266 3166 4322 deserta
3188 4275 3291 4331 eat,
3306 4265 3350 4320 si
3382 4263 3558 4319 altare

1988 4342 2101 4414 jam
2129 4360 2234 4401 non
2263 4357 2347 4401 est
2374 4349 2474 4414 eis,
2523 4366 2625 4407 non
2658 4355 2932 4420 sacerdos,
2969 4370 3072 4410 non
3119 4370 3235 4421 rex,
3285 4369 3390 4409 non
3426 4369 3547 4424 pro-

1994 4433 2175 4500 Ριιθιεο
2213 4449 2317 4489 non
2346 4436 2595 4507 spiritus;
2622 4454 2719 4509 per
2741 4456 2898 4511 quem
2931 4442 3068 4497 ista?
3100 4442 3156 4496 Si
3187 4451 3367 4497 autem
3392 4451 3450 4497 et
3470 4441 3550 4496 di-

1994 4529 2145 4575 catur
2168 4530 2236 4577 ab
2267 4524 2345 4579 eis
2378 4527 2727 4598 impudenter,
2776 4532 2897 4602 quia
2926 4533 3194 4588 civitatem
3245 4548 3425 4587 eorum
3454 4532 3552 4586 de—

1994 4618 2306 4666 struxerunt
2353 4617 2634 4685 homines;
2669 4629 2847 4676 utrum
2886 4623 3214 4677 concedente
3246 4622 3355 4677 Deo
3388 4631 3443 4678 et
3475 4623 3548 4676 ita

1994 4702 2354 4769 permittente,
2392 4708 2560 4777 magis
2591 4719 2771 4765 autem
2816 4712 3161 4781 Indignante?
3185 4712 3370 4766 dicant
3419 4727 3575 4766 can--

1994 4802 2106 4842 sam
2156 4796 2377 4859 peccati.
2410 4795 2574 4853 Putas
2599 4812 2815 4871 prapter
2846 4801 3241 4856 idololatriam?
3292 4811 3348 4857 et
3403 4810 3551 4856 certe
3568 4788 3589 4884 ξ

1994 4895 2134 4937 nunc
2163 4883 2299 4940 idola
2330 4903 2434 4943 non
2476 4890 2675 4946 colunt.
2711 4892 2814 4947 Sed
2846 4894 2969 4964 quia
3015 4896 3303 4963 prophetas
3330 4894 3550 4949 occide-
3594 4890 3603 4897 ’

334 4952 527 5003 mortui
563 4967 665 5005 non
693 4960 989 5021 resurgunt,
1020 4968 1180 5023 neque
1222 4952 1460 5009 Christus
1487 4959 1768 5011 resurrexit
1795 4958 1838 4989 “
1875 4979 1888 5016 :
1923 4984 1970 5039 ι)
1997 4981 2122 5026 runt
2176 4976 2498 5046 aliquando?
2530 4991 2585 5036 ει
2640 4993 2784 5038 ρει-ιε
2833 4952 2952 5039 είιηι
3005 4952 3127 5039 ἐοε.
3157 4984 3547 5047 interﬁcerent,

336 5048 398 5093 ut
426 5053 492 5093 ex
526 5041 626 5095 hoc
652 5041 991 5097 manifestum
1022 5044 1112 5110 sit,
1140 5044 1415 5100 hominum
1444 5051 1887 5107 resurrectionem

334 5132 489 5202 sequi
518 5132 727 5188 Domini
756 5136 1226 5194 resurrectionem.
1262 5137 1324 5193 Et
1378 5139 1641 5196 mirabilia
1668 5144 1885 5214 quidem

406 5243 455 5277 “
488 5243 644 5301 Rom.
675 5263 793 5314 vut,
830 5248 917 5303 l7.
1012 5250 1054 5281 ⁶¹
1079 5247 1097 5302 l
1123 5251 1248 5307 Cor.
1275 5268 1363 5319 xv,
1388 5254 1476 5309 {6.

551 5380 652 5460 Ms.
686 5384 789 5460 Per
813 5402 962 5457 quem
988 5396 1195 5441 mortua
1216 5389 1419 5460 quidem
1450 5408 1609 5447 mors.

426 5452 519 5525 44)
570 5452 670 5509 Ms.
722 5452 988 5511 Pro'tizius
1009 5460 1144 5511 enim
1197 5452 1245 5512 ei
1279 5460 1451 5516 lumen
1491 5466 1730 5523 habetur.
1760 5467 1892 5527 Pro-

333 5520 724 5599 lixiores_eiiim
762 5537 888 5582 tunc
912 5529 1027 5584 dies
1054 5544 1172 5584 esse
1205 5529 1484 5599 incipiunt.

423 5592 495 5648 45
548 5594 647 5649 Ms.
679 5595 984 5653 Lucescunt.
1266 5638 1271 5639 κ
1314 5592 1330 5599 ’
1448 5634 1454 5641 .

401 5592 515 5735 illi;
559 5661 857 5724 Suscitaoit.
896 5666 1056 5726 Forte
1075 5670 1365 5725 suscitabit.

559 5661 857 5724 Suscitaoit.
896 5666 1056 5726 Forte
1075 5670 1365 5725 suscitabit.

1998 5062 2309 5121 habitabant
2331 5070 2606 5126 civitatem
2647 5088 2821 5127 suam.
2848 5072 2954 5128 Sed
2977 5076 3101 5143 quia
3132 5075 3384 5145 templum
3416 5090 3549 5129 con-

1993 5154 2320 5214 taminarunt
2341 5161 2661 5232 aliquando?
2687 5172 2742 5218 et
2761 5173 2905 5220 certe
2934 5168 3357 5221 contaminantes
3385 5165 3556 5221 habe-

2068 5406 2200 5478 (46')
2230 5408 2326 5466 Ms.
2352 5409 2417 5465 Ut
2449 5424 2851 5478 cognosceretur.

2070 5479 2218 5557 (47)”
2239 5480 2335 5535 Ms.
2377 5482 2691 5557 pottfessiles
2717 5502 2749 5557 ς
2770 5484 2938 5553 aperti
2970 5494 3025 5539 et
3055 5485 3283 5557 professi
3321 5487 3551 5556 inimici,

1995 5548 2131 5670 iri/ira
2167 5550 2257 5671 l‘ib.
2277 5567 2322 5674 ἔ,
2352 5553 2415 5604 de
2441 5548 2753 5622 incorporati
2779 5548 2896 5624 post
2924 5548 3071 5612 med:
3105 5574 3273 5612 nonne
3298 5548 3550 5627 confessi;

2028 5636 2042 5672 ι
2066 5634 2093 5672 e
2120 5635 2169 5673 es
2199 5660 2214 5686 ,
2244 5637 2271 5674 e
2298 5637 2347 5675 c.
