4050 6206
519 272 657 331 I095

1218 273 1483 330 EUSEBII
1520 273 1986 330 CESARIENSIS
2022 272 2169 330 OPP.
2212 274 2390 329 PARS
2426 275 2518 333 IV.
2556 303 2627 316 —-
2663 274 3083 331 DOGSIATICA.

518 393 667 448 bant.
701 390 827 459 Qua:
852 406 981 462 ergo
1004 406 1163 447 causa
1192 402 1271 445 est
1290 402 1347 447 ιιι
1372 393 1449 448 ira
1480 395 1737 449 adversus
1767 409 1860 449 eos
1890 396 1961 449 sit
1985 394 2073 448 Dei
2103 400 2150 456 Α
2180 410 2280 460 res,
2304 404 2350 447 et
2374 394 2502 461 ipsae
2534 394 2805 462 fornicum
2827 405 2946 447 sunt
2981 410 3033 447 in
3053 391 3284 462 .Eggpto
3313 392 3366 447 in
3392 394 3751 450 adolescentia

520 476 699 531 nunc?
742 476 806 529 Et
854 486 996 530 certe
1040 478 1332 531 secundum
1388 478 1624 546 ipsorum
1656 495 1961 532 sermonem
2011 490 2070 532 ut

521 570 690 631 aiunt,
725 570 925 621 utinam
958 567 1244 622 videantur
1296 571 1701 639 religiositatem
1746 571 1971 627 fecisse!
2022 571 2077 627 Si

519 658 661 711 enim
694 657 983 708 solventem
1012 657 1203 725 legem,
1251 669 1305 711 et
1350 660 1414 712 de
1443 660 1557 729 lege
1582 669 1765 714 contra
1799 661 2076 715 facientem

520 746 831 800 invenerunt
863 747 1139 798 Dominum
1166 746 1370 809 Jesuut,
1390 758 1440 801 et
1463 765 1565 801 non
1603 750 1819 813 invidia,
1848 751 1937 803 sed
1966 752 2080 804 zelo

521 853 615 904 pro
656 837 767 902 li-ge
800 836 1082 889 allixernnt
1114 838 1257 891 cruci
1297 856 1309 892 :
1345 840 1628 907 oportebat
1665 841 1829 893 Deum
1876 852 1929 893 et
1976 842 2078 894 alia

519 927 597 979 eis
630 938 847 994 pecrata
884 927 1149 978 dimittere
1176 928 1342 994 magis
1370 941 1589 997 propter
1614 930 1765 981 istaut
1793 931 2078 996 justitiam,

516 1034 674 1087 quam
703 1035 842 1072 nunc
864 1022 1041 1072 eosita
1074 1025 1278 1088 punire.
1309 1022 1368 1074 Et
1394 1024 1514 1075 licet
1549 1024 1642 1091 ipsi
1674 1035 1855 1077 essent
1897 1042 2077 1091 pecca-

518 1121 684 1174 tores,
715 1121 770 1164 et
818 1112 918 1163 alia
960 1113 1217 1165 haherent
1269 1125 1524 1181 peccata;
1588 1125 1760 1167 tamen
1817 1114 2079 1169 Dominus

520 1200 674 1255 Jcsus
704 1243 718 1267 ,
750 1220 905 1270 quem
957 1206 1051 1273 ipsi
1100 1205 1198 1274 legi
1251 1209 1521 1258 contraria
1566 1205 1847 1260 facientem
1878 1213 2076 1273 dixere,

518 1311 640 1348 cum
673 1298 811 1363 apud
847 1314 940 1350 eos
990 1309 1152 1360 esset,
1194 1300 1513 1365 praedicebat
1547 1301 1671 1367 quia
1710 1302 2077 1355 destrueretur

514 1402 699 1440 eorum
753 1390 1028 1456 templum,
1091 1400 1143 1442 et
1198 1390 1598 1458 deprtedaretur
1648 1407 1832 1445 eorum
1890 1396 2080 1449 civitas

521 1490 736 1547 propter
759 1481 807 1530 id
834 1484 971 1548 qttod
1010 1486 1262 1536 adversus
1295 1499 1353 1537 se
1382 1485 1668 1539 audebant.
1695 1486 1814 1539 Etsi
1850 1487 1944 1555 ipsi
1978 1488 2078 1541 alia

530 1570 795 1623 habebant
824 1584 1063 1639 pect-ata,
1110 1575 1246 1629 Deus
1280 1588 1454 1629 autem
1494 1595 1593 1630 non
1638 1579 1908 1632 videretur
1936 1600 2082 1635 mett-

528 1664 656 1728 dax,
692 1674 741 1715 ut
772 1665 869 1733 ipsi
914 1666 1303 1733 hlasphcmaut,
1335 1670 1665 1723 inveniretur
1696 1683 1871 1725 autem
1898 1688 2076 1739 verax,

2179 502 2275 538 sua
2313 485 2378 538 ".
2418 484 2723 539 Fornicatio
2774 493 2952 537 autem
2982 484 3033 536 in
3069 483 3345 552 Scriptura
3380 485 3453 538 ita
3504 488 3750 553 ponitur,

2180 578 2305 646 quia
2328 580 2623 631 secundum
2655 576 3076 629 misericordiam
3110 576 3440 643 dignabatur
3470 578 3610 632 Dctts
3636 591 3753 633 tan-

2181 684 2341 737 quam
2391 667 2719 736 conjungens
2769 667 2868 720 sibi
2903 677 3027 720 tunc
3082 666 3294 735 quidem
3353 668 3699 738 Synagogam
3731 712 3747 735 ,

2182 774 2321 812 nunc
2348 768 2527 811 autem
2553 756 2867 809 Ecclesiam.
2919 755 2999 809 Ab
3050 771 3114 810 eo
3154 774 3284 826 ergo
3315 758 3405 826 qui
3445 760 3747 811 secundum

2182 847 2608 901 misericordiam
2644 843 3002 911 conjungebat
3039 848 3295 908 reci-ssio,
3332 858 3383 899 et
3408 848 3752 901 themonihns

2181 938 2503 1005 conjuttctio,
2530 949 2579 991 et
2608 937 2930 998 idololatria,
2958 937 3245 990 fornicatio
3286 940 3573 991 secundum
3601 940 3752 993 Scri—

2183 1040 2395 1098 pturaut
2431 1029 2728 1082 reetissiuie
2787 1029 3110 1083 nominatur.
3150 1029 3283 1094 Quia
3319 1047 3440 1099 ergo
3468 1031 3610 1083 idola
3651 1046 3753 1085 c0-

2182 1122 2365 1175 Iebant
2397 1122 2448 1174 itt
2496 1121 2752 1191 Aigypto,
2801 1122 2916 1175 ideo
2957 1138 3050 1191 per
3099 1122 3406 1189 prephetam
3455 1122 3563 1174 ait:
3600 1120 3753 1174 Dim:

2180 1222 2329 1265 erant
2357 1229 2578 1274 sorores,
2609 1222 2656 1263 et
2709 1212 2833 1278 ἔρδω
2864 1212 3135 1278 lenticula?
3164 1220 3284 1262 sinit
3313 1211 3363 1261 in
3393 1209 3751 1261 adolescentia

2182 1321 2275 1357 sua
2322 1306 2373 1356 in
2407 1302 2656 1372 .Egypto.
2692 1303 2929 1369 Denique
2971 1314 3023 1355 et
3066 1301 3227 1371 Moysi
3270 1317 3543 1355 succeaor
3570 1299 3748 1353 Iesus

2182 1395 2342 1455 Nave,
2382 1396 2641 1447 mandans
2674 1394 2867 1462 populo
2897 1395 2960 1446 de
2997 1410 3093 1446 suo
3139 1393 3282 1445 exitu
3331 1394 3457 1445 dicit
3491 1408 3503 1442 :
3536 1390 3743 1455 Quibus

2183 1488 2334 1541 vultis
2373 1489 2563 1540 servire
2598 1486 2742 1539 diis?
2792 1485 2931 1538 Nunt
2982 1487 3058 1539 Itis
3104 1503 3228 1554 quos
3258 1485 3525 1537 coluerunt
3566 1494 3741 1549 patres

2180 1581 2333 1632 vestri
2352 1580 2405 1630 in
2431 1577 2661 1647 ngypto
2682 1580 2766 1631 “?
2801 1578 2934 1643 Quid
2960 1588 3135 1629 autem
3167 1592 3301 1646 opus
3338 1585 3420 1629 est
3450 1576 3741 1643 prophetas

2180 1668 2410 1723 vocare?
2446 1669 2617 1735 ipsum
2665 1668 2828 1721 Israel
2863 1678 3047 1720 testem
3078 1669 3361 1720 adversum
3411 1681 3468 1719 se
3497 1675 3550 1719 et
3593 1666 3748 1734 ipso-

529 1770 719 1823 passns
756 1758 939 1827 utique
974 1758 1163 1814 luisset
1209 1761 1312 1814 alia
1359 1778 1543 1815 eorum
1580 1774 1821 1832 peccata,
1868 1778 1922 1819 ut
1953 1783 2080 1819 con-
2109 1745 2150 1799 Β
2183 1777 2297 1813 rum
2325 1776 2510 1813 vocem
2544 1761 2805 1828 produco,
2850 1770 2905 1811 ut
2944 1759 3221 1812 ostendam
3258 1758 3381 1826 quia
3418 1757 3556 1809 idola
3605 1757 3748 1809 cole.-

514 1849 822 1902 lirmaretur
854 1853 1062 1905 docenti
1088 1854 1393 1921 pra'dit'atio
1430 1857 1537 1916 illa.
1570 1872 1686 1925 qua:
1718 1867 1770 1911 et
1794 1858 1947 1910 cmcis
1982 1873 2077 1911 cx-

514 1942 651 1993 stitit
694 1943 1000 2007 manifesta,
1033 1955 1087 1997 et
1123 1948 1423 2001 videntibus
1461 1950 1743 2018 completa.
1794 1950 2080 2019 Apomolns

513 2036 654 2086 enim
706 2032 901 2089 Paulus
944 2037 1009 2090 ad
1060 2036 1275 2090 Galatas
1329 2039 1571 2093 scribens
1624 2042 1699 2092 ait
1743 2057 1755 2093 :
1797 2038 1931 2105 Quia
1959 2050 2080 2094 ante

513 2124 691 2178 oculos
752 2143 931 2180 eorum
980 2131 1262 2197 descriptus
1305 2141 1376 2183 est
1428 2116 1858 2185 Jesus‘CItristus
1913 2135 2081 2185 cruci-

512 2216 652 2284 ﬁxus
684 2217 749 2269 ⁸³.
784 2217 894 2287 Ego
919 2230 1098 2272 autem
1138 2231 1192 2273 et
1220 2222 1428 2274 audebo
1461 2222 1720 2276 adversus
1757 2240 1846 2277 ros
1877 2224 2077 2288 dicere,

518 2310 640 2377 quia
683 2325 860 2365 sermo
914 2321 1037 2364 ante
1087 2312 1272 2366 oculos
1323 2324 1532 2368 vestros
1580 2315 1836 2368 describit
1895 2314 2076 2371 Jesum

515 2400 796 2455 Christum
827 2404 1184 2458 resurrexisse
1222 2421 1249 2457 a
1282 2407 1526 2460 mortuis.
1574 2405 1707 2472 Quid
1735 2407 1876 2460 enim
1928 2423 2077 2476 qua:-

515 2492 631 2546 ris?
668 2509 769 2546 non
805 2494 1047 2549 invenies
1086 2496 1251 2551 solem
1291 2498 1611 2551 clariorem:
1644 2503 1710 2552 ad
1753 2499 2080 2553 satisfactio-

516 2599 635 2638 ltent
671 2584 781 2655 (48)
810 2588 1223 2642 resurrectionis
1252 2588 1486 2653 Domini,
1522 2592 1802 2660 gentilium
1834 2594 2078 2660 quotidie

512 2674 846 2729 deiicientem
877 2677 1163 2731 culturam.
1191 2676 1589 2732 Protenduntur
1612 2690 1788 2734 autem
1823 2679 2079 2735 Ecclesiae

513 2764 676 2831 bona,
721 2777 768 2819 et
812 2767 1053 2834 quotidie
1083 2778 1355 2821 crescunt.
1405 2765 1666 2823 Inimicus
1716 2785 1846 2839 ergo
1882 2780 1938 2823 tit
1979 2772 2075 2838 ipsi

514 2864 701 2925 putant
727 2854 873 2925 legis,
907 2857 997 2923 qui
1028 2858 1261 2909 vindicat
1294 2858 1346 2908 in
1396 2858 1651 2911 adversos
1681 2868 1734 2912 et
1759 2862 2081 2915 domesticos

514 2961 662 3007 suos,
714 2945 1001 3009 exaltatur,
1044 2947 1191 2998 vivit.
1231 2946 1393 2999 Putas
1437 2959 1528 3000 aut
1578 2963 1680 3001 non
1738 2950 1921 3003 vivens
1971 2952 2081 3003 hare

517 3054 636 3107 quae
668 3054 769 3091 non
803 3040 1040 3092 viventes
1086 3050 1330 3107 possunt,
1382 3039 1494 3107 ipse
1542 3042 1834 3107 operatur?
1864 3043 2077 3096 Occasio

515 3126 713 3180 Judteis
750 3126 890 3179 nulla
928 3128 1109 3180 relicta
1147 3137 1248 3180 est.
1289 3127 1423 3181 Cum
1474 3130 1615 3181 enim
1673 3131 1891 3196 dicunt,
1950 3134 2072 3201 quia

516 3216 618 3268 alia
650 3226 868 3282 peccata
910 3216 1215 3279 habuimus,
1246 3226 1298 3269 et
1351 3216 1470 3271 ideo
1502 3218 1654 3287 ejecti
1696 3233 1883 3272 sumus
1913 3234 2072 3274 nunc.

515 3306 754 3360 Primum
812 3317 894 3361 est
938 3309 1102 3373 enim,
1157 3308 1368 3377 quando
1413 3326 1517 3363 non
1572 3312 1814 3377 peccavit
1872 3311 2079 3365 Israel?

512 3399 726 3468 quando
766 3414 869 3452 non
904 3414 995 3451 eos
1020 3409 1101 3452 est
1130 3415 1317 3467 passus
1350 3400 1490 3455 Deus
1524 3402 1624 3455 nisi
1661 3416 1802 3456 nunc
1856 3403 2025 3456 solum
2054 3403 2077 3456 ?

513 3490 700 3544 bonne
728 3493 776 3542 in
802 3489 1035 3561 Egypto
1081 3491 1217 3545 idola
1265 3492 1557 3547 colebant?
1584 3493 1746 3548 Putas
1780 3510 1908 3565 ergo
1943 3494 2073 3564 quia

514 3581 763 3635 colebant
787 3583 923 3634 idola
950 3581 1173 3650 primaut
1208 3583 1363 3637 istaut
1396 3583 1846 3654 irreligiositatem
1876 3587 2073 3640 admit-

514 3683 703 3737 tentes,
724 3674 844 3727 ideo
869 3688 971 3725 non
991 3684 1115 3726 sunt
1132 3673 1289 3742 cjecti
1324 3676 1389 3729 de
1408 3673 1642 3745 IEgypto
1659 3676 1680 3728 ?
1700 3677 1763 3729 Et
1790 3674 1935 3732 cerle
1952 3694 2073 3733 cum

514 3765 696 3819 multis
726 3766 956 3834 signiset
983 3767 1237 3835 prodigiis
1265 3778 1318 3821 et
1349 3768 1704 3833 mirabilibus,
1734 3784 1853 3822 cum
1885 3785 2076 3838 percu-

514 3867 757 3911 terentur
790 3856 1021 3926 Egyptii
1057 3858 1240 3911 decem
1272 3858 1462 3927 plagis,
1515 3860 1651 3913 liber
1695 3870 1874 3915 autem
1930 3872 2075 3917 esset

511 3947 674 4003 Israel
700 3965 727 4001 a
760 3952 941 4002 decem
977 3948 1144 4018 plagis
1187 3952 1504 4005 coltahitaus
1548 3952 1760 4006 iisdem.
1804 3954 1870 4007 Et
1897 3957 2074 4023 operi-

512 4042 611 4094 bus
643 4039 753 4110 (49)
786 4042 998 4109 quidem
1048 4051 1163 4093 erat
1196 4040 1432 4112 Egypti,
1488 4044 1578 4097 Dei
1627 4054 1805 4099 autem
1856 4047 2070 4099 miseri-

512 4134 690 4186 cordia
720 4150 747 4184 a
780 4132 946 4200 plagis
971 4129 1347 4201 [Egyptiorum
1396 4134 1733 4188 habebantur
1781 4136 2069 4193 iunnunes.

514 4224 571 4279 Si
599 4226 758 4293 igitur
790 4233 1007 4293 propter
1035 4224 1334 4278 istiusmodi
1360 4237 1575 4293 peccata
1603 4227 1771 4296 plagae
1795 4238 1944 4294 sunt,
1984 4230 2073 4282 de-

513 4317 737 4371 buerant
768 4332 818 4369 tn
848 4314 1078 4386 A‘ngpto
1107 4332 1228 4369 cum
1256 4319 1662 4372 adducebantur
1690 4320 1858 4389 plaga:
1891 4322 2077 4374 adver-

2182 1852 2312 1904 bant
2359 1852 2409 1903 in
2460 1849 2715 1919 Egypto.
2747 1851 2879 1917 Quia
2938 1851 3079 1905 enim
3126 1860 3384 1903 exeuntes
3415 1852 3478 1903 dc
3506 1847 3743 1918 tEgypto

2180 1953 2335 1996 erant
2370 1942 2419 1995 in
2471 1944 2707 2006 deserto,
2739 1954 2791 1995 et
2838 1941 3050 2012 Moyses
3084 1943 3403 1994 ascenderat
3455 1954 3747 2009 apportarc

2180 2035 2454 2103 sacrilegis
2486 2034 2675 2104 legem,
2696 2034 3048 2102 quadraginta
3069 2045 3245 2085 autem
3268 2033 3381 2085 dies
3405 2032 3747 2100 protenderat

2182 2126 2233 2178 iit
2258 2137 2435 2178 monte
2462 2124 2673 2194 Moyses
2702 2142 2714 2177 :
2753 2134 2915 2194 caput
2954 2123 3101 2176 vituli
3132 2123 3233 2177 sibi
3266 2124 3582 2186 caullantes,
3634 2124 3747 2175 cla-

2182 2218 2402 2271 tnabant
2456 2218 2568 2271 suis
2627 2219 2823 2287 linguis
2880 2219 3165 2270 adversum
3205 2232 3307 2269 se:
3347 2214 3449 2267 Isti
3504 2216 3577 2267 dii
3626 2216 3741 2282 tui,

2181 2306 2370 2369 Israel,
2396 2308 2484 2377 qui
2514 2308 2796 2361 eduxerunt
2833 2319 2880 2361 te
2931 2308 2993 2359 de
3020 2317 3157 2359 terra
3179 2305 3399 2375 .Egypti
3421 2307 3483 2359 ⁸⁸.
3514 2306 3623 2360 Iloc
3646 2323 3745 2360 au-

2184 2412 2288 2456 tem
2324 2402 2685 2465 commendat,
2717 2402 2841 2471 quia
2885 2403 2972 2469 qui
3006 2412 3054 2455 et
3110 2402 3160 2454 in
3214 2403 3425 2455 deserto
3461 2403 3747 2455 coluerunt

2183 2492 2321 2546 idola
2355 2492 2612 2546 facientes
2656 2492 2755 2544 sibi
2790 2491 2936 2543 vituli
2964 2502 3144 2557 caput,
3173 2500 3226 2543 ct
3251 2491 3382 2557 apud
3403 2488 3725 2558 .‘Egyptum.

2184 2582 2375 2637 Dixere
2394 2582 2534 2636 enim
2558 2580 2685 2635 :Isti
2715 2582 2788 2633 dii
2817 2582 2917 2644 tui,
2946 2580 3142 2643 Israel,
3177 2582 3262 2649 qui
3292 2580 3568 2632 eduxerunt
3592 2591 3641 2631 te
3668 2580 3741 2631 de

2182 2688 2321 2729 terra
2354 2673 2591 2744 Afgypti.
2630 2673 3008 2728 Accusantium
3041 2688 3137 2725 vox
3168 2682 3249 2726 est
3280 2671 3749 2741 quia-istiusmodi

2182 2767 2585 2822 venerabantur
2629 2765 2792 2827 idola,
2830 2775 2882 2817 et
2908 2765 3003 2817 hos
3029 2764 3277 2818 colebant
3306 2773 3361 2817 et
3398 2762 3747 2831 inrtEgypto,

2180 2858 2376 2927 quibus
2414 2866 2467 2911 et
2508 2856 2808 2911 reddebant
2840 2856 3075 2925 gratiattt
3141 2855 3468 2923 egressionis
3498 2870 3631 2908 suae.
3688 2854 3745 2908 Si

2182 2960 2358 3003 autem
2392 2949 2648 3011 dixerint,
2681 2948 2805 3017 quia
2843 2947 2945 3000 alia
2975 2958 3193 3016 peccata
3227 2946 3510 3000 habuimus
3538 2946 3606 2999 ob
3628 2962 3748 3016 qua:

2182 3052 2235 3095 et
2261 3043 2328 3094 ad
2360 3042 2635 3096 desertum
2692 3041 2945 3108 perducta
2980 3056 3165 3093 eorum
3210 3040 3437 3103 civitas,
3481 3048 3537 3093 et
3583 3040 3746 3093 servit

2180 3148 2331 3203 gens,
2361 3142 2415 3187 et
2446 3148 2618 3201 neque
2645 3133 2903 3202 prapheta
2929 3148 3048 3187 cum
3080 3132 3209 3201 ipsis
3228 3142 3330 3192 est,
3366 3147 3538 3200 neque
3557 3130 3746 3196 altare,

2178 3242 2279 3280 nec
2312 3242 2426 3290 rex,
2467 3241 2567 3279 nec
2597 3227 2890 3303 sacerdos;
2922 3226 3063 3295 quod
3118 3236 3396 3293 peccatum
3444 3224 3613 3292 majus
3660 3234 3743 3278 est

2179 3316 2624 3387 irreligiositate?
2652 3317 2708 3370 Si
2746 3327 2924 3369 autem
2966 3317 3204 3370 colentes
3249 3317 3389 3370 idola
3424 3319 3474 3371 iit
3511 3314 3743 3387 Egypto

2180 3409 2435 3464 exierunt
2457 3426 2520 3463 ex
2553 3408 2819 3480 Egypto;
2846 3425 2946 3465 non
2968 3421 3082 3461 erat
3102 3409 3308 3463 facilius
3339 3410 3740 3479 irreligioseeos

2179 3512 2398 3571 agentes
2421 3502 2557 3571 apud
2590 3498 2849 3563 Judaeam,
2878 3502 3069 3556 reverti
3106 3502 3156 3553 in
3185 3498 3467 3553 Jutheam?
3496 3501 3594 3555 Sed
3619 3499 3731 3553 ausi

2185 3594 2527 3657 suntdicere,
2561 3592 2682 3661 quia
2714 3592 2831 3645 ideo
2856 3609 2995 3646 nunc
3023 3608 3124 3645 nou
3153 3593 3412 3645 habemus
3432 3593 3733 3660 prephetas.

2177 3684 2299 3754 quia
2333 3684 2471 3737 inter
2489 3698 2674 3753 gentes
2703 3684 2874 3753 sparsi
2896 3686 3155 3737 videmur.
3181 3682 3420 3749 Ubiergo
3438 3686 3583 3738 venit
3605 3684 3744 3752 Moy-

2176 3775 2297 3828 ses?
2316 3788 2488 3828 nonne
2504 3774 2554 3826 in
2574 3772 2831 3843 Aigypto?
2852 3776 2937 3827 ubi
2958 3774 3148 3838 Maria,
3168 3791 3322 3828 soror
3339 3774 3549 3845 Moysi?
3570 3788 3747 3828 nonne

2177 3865 2231 3919 in
2259 3865 2525 3936 Egypto?
2563 3867 2651 3920 ubi
2681 3868 3013 3937 septuaginta
3058 3868 3197 3920 duo?
3226 3884 3403 3921 nonne
3443 3869 3494 3920 in
3534 3868 3749 3921 deserto

2175 3958 2453 4026 gentium?
2476 3958 2599 4012 Post
2622 3958 2735 4011 haec
2759 3970 2933 4011 autem
2955 3960 3039 4011 tibi
3065 3960 3288 4013 Daniel?
3313 3960 3749 4028 nonueiuBaby-

2176 4048 2355 4102 lonia?
2387 4050 2483 4103 Ubi
2537 4060 2641 4103 tres
2672 4051 2788 4119 ejus
2834 4049 3067 4104 fratres?
3118 4069 3291 4105 nonne
3348 4054 3400 4106 in
3450 4053 3748 4123 Babylonia

2176 4142 2315 4209 apud
2362 4142 2584 4211 gentes?
2619 4140 2717 4196 Ubi
2759 4144 2959 4214 degunt
3001 4146 3087 4214 qui
3137 4146 3426 4214 jrjuttttttt?
3470 4161 3647 4198 nonne.
3681 4146 3737 4197 in

2173 4234 2463 4301 gentibus?
2492 4235 2577 4287 ubi
2614 4232 2832 4288 ﬂamma
2875 4236 3137 4305 ignoravit
3160 4254 3310 4290 suam
3337 4235 3612 4290 naturam?
3642 4235 3741 4288 tibi

2173 4324 2467 4379 Zacharias
2515 4326 2811 4394 propheta?
2844 4329 2930 4381 ubi
2987 4330 3216 4397 Angelus
3262 4328 3408 4400 (50)?
3465 4325 3519 4379 Si
3554 4339 3741 4381 autent

514 4427 603 4463 sus
634 4408 932 4478 Egy'ptios,
965 4408 1076 4461 dari
1108 4418 1159 4461 ct
1194 4406 1419 4472 Iudaeis,
1448 4413 1538 4480 qtti
1567 4427 1689 4465 cum
1713 4414 2070 4467 cohabitanti-
2108 4424 2149 4476 ι)
2180 4418 2350 4486 prima
2393 4427 2447 4471 et
2483 4419 2655 4471 inedia
2691 4419 2741 4471 in
2777 4422 3050 4488 gentibus,
3101 4436 3222 4474 cum
3279 4421 3405 4490 ipsis
3430 4431 3585 4473 erant
3620 4436 3744 4488 pro-

516 4503 615 4556 bus
659 4504 794 4554 idola
848 4505 1178 4568 adorabant,
1252 4503 1340 4569 qui
1396 4518 1453 4555 et
1506 4502 1877 4557 cohabitantes
1923 4505 2080 4558 simul

515 4610 635 4646 cum
664 4595 845 4646 iisdem
879 4598 1189 4662 peccabant.
1245 4594 1300 4647 Si
1338 4604 1519 4646 autem
1557 4593 1695 4647 idola
1726 4597 1938 4663 quidem
1984 4612 2079 4649 co-

516 4685 654 4740 Iehat
684 4687 732 4738 iu
764 4685 993 4757 Egypto
1026 4687 1212 4751 Israel,
1251 4696 1304 4740 et
1335 4703 1438 4738 tton
1475 4687 1646 4738 solum
1696 4704 1799 4739 noti
1842 4688 2076 4756 accipie-

515 4775 605 4829 bat
641 4778 838 4846 plagas,
876 4780 1034 4830 etiam
1060 4778 1355 4846 itreligiosa
1388 4793 1602 4846 gerens.
1630 4778 1722 4829 sed
1755 4776 1841 4828 alii
1872 4793 1965 4844 pro
1999 4778 2078 4831 eis

515 4870 747 4936 quanditt
779 4880 832 4922 et
865 4870 1074 4923 exirent
1106 4870 1226 4935 isti;
1266 4884 1405 4921 nunc
1430 4870 1544 4921 sine
1568 4884 1729 4921 causa
1755 4881 2067 4923 causantur.

514 4961 664 5025 Quod
693 4972 869 5013 autem
908 4959 1046 5013 idola
1075 4960 1321 5013 colebant
1351 4957 1404 5010 iit
1430 4955 1662 5028 Egypto
1696 4958 1876 5023 Israel,
1906 4970 2070 5013 testa-

514 5054 603 5100 tur
634 5050 847 5116 quidem
878 5060 931 5101 et
961 5048 1211 5101 Ezeizhiel
1273 5052 1533 5116 propheta
1592 5063 1915 5116 comparans
1939 5051 2072 5104 duas

512 5154 696 5194 eorum
728 5141 1070 5211 metropoles,
1109 5139 1446 5195 Hierusalem
1505 5140 1621 5192 dico
1659 5150 1712 5191 et
1747 5141 2071 5206 Samariam,

515 5230 723 5287 duabus
752 5234 1160 5297 consororibus,
1196 5242 1251 5286 et
1285 5231 1455 5285 dicit:
1495 5230 1623 5283 Date
1653 5242 1801 5283 erant
1828 5222 2077 5284 consero;

584 5372 629 5404 ⁸³
652 5370 770 5426 Gal.
808 5388 886 5437 ιιι,
921 5372 1005 5427 Il.
1081 5371 1125 5404 “
1159 5371 1353 5425 Ezech.
1384 5385 1537 5433 χχιιι,
1570 5370 1624 5423 5.

587 5485 696 5556 (48)
734 5487 814 5539 Ad
843 5488 1274 5557 satisfactionem.
1299 5486 1456 5541 Forte
1488 5484 1737 5557 itiGrteco
1758 5484 2066 5539 fueritan—

516 5555 723 5627 λογίαν,
748 5564 885 5627 quod
910 5555 1170 5624 interpres
1206 5558 1424 5610 verterit
1457 5556 1902 5611 satisfactionem:
1932 5558 2068 5611 sicut

518 5628 539 5686 Ξ
566 5628 683 5678 έναι.
712 5641 793 5695 ιιι,
818 5626 900 5691 15,
934 5630 983 5680 itt
1010 5629 1214 5695 vulgata
1242 5628 1697 5694 interpretatione.

508 5762 512 5777 λ
587 5696 698 5763 (49)
734 5693 799 5747 Et
826 5693 1315 5753 oaeribuséSensus
1364 5708 1535 5764 potest
1580 5710 1719 5763 esse,
1765 5696 2065 5750 idololatria

1699 5367 1743 5398 “
1767 5364 1877 5422 Jos.
1912 5384 2058 5435 sstv,
2086 5374 2172 5426 II.

2181 4507 2374 4573 phette.
2437 4506 2504 4559 Et
2532 4517 2681 4560 certe
2716 4510 2854 4576 apud
2891 4507 3239 4578 Babyloniam
3293 4518 3445 4563 extra
3501 4507 3598 4560 hos
3649 4509 3745 4576 qui

2180 4599 2416 4667 praedicti
2448 4607 2605 4666 sunt,
2640 4616 2825 4653 omnes
2850 4600 3020 4654 Judaei
3066 4605 3427 4655 adoravernnt
3449 4602 3740 4668 imaginem

2180 4690 2344 4758 regis,
2376 4699 2428 4743 et
2456 4707 2560 4743 non
2592 4692 2711 4745 ideo
2747 4691 2978 4745 fraudati
3021 4704 3147 4746 sunt
3195 4710 3220 4747 ιι
3261 4693 3555 4762 prophetis.
3608 4695 3749 4757 Quia

2179 4792 2360 4834 autent
2395 4783 2757 4836 adoraveruut
2816 4785 3129 4853 imaginem,
3170 4786 3521 4838 comminatio
3567 4783 3751 4837 Nalm-

2177 4871 2514 4925 chodottosor
2536 4883 2661 4926 tttttc
2686 4872 2827 4926 facta
2851 4876 3152 4928 adnuntiat.
3186 4876 3323 4929 Dicit
3348 4878 3489 4931 enim
3520 4891 3533 4927 :
3561 4876 3747 4928 Omnis

2177 4964 2264 5029 qui
2283 4981 2383 5017 non
2408 4966 2598 5018 cadens
2631 4966 2924 5018 adoraeerit
2954 4967 3253 5034 imaginem,
3291 4970 3469 5021 statim
3513 4970 3750 5020 mittetur

2179 5057 2233 5109 iit
2285 5056 2547 5113 fornacem
2597 5060 2729 5126 ignis
2781 5059 3015 5112 ardentis
3047 5058 3113 5115 “.
3176 5058 3241 5113 Iit
3294 5063 3481 5113 aderat
3529 5062 3747 5127 quidem

2182 5146 2254 5199 illi
2286 5149 2398 5217 (51)
2434 5151 2609 5204 omnis
2635 5149 2816 5204 Israel.
2860 5150 2994 5203 Tres
3035 5162 3211 5205 autem
3258 5153 3356 5206 soli
3391 5153 3590 5206 inventi
3617 5162 3751 5206 sunt

2182 5239 2271 5307 qui
2304 5255 2408 5293 non
2450 5241 2807 5295 adoraverant
2840 5258 2855 5307 ;
2911 5244 2961 5296 in
2998 5242 3271 5297 lornacem
3306 5244 3455 5300 missi
3488 5255 3636 5309 sunt,
3689 5256 3748 5299 et

2850 5379 2895 5409 “
2920 5380 3048 5432 Dan.
3081 5393 3160 5445 ιιι,
3194 5379 3245 5433 6.

2175 5490 2360 5544 similis
2397 5492 2658 5561 Egyptiis
2679 5503 2790 5546 erat
2818 5491 3001 5548 Israel.

2269 5561 2356 5633 50}
2394 5561 2489 5633 ζ]ρι
2516 5566 2760 5633 Angelus.
2786 5562 3099 5620 Malacinos.

2269 5568 2356 5625 5οι
2394 5568 2489 5615 Ubi
2516 5568 2760 5633 Angelus.
2786 5568 2848 5615 Ni

2247 5568 2356 5703 E51)
2390 5632 2500 5687 Illi.
2536 5633 2693 5689 Forte
2721 5636 2848 5689 iluc.

2252 5375 2296 5406 ”
2319 5374 2486 5430 Exod.
2521 5393 2690 5442 xxxii,
2719 5378 2772 5431 4.

3608 276 3753 335 1096
3844 326 3845 329 η
