4050 6206
373 236 398 287 1
408 235 508 289 097

1419 230 1506 286 DE
1544 231 2142 290 RESURRECTIONE.
2186 265 2250 274 --
2290 234 2421 289 LIB.
2461 233 2525 291 ll.

3465 239 3599 295 1098.

372 350 443 403 ab
474 347 597 419 igne
612 347 804 403 salvati
831 354 976 403 sunt.
1010 344 1194 401 Daniel
1221 356 1399 402 autem
1434 350 1631 419 regalia
1661 351 1760 406 sibi
1791 367 1936 406 com-
1964 361 2009 417 Α
2038 357 2391 409 constantiam
2425 352 2561 424 (58),
2597 352 2832 421 praecipit
2869 367 2989 407 eum
3018 352 3215 410 induci.
3251 352 3364 411 Non
3393 371 3597 427 oporte-

374 446 541 498 missa
564 459 671 499 non
706 443 893 497 aderat
926 455 1183 510 praesens.
1220 441 1277 497 Si
1307 442 1450 497 enim
1490 443 1773 509 adfuisset,
1797 460 1935 498 nun-

373 549 539 602 quam
583 549 609 586 a
633 533 892 604 quadriga
920 534 1091 586 bonus
1117 534 1468 587 remansisset
1497 547 1690 603 equus.
1735 535 1810 588 lta
1843 550 1939 587 au-

378 635 486 678 tem
533 641 629 679 nec
672 622 958 678 derelictus
984 631 1068 677 est
1116 623 1297 678 Daniel
1345 624 1415 679 ob
1465 624 1937 678 comminationem

378 714 516 783 ignis
536 729 565 767 a
598 713 851 768 fratribus
878 711 995 766 suis
1021 722 1076 765 et
1096 712 1313 766 illorum
1334 713 1594 783 martyrio
1631 729 1643 762 :
1679 715 1802 783 quia
1831 714 1937 768 fra-

376 814 486 859 tres
520 806 731 875 quidem
766 804 887 874 ejus
926 804 978 856 in
1032 804 1269 858 medium
1305 803 1591 875 producti,
1646 806 1699 859 in
1755 815 1940 875 aperto

377 892 688 964 martyrium
726 900 1047 961 posuerunt,
1093 900 1148 946 et
1195 893 1342 961 passi
1392 903 1517 948 sunt
1562 905 1618 948 et
1670 896 1881 950 liberati
1919 913 1934 948 :

376 984 766 1039 Danielauteni
823 984 1092 1052 posthaec
1124 993 1394 1054 praecepto
1442 985 1739 1043 exsistente
1796 989 1939 1057 regis

377 1075 576 1131 nullum
606 1075 807 1129 debere
843 1089 1017 1143 neque
1057 1073 1222 1127 alium
1251 1076 1479 1131 adorare
1510 1078 1710 1141 Deum,
1766 1095 1940 1149 neque

376 1182 580 1237 regem,
629 1168 737 1221 nisi
792 1166 964 1221 solum
1001 1184 1206 1238 regem,
1239 1177 1292 1222 et
1340 1184 1497 1239 quem
1526 1171 1720 1239 putas?
1750 1171 1940 1226 Persa-

375 1277 489 1314 rum
525 1278 540 1315 :
584 1261 697 1329 ipse
727 1270 905 1313 autem
936 1260 1241 1330 ingrediens
1280 1262 1496 1315 domum
1532 1276 1708 1329 suam,
1739 1273 1938 1318 etcum

372 1361 551 1421 posset
580 1351 748 1407 latere
777 1362 831 1406 et
862 1352 1071 1406 occulte
1103 1352 1329 1406 adorare
1360 1353 1545 1416 Deum,
1579 1354 1752 1422 palam
1800 1355 1939 1409 ado-

373 1458 501 1498 rans
529 1458 634 1497 non
664 1444 876 1513 negavit
911 1442 1248 1513 religionem,
1282 1444 1374 1499 sed
1403 1445 1591 1499 maluit
1618 1449 1788 1518 magis
1815 1464 1937 1503 esca

372 1534 487 1589 dari
526 1534 787 1598 leonibus,
819 1549 981 1603 quam
1018 1534 1255 1589 fraudari
1299 1551 1357 1591 se
1395 1538 1463 1591 ab
1505 1538 1823 1595 adoratione
1858 1541 1939 1595 vi-

375 1624 557 1679 ventis
582 1624 696 1678 Dei.
720 1622 839 1678 Noli
876 1626 1018 1679 enim
1050 1641 1313 1695 quaerere,
1345 1628 1389 1683 si
1437 1627 1623 1683 Daniel
1657 1645 1762 1684 non
1793 1640 1875 1685 est
1906 1648 1934 1686 a

2040 443 2129 497 hat
2158 443 2303 497 enim
2348 442 2631 497 Dominum
2678 443 2858 497 Jesum
2901 446 3017 498 sine
3064 450 3270 499 victore
3323 449 3594 502 recedere.

2039 528 2387 585 Introducens
2408 542 2584 585 autem
2620 546 2742 585 emn
2774 572 2788 594 ,
2822 532 3000 586 omnia
3035 541 3301 588 tormenta
3335 536 3601 602 movebat,

2037 629 2093 673 et
2124 627 2266 673 tanta
2294 621 2382 674 uni
2419 622 2673 685 vincenti,
2708 634 2906 691 quanta
2946 626 3197 679 omnibus
3227 626 3308 679 his
3342 626 3433 695 qtti
3487 625 3602 677 fue-

2041 720 2164 764 rant
2189 721 2451 779 superati.
2484 711 2826 767 Contendens
2849 714 2989 767 enim
3015 729 3081 769 ne
3103 715 3401 769 solveretur
3430 716 3602 770 victo-

2041 802 2117 855 ria
2145 817 2238 855 sua
2272 817 2368 870 per
2394 802 2550 858 unius
2579 804 2733 859 istius
2758 806 3062 870 victoriam,
3088 815 3142 860 et
3176 816 3431 875 reputans
3459 806 3599 874 apud

2039 905 2115 954 se,
2151 892 2273 960 quia
2304 902 2358 947 et
2396 891 2449 946 in
2493 893 2683 948 stadiis
2718 894 2836 949 linis
2865 897 3195 950 currentium
3220 896 3500 964 qureritur,
3549 905 3600 949 et

2037 983 2161 1050 quia
2190 983 2233 1037 si
2267 983 2367 1037 iste
2396 982 2606 1050 vicerit,
2656 998 2752 1038 nec
2784 994 2843 1038 ut
2886 984 3011 1038 victi
3043 995 3201 1039 erunt
3242 986 3331 1054 qui
3386 984 3601 1039 fuerant

2040 1076 2312 1141 superati;
2366 1077 2620 1132 universa
2658 1079 2706 1133 ei
2763 1078 3039 1132 admoveri
3100 1088 3364 1132 tormenta
3422 1078 3594 1147 jubet.

2041 1169 2234 1223 Vulens
2262 1170 2407 1223 enim
2437 1168 2654 1224 ﬂectere
2690 1169 2963 1238 juvenem,
3007 1180 3060 1223 et
3091 1171 3259 1225 oculis
3292 1173 3596 1242 torquebat,

2037 1268 2093 1315 et
2114 1260 2361 1314 dentibus
2386 1262 2707 1327 minabatur,
2734 1271 2788 1316 et
2814 1263 3063 1317 manibus
3091 1263 3449 1331 torquentium
3477 1280 3602 1321 snas

2038 1354 2387 1423 protendebat
2427 1368 2637 1417 manus,
2682 1364 2735 1407 ct
2773 1357 2840 1408 ab
2880 1355 2993 1425 ipsa
3034 1358 3112 1409 ira
3160 1357 3318 1410 etiam
3362 1357 3427 1411 de
3476 1358 3602 1412 sede

2041 1440 2354 1493 movebatur
2382 1455 2498 1495 sua.
2550 1439 2682 1495 Cum
2727 1450 2907 1496 autem
2956 1441 3310 1513 fatigarentur
3338 1452 3597 1514 torquen-

2042 1538 2141 1594 tes,
2176 1540 2355 1584 etnon
2384 1534 2601 1605 cederet
2624 1533 2711 1601 qui
2749 1534 3119 1602 torquebatur,
3149 1544 3311 1605 atque
3351 1537 3601 1593 obtusum

2040 1627 2095 1672 et
2121 1617 2384 1673 deﬂexum
2402 1602 2597 1675 fuisset
2624 1620 2847 1686 ferrum,
2880 1637 2983 1676 non
3016 1633 3096 1677 est
3123 1602 3294 1679 ﬂexus
3324 1626 3412 1694 qui
3449 1628 3605 1682 rade-

374 1716 620 1772 leonibus
640 1728 906 1771 comestus
922 1734 937 1773 :
952 1717 1045 1772 sed
1063 1718 1186 1789 quia
1208 1719 1480 1788 proposuit
1496 1734 1554 1773 se
1571 1722 1779 1776 comedi
1800 1721 1932 1793 (52),

2046 1711 2213 1764 batur.
2263 1711 2395 1767 Cum
2454 1712 2564 1782 jam
2619 1714 2761 1768 nulla
2821 1716 3131 1770 adinventio
3211 1727 3600 1773 tormentorum

376 1810 481 1864 hoc
510 1810 749 1863 adverte.
776 1807 883 1864 Nec
916 1811 1038 1878 quia
1078 1824 1184 1865 non
1215 1811 1553 1880 consumpsit
1586 1810 1798 1867 ﬂamma
1829 1822 1937 1868 tres

378 1902 499 1955 illos
535 1916 731 1971 pueros
763 1901 952 1956 missos
986 1900 1038 1955 in
1065 1900 1332 1955 fornacem
1365 1902 1500 1972 ignis
1527 1903 1765 1958 ardentis
1786 1943 1802 1968 ,
1843 1906 1937 1959 sed

377 1993 502 2061 quia
527 1993 624 2061 ipsi
660 1992 957 2047 bolocausti
986 1991 1113 2046 facti
1144 2003 1270 2047 sunt
1300 1992 1412 2063 (55)
1444 2003 1702 2062 quantum
1732 1995 1799 2049 ad
1829 1996 1941 2050 ala-

380 2084 623 2138 critatem
647 2099 818 2138 suam.
843 2082 955 2138 Non
982 2086 1123 2139 enim
1159 2086 1226 2140 ab
1252 2086 1398 2140 exitu
1424 2085 1685 2155 judicium
1715 2096 1817 2153 est,
1845 2088 1941 2143 sed

378 2177 447 2231 ab
476 2174 754 2231 alacritate
766 2190 996 2231 coronae.
1018 2177 1123 2246 Ego
1142 2188 1317 2233 autem
1340 2179 1479 2245 dico,
1494 2180 1585 2250 qui
1613 2179 1732 2236 ideo
1748 2179 1939 2236 salvati

375 2276 502 2322 sunt
550 2278 696 2333 tunc,
750 2278 807 2323 et
852 2267 1037 2322 Daniel
1086 2283 1115 2322 a
1166 2268 1430 2337 leonibus,
1476 2280 1530 2324 et
1562 2279 1673 2326 tres
1718 2273 1866 2341 pueri
1911 2288 1939 2326 a

376 2356 590 2411 ﬂamma
646 2357 788 2427 ignis
833 2358 1114 2426 ardentis;
1175 2374 1280 2413 non
1340 2371 1561 2428 propter
1612 2360 1940 2416 alacritatem

377 2464 565 2503 eorum
593 2450 680 2519 qui
717 2450 909 2504 salvati
954 2460 1100 2514 sunt,
1161 2451 1256 2505 sed
1305 2461 1529 2520 propter
1573 2451 1941 2509 infirmitatem

380 2540 595 2595 illorum
630 2539 721 2609 (ιυί
752 2543 1119 2594 adoraverunt
1174 2542 1485 2612 imaginem.
1526 2540 1593 2596 Ut
1646 2543 1785 2598 enim
1837 2560 1943 2600 non

377 2632 618 2686 dicerent
646 2631 735 2700 qui
778 2632 1160 2697 adoraverunt,
1198 2632 1339 2699 Quid
1370 2631 1567 2703 profuit
1596 2633 1673 2689 eis
1698 2636 1786 2706 qui
1837 2652 1944 2703 non

377 2722 782 2778 adoraverant?
811 2739 877 2776 ne
902 2725 970 2776 ab
1002 2724 1150 2778 exitu
1209 2724 1442 2779 incendii
1474 2741 1660 2782 eorum
1714 2730 1802 2799 qui
1835 2745 1943 2785 non

381 2813 761 2877 adoraverunt,
803 2811 1230 2866 satisfactionem
1276 2813 1386 2887 (54)
1416 2816 1514 2871 sibi
1563 2820 1947 2889 conquirerent

385 2903 685 2972 irreligiosa
708 2914 946 2974 agentes,
986 2905 1103 2959 ideo
1133 2905 1319 2960 Salvati
1357 2918 1478 2962 sunt
1502 2910 1591 2979 qui
1622 2924 1725 2965 non
1750 2911 1947 2966 adora-

383 3005 600 3057 verunt,
647 3002 705 3050 ut
736 3010 845 3050 non
895 3008 1269 3063 permanerent
1307 3001 1502 3054 mortui
1537 3002 1627 3071 qui
1688 3003 1944 3057 adorave-
1971 3030 2013 3090 ο

385 3095 531 3141 runt.
568 3086 685 3154 Ipse
716 3086 829 3156 (55)
858 3088 1001 3142 enim
1044 3087 1182 3144 Deus
1204 3101 1288 3145 est
1321 3091 1504 3146 Daniel
1551 3102 1605 3146 et
1635 3093 1822 3149 horum
1854 3094 1945 3163 qui

389 3179 441 3233 in
497 3179 769 3250 martyriis
820 3191 1210 3236 consumuntur
1254 3200 1281 3235 a
1338 3183 1487 3238 feris.
1530 3183 1634 3239 Sed
1676 3202 1780 3240 non
1836 3186 1949 3256 ipse

387 3270 610 3338 populus
645 3284 661 3323 :
690 3270 758 3324 ab
782 3271 1074 3326 incredibili
1116 3271 1227 3342 (56)
1256 3275 1395 3327 enim
1441 3275 1636 3345 populo
1666 3275 1950 3330 salvaban-

386 3372 473 3416 tur
501 3363 588 3432 qui
617 3361 775 3418 fidem
803 3363 1223 3431 confitebantur,
1262 3378 1320 3419 ut
1342 3382 1449 3421 non
1472 3368 1819 3425 incredulitas
1855 3386 1952 3439 po-

384 3454 489 3525 puli
516 3464 835 3525 angeretur:
873 3470 900 3506 a
929 3454 1065 3508 fideli
1089 3465 1267 3510 autem
1298 3456 1468 3526 plebe,
1497 3468 1554 3512 ut
1576 3469 1783 3513 crescat
1819 3461 1951 3515 fides

386 3548 438 3600 in
479 3547 739 3616 sanguine
771 3556 1106 3613 sanctorum,
1138 3548 1341 3603 veritas
1369 3550 1617 3603 firmatur
1641 3551 1938 3622 Evangelii.

384 3637 650 3692 Habemus
680 3647 860 3692 autem
891 3646 945 3693 et
975 3653 1092 3705 nos,
1117 3639 1240 3707 quia
1280 3649 1333 3695 et
1359 3641 1620 3697 mirabilia
1657 3644 1796 3699 facta
1827 3656 1952 3699 sunt

384 3729 437 3781 in
466 3727 844 3797 languentibus
889 3726 1044 3782 locis.
1089 3729 1314 3795 Quidam
1344 3732 1488 3786 enim
1525 3749 1553 3786 a
1593 3734 1721 3788 feris
1755 3735 1950 3790 salvati

384 3826 531 3883 sunt,
557 3819 680 3887 quia
704 3818 1027 3888 languebant
1051 3818 1162 3873 loca
1197 3820 1249 3872 in
1279 3820 1473 3887 quibus
1504 3831 1558 3874 et
1583 3824 1759 3889 passio
1807 3841 1953 3879 mar-

387 3918 560 3980 tyrum
586 3910 892 3980 agitabatur
921 3926 936 3962 :
970 3910 1059 3962 alii
1089 3911 1155 3962 ab
1185 3910 1306 3981 igne
1334 3911 1543 3967 liberati
1567 3924 1711 3967 sunt.
1750 3913 1805 3968 Si
1829 3917 1950 3983 quis

388 4010 563 4054 autem
597 4017 700 4054 non
737 4002 928 4064 credit,
971 4012 1026 4056 et
1050 4003 1313 4056 rationem
1337 4005 1614 4072 exposcit;
1648 4006 1779 4060 nihil
1823 4021 1948 4076 pro-

388 4088 533 4144 hibet
562 4090 791 4161 religiosi
819 4094 973 4148 unius
1005 4093 1319 4149 memoriam
1343 4110 1440 4149 nos
1474 4106 1731 4165 repetere,
1757 4106 1950 4166 etpro-

388 4183 529 4238 ferre
564 4185 614 4237 in
646 4185 901 4239 medium.
944 4185 998 4239 In
1040 4185 1503 4241 Antiochenorum
1548 4187 1638 4242 illa
1673 4189 1807 4244 urbe
1839 4188 1948 4244 Ro-

391 4290 578 4329 manus
601 4274 816 4344 quidam
841 4276 1046 4330 exstitit
1071 4285 1293 4347 martyr.
1318 4274 1422 4331 Iste
1450 4277 1761 4346 peregrinus
1790 4280 1952 4333 adve-

2039 1798 2224 1857 fmsset
2242 1802 2512 1867 derelicta,
2527 1806 2747 1873 cupiens
2764 1808 3119 1862 constantiam
3138 1823 3294 1863 suam
3323 1811 3606 1866 ostendere

2038 1890 2245 1946 Domini
2260 1894 2430 1959 miles,
2450 1895 2644 1950 emittit
2663 1911 2843 1951 vocem
2858 1898 3070 1954 dicens:
3092 1900 3339 1969 Curjam,
3360 1910 3605 1975 tyranne,

2040 1999 2144 2039 non
2168 1986 2383 2040 cessas?
2404 1987 2688 2043 confessus
2715 2003 2831 2042 sum
2860 2005 2954 2059 per
2976 2004 3037 2045 os
3070 2005 3253 2046 verum
3277 2008 3396 2047 esse
3424 2008 3605 2063 regem

2039 2075 2337 2131 Christum.
2370 2076 2544 2133 Judex
2569 2089 2750 2135 autem
2776 2080 3027 2150 injuriam
3063 2083 3115 2136 in
3152 2084 3491 2154 tyrannidem
3525 2086 3608 2140 di-

2041 2179 2181 2225 ctam
2218 2185 2324 2225 non
2371 2169 2659 2239 sufferens,
2715 2173 2948 2228 convicit
2978 2175 3194 2243 quidem
3241 2191 3319 2242 se,
3357 2185 3412 2231 et
3460 2191 3609 2232 com-

2042 2263 2314 2318 mendavit
2345 2275 2635 2335 martyrem
2666 2263 2865 2319 Christi
2898 2282 2910 2319 :
2943 2269 3067 2337 quia
3097 2268 3217 2322 ideo
3244 2268 3357 2323 haec
3382 2284 3478 2339 pro
3516 2284 3610 2324 ve-

2043 2370 2104 2409 ro
2140 2370 2265 2424 rege
2294 2356 2515 2424 patitur,
2541 2358 2629 2426 qui
2672 2358 2744 2412 ita
2779 2358 2844 2412 de
2877 2362 3086 2414 mortali
3119 2375 3281 2416 ausus
3319 2373 3399 2416 est
3435 2362 3603 2432 loqui.

2042 2443 2333 2513 Propterea
2368 2445 2521 2513 jubet
2569 2461 2689 2501 eum
2735 2448 2841 2516 igni
2880 2450 3056 2515 tradi,
3092 2466 3345 2506 coronam
3393 2456 3608 2509 coronis

2043 2537 2392 2606 coniungens.
2439 2538 2504 2592 Et
2552 2539 2672 2594 ideo
2718 2542 2827 2595 cito
2875 2540 3208 2596 efﬁciebatur
3256 2556 3607 2615 praeceptum.

2045 2628 2373 2700 Ejiciebatur
2397 2630 2539 2685 enim
2576 2628 2850 2687 Romanus
2888 2631 3041 2688 laetus
3069 2642 3122 2687 et
3156 2644 3439 2691 coronatus
3478 2651 3607 2691 san-

2045 2720 2225 2791 guine,
2264 2719 2489 2790 insignia
2528 2720 2582 2774 in
2614 2720 2874 2776 lateribus
2906 2723 3111 2777 habens
3137 2740 3255 2792 qua:
3303 2739 3402 2794 pro
3467 2728 3610 2780 veri-

2048 2821 2158 2866 tate
2187 2811 2363 2867 fuerat
2395 2826 2589 2882 passus
2621 2826 2634 2863 :
2674 2821 2894 2882 portans
2932 2813 3127 2883 quippe
3166 2822 3219 2867 et
3270 2815 3322 2867 in
3366 2815 3607 2871 humeris

2046 2917 2260 2958 crucem
2290 2943 2304 2966 ,
2347 2913 2402 2958 et
2448 2903 2502 2957 in
2559 2901 2739 2958 fronte
2789 2904 3002 2973 signum
3042 2902 3239 2974 regale.
3271 2902 3404 2959 Cum
3430 2914 3607 2959 autem

2047 2995 2413 3049 adunarentur
2460 3005 2730 3049 sarmenta
2776 3004 2829 3050 et
2866 3009 3089 3060 canum,
3151 2995 3217 3049 ad
3270 2995 3607 3050 velocitatem

2046 3097 2227 3155 utpote
2273 3085 2537 3151 ﬂamum,
2589 3088 2672 3141 vel
2723 3089 2865 3157 quod
2915 3088 3023 3158 igni
3080 3098 3202 3157 apta
3254 3086 3508 3142 videntur
3544 3088 3611 3140 ad

2048 3172 2434 3239 incensionem,
2478 3174 2851 3244 imponebatur
2875 3185 3053 3230 autem
3095 3175 3280 3230 vivens
3316 3176 3611 3230 immolatio

2049 3266 2101 3321 in
2150 3268 2273 3335 igne
2321 3267 2454 3339 (59).
2502 3266 2627 3322 Haec
2677 3282 2798 3321 eum
2837 3268 2906 3321 ita
2940 3280 3247 3337 agerentur,
3303 3282 3408 3322 non
3459 3267 3613 3337 longe

2050 3366 2223 3410 autem
2274 3358 2486 3411 abesset
2532 3357 2744 3420 civitas,
2799 3366 2858 3409 ut
2892 3366 3179 3411 testaretur
3236 3358 3497 3416 veritati:
3555 3366 3611 3413 et

2049 3449 2184 3502 forte
2246 3448 2367 3515 quia
2425 3448 2641 3518 quidam
2704 3448 2768 3503 dc
2817 3446 3016 3502 Iudaeis
3069 3460 3159 3502 aut
3218 3448 3308 3502 alii
3365 3453 3610 3505 homines

2048 3540 2316 3606 dicebant,
2358 3541 2448 3594 ubi
2487 3550 2570 3595 est
2600 3540 2789 3595 horum
2842 3539 3013 3593 Densi
3052 3542 3189 3594 forte
3227 3539 3611 3611 proferentium

2051 3628 2357 3685 Iudaeorum
2395 3640 2503 3685 tres
2543 3644 2757 3699 pueros,
2790 3638 2843 3685 et
2874 3631 3190 3695 dicentium,
3227 3631 3349 3699 quia
3384 3632 3486 3710 sub
3519 3648 3615 3686 nos

2050 3721 2395 3775 salvabantur
2426 3737 2454 3776 a
2495 3721 2709 3777 ﬂamma
2750 3721 2987 3777 fornacis
3015 3722 3281 3786 ardentis,
3319 3722 3407 3776 isti
3437 3731 3613 3777 autem

2050 3817 2278 3868 ardent:
2310 3815 2457 3885 atqui
2483 3816 2604 3871 cmli
2639 3816 2789 3884 jubet
2818 3816 3079 3871 Dominus
3112 3817 3341 3872 nubibus
3365 3819 3614 3873 coronari

2050 3907 2267 3962 cmlum.
2308 3908 2618 3977 Adimplens
2666 3898 2843 3963 autem
2894 3907 3045 3962 sinus
3091 3909 3311 3963 nubium
3352 3910 3615 3979 grandine

2051 4010 2106 4052 et
2146 3999 2318 4053 imbre
2365 4000 2650 4053 admodum
2693 4000 3019 4065 vehementi,
3074 4009 3127 4053 et
3184 4001 3388 4055 addens
3426 4011 3616 4055 ventos

2053 4091 2119 4145 ad
2176 4092 2414 4144 velocem
2468 4090 2814 4146 emissionem
2865 4107 3051 4145 eorum
3098 4109 3112 4145 :
3170 4106 3343 4161 neque
3398 4095 3615 4147 accendt

2053 4180 2322 4236 ﬂammam
2348 4184 2630 4251 permittit,
2669 4185 3128 4240 vehementiorem
3152 4185 3446 4239 ostendens
3481 4186 3617 4240 hanc

2057 4278 2329 4342 virtutem,
2384 4293 2545 4347 quam
2608 4278 2747 4345 apud
2801 4276 3163 4347 Babyloniam.
3219 4276 3330 4330 Illic
3389 4278 3531 4331 enim
3587 4291 3617 4331 e

390 4373 541 4419 uerat
570 4364 678 4420 illo.
714 4365 845 4419 Cum
885 4374 1062 4419 autem
1080 4365 1271 4435 jactari
1311 4382 1339 4419 a
1374 4366 1780 4435 tempestatibus
1808 4367 1950 4422 illam
1985 4374 2027 4429 D
2056 4365 2268 4421 ﬂamma
2308 4375 2417 4422 tres
2455 4381 2649 4436 pueros
2686 4366 2938 4423 liberavit
2968 4381 2983 4421 :
3020 4366 3140 4423 istic
3173 4377 3353 4420 autem
3397 4380 3461 4420 ne
3496 4366 3617 4436 qui-

390 4464 516 4510 tunc
547 4456 751 4511 videret
777 4456 1049 4510 civitatem
1104 4456 1406 4528 (invenerat
1432 4459 1573 4513 enim
1600 4459 1713 4529 jam
1756 4460 1951 4515 multos

390 4548 586 4604 milites
617 4551 880 4606 cecidisse
930 4552 1245 4624 Ecclesiae),
1287 4570 1393 4610 non
1448 4566 1532 4610 est
1577 4571 1769 4625 passus
1821 4557 1951 4611 dare

387 4639 599 4696 diabolo
627 4642 1000 4699 utexsultaret
1036 4660 1049 4696 :
1079 4647 1173 4700 sed
1211 4647 1575 4703 exsultantem
1603 4648 1839 4717 judicem
1883 4649 1950 4702 de

388 4730 472 4786 his
503 4732 591 4801 qui
616 4732 833 4788 fuerant
855 4736 1092 4802 superati
1120 4737 1454 4807 aggreditur,
1484 4740 1589 4791 vim
1621 4736 1829 4792 faciens
1859 4754 1947 4792 re-

388 4838 490 4893 gno
516 4839 639 4880 vero
673 4835 821 4894 rapto
844 4825 954 4896 (57)
998 4843 1013 4880 :
1062 4838 1117 4882 et
1142 4829 1268 4883 dicit
1302 4848 1315 4882 :
1345 4828 1458 4883 Non
1503 4829 1720 4884 recedes
1772 4830 1947 4884 laetus.

390 4914 565 4971 Habet
595 4917 737 4971 enim
772 4916 914 4973 Deus
943 4919 1141 4974 milites
1174 4923 1265 4989 qui
1299 4920 1542 4991 superari
1566 4937 1671 4974 non
1703 4930 1949 4989 possunt.

388 5003 559 5061 Jndex
582 5016 762 5060 autem
789 5006 970 5061 ebrius
1005 5009 1056 5063 in
1112 5012 1337 5065 victoria
1385 5025 1572 5065 eorum
1618 5011 1708 5079 qui
1742 5009 1956 5064 fuerant

391 5101 645 5167 superati,
680 5113 746 5153 ex
799 5098 1009 5153 illorum
1040 5101 1411 5157 imbecillitate
1464 5102 1740 5157 aestimans
1781 5104 1953 5157 sancti

461 5250 574 5323 (52)
604 5250 878 5321 Proposuit
902 5270 954 5307 se
975 5255 1194 5308 comedi.
1224 5254 1425 5325 Sponte
1469 5270 1528 5312 se
1554 5254 1747 5311 obtulit
1780 5254 1949 5310 leoni-

389 5322 489 5377 bus
514 5326 827 5376 vorandum.

460 5390 572 5461 (5'5)
624 5389 930 5464 Holocausti
961 5393 1107 5460 facti.
1149 5392 1497 5464 Ὀλοκαυστοί
1535 5395 1585 5449 id
1614 5405 1698 5449 est
1740 5395 1952 5464 penitus

389 5462 711 5542 consumpti,
732 5472 785 5516 et
806 5465 1115 5517 holocausta
1138 5463 1284 5528 facti,
1315 5465 1357 5518 si
1375 5478 1587 5535 spectes
1609 5462 1819 5519 illorum
1839 5465 1954 5518 ala~

388 5543 1034 5673 ωἳέἑῗιὲίιιὶιίαειίοηενη.
1066 5603 1379 5673 Ἀπολογίαν
1404 5620 1559 5673 supra
1586 5605 1688 5660 col.
1713 5603 1865 5661 1095.
1888 5602 1949 5658 Β.

610 5659 749 5742 Ipse:
772 5672 877 5725 Pro
906 5659 1057 5727 idem.

708 5769 960 5834 ΡΑτιιοι.
1004 5770 1368 5835 Ga.XXlV.

2056 4459 2177 4513 dem
2225 4459 2443 4513 accendi
2486 4456 2713 4513 ﬂamma:
2755 4473 3075 4514 concessum
3122 4467 3225 4512 est.
3278 4456 3363 4511 Fit
3402 4446 3617 4512 turbela

2056 4566 2163 4604 non
2196 4549 2329 4604 levis
2366 4568 2379 4603 :
2434 4551 2749 4604 nuntiantur
2784 4550 2895 4622 (60)
2935 4560 3165 4623 tyranno
3213 4550 3337 4619 quia
3382 4560 3618 4617 martyre

2056 4642 2256 4697 tradito
2288 4642 2394 4712 igni
2422 4642 2617 4697 caelum
2651 4643 2985 4713 indignatum
3016 4652 3118 4710 est,
3155 4651 3207 4695 et
3230 4641 3354 4711 quia
3381 4641 3617 4695 ctelestis

2056 4749 2149 4789 rex
2178 4749 2305 4789 suos
2333 4734 2425 4804 qui
2462 4734 2515 4788 in
2560 4744 2704 4789 terra
2746 4735 3014 4790 habentur
3040 4734 3300 4789 defendit.
3337 4732 3463 4787 Περ
3490 4747 3613 4787 cum

2054 4826 2291 4880 audisset
2320 4837 2600 4895 tyrannus,
2620 4838 2823 4880 etcum
2848 4826 3003 4880 valde
3028 4824 3280 4893 injuriam
3306 4824 3618 4880 defenderet

2054 4930 2208 4971 suam
2233 4914 2429 4971 factam
2459 4931 2553 4987 per
2579 4917 2840 4988 linguam,
2870 4919 3023 4987 jubet
3045 4918 3212 4985 judici
3244 4916 3356 4984 jam
3388 4931 3492 4969 non
3524 4915 3617 4969 de-

2057 5009 2185 5064 bere
2210 5009 2418 5079 jurgari
2443 4994 2565 5065 eum
2597 5011 2664 5064 ad
2689 5010 2880 5069 Deum,
2909 5012 3003 5065 sed
3034 5010 3195 5065 istum
3224 5024 3379 5071 quem
3416 5007 3613 5063 libera-

2060 5105 2137 5157 vit
2174 5103 2315 5158 Deus
2347 5103 2544 5158 dimitti
2582 5103 2801 5159 dcbere.
2850 5102 2915 5157 Et
2962 5113 3141 5158 noster
3180 5104 3343 5169 igitur
3373 5100 3614 5158 Ananiae

2118 5255 2231 5329 (56)
2262 5254 2590 5329 ζῃενεάὶὺὶιί.
2614 5255 2718 5309 Pro
2749 5255 3036 5329 incredula.

2119 5325 2231 5398 (57)
2268 5326 2441 5398 (legito
2469 5342 2583 5379 vero
2616 5335 2787 5398 rapto.
2832 5326 2984 5394 Quod
3016 5325 3229 5379 violenti
3268 5325 3503 5394 rapiunt,
3559 5335 3617 5381 ut

2051 5395 2250 5454 dicitur
2273 5395 2460 5451 Matth.
2502 5410 2578 5459 xi,
2626 5395 2708 5448 12.
3103 5412 3114 5427 κ

2119 5467 2231 5531 (58)
2266 5465 2363 5521 his.
2396 5464 2693 5519 Estimam
2719 5463 2869 5531 fortis
2890 5465 3257 5522 constantiam.

2121 5534 2232 5607 (59)
2265 5536 2367 5607 bis.
2404 5534 2771 5607 [inponebatur
2795 5535 2961 5589 vivens
2990 5537 3284 5590 immolalio
3313 5535 3366 5590 iit
3397 5537 3535 5607 igne.

2121 5603 2234 5678 (60)
2278 5604 2629 5661 Nuntiantur.
2670 5603 2831 5661 Forte
2866 5608 3157 5662 nuntiatur.

3224 5767 3297 5828 33
