2025 3103
256 112 325 139 1099

609 107 743 136 EUSEBII
762 106 997 137 CESABIENSIS
1015 106 1089 134 OPP.
1110 107 1199 134 PARS
1216 107 1260 135 IV.
1280 123 1313 127 —
1331 107 1539 136 DOGMATICA.

1801 110 1875 138 “00

255 169 327 196 velut
342 176 376 195 ex
396 167 456 203 igne
469 166 621 194 dimittitur.
636 166 722 194 Judex
734 171 822 193 autem
835 166 975 193 blandiens
991 171 1031 201 ty—
1048 169 1070 196 Α
1085 167 1166 194 Senti.
1187 167 1285 194 Iterum
1309 167 1353 202 qui
1378 167 1510 194 inciderat
1532 167 1664 199 medicus,
1693 169 1874 196 constituitur

257 222 351 245 rauno,
376 214 484 248 iniquus
507 212 646 239 voluntate
673 218 700 239 et
724 213 872 247 proposito,
896 211 955 239 sine
982 211 1036 238 Deo

255 259 365 294 degens.
379 259 490 293 cupiens
506 257 572 284 nihil
592 258 687 285 deesse
705 257 899 285 blandimentis
911 258 977 290 suis,
995 257 1037 284 in-

254 305 328 332 venit
340 304 431 331 nescio
446 303 509 337 quid
526 310 624 329 novum
638 303 770 330 adversus
780 307 917 335 sanctum,
934 303 1036 330 addens

254 350 459 377 admirationem
488 348 722 375 admirationibus.
751 347 820 381 Quid
851 348 923 375 enim
952 347 1036 375 facit?

255 396 375 430 praecipit
391 395 509 429 linguam
529 401 579 427 qua
601 394 689 421 fuerat
713 394 817 421 locutus
836 394 861 421 in
883 394 1031 427 hominem,

254 450 286 468 eo
303 441 372 474 quod
394 447 446 466 non
475 444 620 474 negaverat
644 439 739 472 Deum,
760 440 852 467 incidi.
874 439 905 466 Et
926 440 1035 474 quidam

255 487 376 514 medicus
392 486 436 519 qui
452 486 507 520 jam
531 490 623 512 ruerat
643 492 695 511 non
719 486 858 520 proposito
876 486 922 513 sed
946 486 1037 513 carnis

254 533 428 564 iulirmitate;
456 532 516 567 quia
538 532 609 559 enim
631 533 688 566 ipse
709 531 797 558 fuerat
820 536 963 566 superatus
978 532 1037 558 cai-

253 580 308 611 vit;
321 579 451 606 exsultari
466 579 530 605 libet
545 578 577 605 de
593 578 706 605 victoria
721 577 873 612 superantis
887 586 893 604 :
910 578 1036 612 provenit

255 632 344 652 autem
363 625 444 652 istum
468 630 577 658 portare
603 623 772 650 medicinalia
793 629 976 658 operamenta.
1005 624 1037 651 Et

254 672 337 698 exivit
355 676 384 698 ut
403 671 588 698 consolaretur
608 678 684 696 suam
709 669 814 696 ruinam
830 678 837 696 :
856 669 981 697 inventus
996 674 1036 697 est

255 718 281 744 in
302 718 381 743 aliam
400 717 573 743 tentatiouem
592 716 739 742 incurrere.
756 715 895 750 Praecepto
906 716 977 742 enim
990 716 1035 751 ju-

255 763 323 789 dicis
339 762 481 789 insistente
499 766 527 788 ut
543 761 631 795 lingua
645 761 811 788 incideretur
824 761 920 791 sancti,
933 765 960 788 et
973 762 1035 796 quia

255 809 379 835 iuventus
398 813 439 834 est
455 807 499 834 ille
516 811 607 842 parata
626 807 729 833 habens
749 808 781 833 ad
795 806 874 833 istam
888 807 1036 834 necessita-

254 859 307 881 tem
325 855 505 885 ferramenta,
522 853 667 887 urgebatur
685 852 807 879 incidere
829 860 909 886 quam
929 853 1036 880 nolebat

254 901 385 936 linguam.
407 901 439 928 Et
454 900 547 928 incidit
563 900 668 934 quidem
682 906 690 927 :
706 907 768 927 cum
783 905 873 927 autent
887 899 1035 933 incidisset,

254 947 341 981 ipsam
360 947 477 981 linguam
493 954 558 973 usus
573 950 615 973 est
631 946 662 972 ad
683 945 792 972 tutelam
806 946 848 973 sui
865 954 873 972 :
892 953 945 973 non
964 946 1035 973 enim

254 992 367 1026 projecit
386 999 466 1025 quam
487 991 591 1022 incidit,
608 991 653 1017 sed
678 991 814 1024 accipiens
836 997 907 1023 eam,
928 995 957 1017 ut
982 999 1036 1018 me-

254 1038 377 1064 dicamen
394 1038 426 1063 ad
441 1036 584 1063 sanitatem
602 1036 673 1063 illius
692 1036 782 1063 delicti
800 1037 870 1070 quod
887 1038 1036 1064 admiserat

237 1073 288 1107 Vah
311 1081 444 1115 negando,
467 1081 604 1114 accipiens
621 1080 691 1107 domi
718 1081 849 1113 recondit,
875 1086 903 1108 ut
924 1089 1036 1109 consue-

255 1131 318 1154 runt
335 1127 390 1162 (lit)
414 1126 587 1158 inﬁrmiores,
614 1126 706 1153 ﬁdeles
729 1131 829 1160 tamen,
853 1128 985 1156 honorare
1013 1128 1035 1156 si

253 1172 318 1207 quid
335 1180 349 1199 a
363 1172 528 1207 martyribus
543 1171 717 1206 sumpserint.
733 1172 803 1199 Dicit
813 1177 902 1200 autem
919 1173 1036 1201 medico-

254 1226 313 1244 rum
330 1217 465 1249 doctrina,
479 1222 646 1244 contestatur
658 1217 738 1244 etiam
754 1223 780 1245 et
791 1224 897 1251 natura,
913 1219 974 1250 quia
986 1219 1036 1246 lin-

254 1271 312 1298 gum
325 1263 428 1296 incisio,
440 1263 591 1290 interfectio
599 1268 640 1290 est
648 1263 706 1298 ejus
716 1270 730 1290 a
742 1271 795 1297 quo
806 1263 931 1292 inciditur
943 1273 1037 1300 :opor—

255 1309 328 1335 lebat
348 1313 436 1335 autem
454 1313 482 1335 et
495 1310 614 1336 secundo
631 1317 644 1335 a
664 1314 750 1336 morte
765 1309 872 1337 liberari
888 1315 1035 1346 martyrem

254 1354 354 1381 Christi
369 1362 376 1380 :
390 1360 454 1385 ergo
468 1361 530 1381 cum
544 1354 698 1388 producunt
713 1355 790 1381 nobis
801 1354 884 1382 Judaei
902 1360 958 1383 tres
972 1364 1037 1389 pue-

255 1406 309 1431 ros,
322 1399 347 1426 in
359 1407 412 1427 uno
424 1400 475 1426 tria
489 1400 660 1435 proferimus.
675 1400 704 1426 Et
716 1399 771 1434 jam
785 1401 892 1435 quidem
905 1402 1036 1430 habemus

253 1446 306 1472 duo
327 1445 460 1472 mirabilia
484 1454 490 1472 :
519 1445 654 1472 flammam
680 1453 714 1472 ne
740 1446 849 1480 quidem
879 1454 1036 1475 concessam

253 1490 387 1518 flammam
414 1491 489 1523 ﬁeri;
527 1497 587 1525 post
616 1492 774 1519 incisiouem
805 1492 912 1527 linguae,
943 1494 1070 1540 vitam,c

253 1545 333 1571 quam
359 1541 453 1563 natura
473 1536 579 1570 quidem
603 1544 655 1564 non
671 1536 824 1569 confitetur,
847 1540 932 1573 gratia
946 1545 1035 1567 autem

253 1582 364 1608 addidit.
381 1581 429 1608 Ubi
440 1589 504 1616 ergo
515 1581 591 1608 tertia
606 1582 748 1609 admiratio
764 1588 804 1609 est
818 1583 850 1610 de
861 1584 953 1611 eodem
965 1592 1036 1611 mar-

254 1635 312 1664 tyre
332 1628 451 1655 Christi?
468 1628 656 1655 Adducebatur
672 1628 808 1657 Romanus
827 1629 860 1656 ad
873 1637 1011 1658 carcerem
1027 1640 1033 1658 :

253 1674 370 1701 addebat
401 1679 490 1700 autem
516 1679 542 1701 et
563 1674 614 1701 hoc
634 1674 747 1702 blandus
774 1676 807 1703 ad
828 1681 969 1709 tyrannum
990 1677 1035 1711 ju-

252 1720 314 1752 dex,
339 1720 383 1754 qui
409 1720 487 1747 istam
512 1719 678 1754 corporalem
695 1720 812 1755 linguam
832 1730 885 1749 non
910 1722 1033 1749 habebat.

251 1764 363 1793 Lectum
377 1770 418 1792 est
431 1770 520 1793 autem
541 1766 630 1798 nobis,
649 1766 711 1800 quia
728 1767 755 1794 in
770 1767 906 1802 apostolos
920 1768 1035 1803 Spiritus

251 1812 359 1847 linguas
376 1816 405 1838 ut
422 1811 510 1845 ignem
528 1811 620 1839 divisit
636 1815 663 1838 et
680 1812 799 1840 donavit.
818 1813 871 1840 Sed
887 1813 960 1840 illum
981 1822 1033 1840 non

251 1853 379 1888 vidimus'.
402 1857 448 1883 sed
468 1857 618 1883 audivimus
633 1862 659 1883 et
676 1857 820 1885 credimus.
845 1858 921 1891 Quod
944 1863 1033 1885 autem

252 1905 373 1930 dicturus
384 1910 455 1934 sum,
471 1902 545 1930 multi
562 1903 649 1929 vultus
667 1902 723 1937 (62)
743 1908 806 1930 sunt
823 1908 914 1931 testes.
932 1904 1033 1931 Dicitur

251 1948 313 1983 quia
336 1948 433 1974 beatus
457 1947 508 1974 iste
526 1947 674 1980 Romanus,
702 1948 764 1974 dum
794 1947 882 1975 adhuc
906 1956 1032 1976 carueam

251 1994 367 2021 habebat
385 1993 514 2027 linguam,
529 1993 627 2020 similia
643 1993 726 2028 Moysi
742 1994 910 2027 loquebatur,
927 1994 977 2022 hoc
993 2000 1034 2022 est

251 2038 411 2069 balbutiens,
435 2041 528 2064 etnon
548 2038 695 2072 composite
713 2037 836 2072 loquens.
855 2038 923 2065 Dum
943 2038 1033 2066 adhuc

252 2084 365 2110 haberet
385 2087 467 2109 totam
493 2082 620 2116 linguam,
643 2086 669 2110 et
693 2090 744 2110 non
770 2088 861 2118 posset
884 2084 1034 2118 composite

252 2128 339 2162 loquir
351 2133 409 2155 erat
421 2128 525 2154 balbus.
543 2127 592 2160 Qui
608 2132 696 2154 autem
711 2135 848 2155 carcerem
864 2128 1031 2162 ingredieba-

251 2178 294 2200 Iur
312 2178 402 2201 custos
415 2173 535 2200 carceris
554 2173 730 2208 interrogavit
743 2181 816 2205 eum,
832 2174 903 2208 quod
917 2174 940 2201 ei
956 2179 1031 2202 esset

249 2226 346 2247 nomen
357 2224 397 2246 :et
412 2225 486 2246 certe
501 2219 598 2246 litterae
609 2219 664 2254 (65)
675 2219 730 2254 jam
749 2219 791 2246 his
806 2220 851 2253 qui
867 2219 944 2247 valde
959 2227 1033 2247 com-

248 2264 329 2300 positi
343 2270 416 2292 recte
430 2264 586 2299 loquuntur,
601 2265 711 2299 impedit
722 2265 754 2291 ad
767 2265 939 2298 loquendum.
956 2265 1031 2292 Nunc

249 2314 338 2336 autem
354 2308 490 2337 Romanus
504 2315 531 2337 et
544 2310 629 2337 incisa
654 2309 758 2344 lingua;
776 2318 856 2345 quam
873 2317 933 2337 cum
953 2310 1032 2338 habe-

249 2359 291 2382 ret
305 2355 372 2390 (64),
387 2361 414 2381 et
426 2360 498 2382 recte
512 2355 584 2390 loqui
599 2363 652 2382 non
666 2360 789 2389 poterat;
805 2355 923 2389 Spiritus
935 2355 1030 2390 lingua:

249 2400 377 2434 loquitur,
404 2404 431 2426 et
452 2400 529 2427 valde
550 2401 710 2433 rectissime,
737 2405 764 2428 et
788 2400 863 2432 dicit,
891 2400 1029 2428 Romanus

248 2446 333 2473 dicor.
348 2445 446 2473 ltermn
462 2445 600 2472 nuntiatur
617 2446 668 2473 hoc
681 2446 764 2480 judici
781 2450 807 2473 et
823 2449 938 2480 tyranno
955 2453 1026 2481 pra:-

293 2493 314 2508 "
329 2493 339 2520 l
354 2493 416 2520 Cor.
434 2500 490 2524 xxv,
504 2493 548 2519 22.
585 2493 607 2508 ’³⁸
617 2493 699 2520 Marc.
715 2501 772 2526 vtu,
788 2493 833 2520 53.

284 2541 340 2576 (6i)
362 2538 394 2566 Ut
408 2547 574 2576 consuerunt.
592 2538 626 2565 Ut
641 2540 722 2566 solent
743 2539 901 2576 inﬁrmiores
919 2539 987 2567 clam
1005 2546 1031 2568 ct

249 2574 320 2602 (lenti
331 2574 649 2610 'reconditasmartyrum
664 2575 791 2609 reliquias
804 2575 955 2607 honorare;
970 2583 1029 2602 cum

248 2610 376 2637 fortiores
391 2610 477 2643 palam
496 2609 520 2635 id
535 2609 654 2635 facerent
668 2618 674 2636 :
699 2614 759 2636 erat
773 2614 864 2637 autem
885 2610 930 2637 ille
946 2611 1030 2637 medi-

248 2653 293 2671 cus
319 2645 404 2671 carnis
439 2644 591 2678 infirmitate
624 2644 722 2679 lapsus,
754 2644 823 2672 sicut
860 2646 938 2679 paulo
970 2650 1031 2673 ante

249 2681 360 2705 dictum.

284 2715 339 2749 (0‘2)
363 2714 466 2750 Vultus.
481 2716 639 2750 Πρόσωπα,
657 2720 786 2750 aspectus.

285 2750 341 2784 (0'5)
362 2749 477 2776 Litterw.
489 2749 567 2777 Forte
583 2749 691 2783 littera,
703 2756 731 2777 ut
753 2751 847 2777 sensus
866 2750 900 2776 sit
916 2759 922 2777 :
939 2750 1027 2777 littera

251 2783 271 2809 ιι
285 2792 345 2818 qua:
355 2791 424 2817 (egre
439 2786 625 2819 pronuntiatur
642 2787 724 2813 etiam
739 2785 772 2812 ab
792 2785 824 2812 iis
845 2786 891 2818 qui
907 2793 939 2811 os
956 2792 1028 2814 recte

250 2819 427 2846 compositum
446 2820 547 2848 habent
561 2821 595 2848 ad
612 2821 784 2850 loauendum.
800 2828 880 2850 nunc.
899 2826 951 2848 etc.

1086 212 1112 238 in
1136 212 1239 239 timore.
1263 213 1358 244 Etiam,
1381 213 1481 248 inquit,
1507 214 1557 240 iste
1583 213 1672 241 adhuc
1695 214 1875 243 Christianus

1085 264 1144 285 est:
1162 264 1190 285 ut
1205 259 1280 286 fratri
1296 267 1410 293 parcens
1422 260 1584 294 contempsit
1595 265 1773 294 przeceptum.
1789 261 1875 288 Forte

1085 308 1174 331 autem
1189 304 1242 337 ille,
1257 305 1368 339 cupiens
1383 310 1441 339 post
1459 305 1617 333 incisionem
1635 306 1733 341 lingua:
1754 315 1808 334 non
1822 316 1874 335 su-

1085 356 1195 382 peresse
1216 354 1371 384 martyrem,
1398 355 1425 376 et
1446 350 1540 384 majori
1574 358 1702 378 mensura
1724 351 1818 378 incidit
1836 354 1873 379 ad

1086 394 1298 421 interfectionem
1314 394 1401 428 potius
1413 402 1492 429 quam
1507 395 1540 422 ad
1552 396 1752 430 praecisionem.
1766 397 1872 424 Tamen

1085 440 1298 474 comprehensus
1318 439 1438 467 medicus
1461 440 1611 467 ducebatur
1633 441 1666 467 ad
1682 440 1815 475 judicem,
1841 447 1873 469 et

1087 485 1221 519 negotium
1250 485 1374 516 habebat,
1402 492 1451 512 cur
1480 485 1681 520 loqueretur.is
1705 487 1748 514 cui
1779 488 1872 516 incisa

1086 530 1172 557 fuerat
1196 530 1296 565 lingua.
1315 529 1371 557 Non
1389 531 1461 558 enim
1479 531 1564 558 semel
1580 531 1684 559 loeutus
1700 533 1794 566 tacuit,
1818 535 1872 561 sed

1086 575 1241 603 conferebat
1256 584 1316 603 cum
1330 575 1390 603 aliis
1405 577 1437 603 de
1451 583 1534 604 cruce
1547 581 1574 603 et
1589 577 1701 604 victoria
1714 578 1822 612 Christi,
1838 585 1874 608 et

1085 621 1136 648 hoc
1150 621 1240 649 multis
1252 621 1389 648 mensibus
1410 622 1436 648 in
1456 629 1567 649 carcere
1582 623 1755 651 constitutus.
1773 624 1869 652 Habe—

1086 675 1145 694 mus
1160 675 1223 702 ergo
1240 672 1266 694 et
1285 667 1390 694 tertiam
1409 667 1628 700 admirationem,
1645 673 1673 696 et
1689 677 1756 696 unus
1768 670 1867 698 Eccle-

1085 713 1132 740 sia:
1146 713 1317 752 martyrjam
1331 718 1453 748 aequatur
1472 714 1557 741 tribus
1575 722 1607 741 ex
1627 713 1778 750 Synagoga.
1796 716 1865 743 Cum

1086 763 1176 786 autem
1198 759 1332 793 negotium
1351 763 1489 794 pateretur
1504 760 1634 792 medicus,
1652 765 1683 787 ut
1701 762 1865 789 condiscatis

1085 809 1215 839 quantum
1230 804 1291 832 boni
1310 804 1356 836 sit,
1372 809 1398 831 et
1413 804 1503 831 brevis
1517 805 1623 838 quidam
1641 806 1711 833 ictus
1738 807 1870 841 religiosi-

1087 851 1161 877 tatis.
1182 850 1250 883 Quia
1272 850 1341 877 enim
1363 850 1452 878 tutela:
1472 858 1553 878 causa
1572 857 1716 886 acceperat
1736 853 1868 888 linguam,

1087 896 1149 931 quia
1170 896 1197 923 in
1213 897 1318 924 ratione
1338 897 1433 925 salutis
1448 897 1602 924 thesaurum
1623 899 1783 926 reconderat
1800 899 1868 933 sibi,

1086 942 1186 969 exhinc
1210 942 1265 977 jam
1286 943 1391 977 accepit
1412 942 1529 970 fructum
1545 942 1616 970 ﬁdei.
1631 943 1720 971 Judici
1738 945 1810 972 enim
1828 946 1870 972 in-

1085 987 1205 1023 dignanti
1215 993 1241 1015 et
1256 989 1440 1021 comminanti,
1455 994 1483 1016 et
1494 988 1549 1022 jam
1572 996 1632 1017 eum
1649 990 1804 1018 interﬁcere
1821 999 1870 1018 vo-

1087 1033 1149 1061 lenti
1159 1033 1297 1068 respondit
1307 1035 1423 1062 medicus
1435 1044 1442 1062 :
1454 1034 1542 1062 Habeo
1553 1035 1669 1070 linguam
1680 1044 1760 1070 quam
1773 1037 1868 1064 incidi.

1086 1079 1251 1106 Producatur
1275 1079 1353 1112 alius,
1369 1080 1413 1107 cui
1434 1087 1486 1107 non
1509 1081 1614 1108 assistit
1628 1081 1710 1114 Deus,
1724 1087 1752 1109 et
1770 1089 1869 1110 secun-

1085 1125 1147 1152 dum
1163 1132 1316 1152 mensuram
1332 1125 1423 1153 ineisat
1439 1126 1544 1161 linguai.
1569 1127 1703 1155 incidatur
1717 1128 1823 1162 lingua;
1837 1132 1868 1155 et

1085 1169 1106 1196 si
1123 1169 1237 1200 vixerit,
1261 1178 1350 1197 meum
1364 1176 1545 1198 commentum
1562 1177 1614 1204 est.
1638 1178 1665 1199 et
1682 1179 1732 1200 non
1755 1173 1802 1200 Dei
1815 1173 1867 1201 de-

1085 1214 1181 1242 fensio.
1199 1214 1362 1243 Producitur
1376 1216 1483 1251 quidam
1498 1217 1692 1249 damnatorum,
1709 1222 1735 1245 et
1746 1218 1846 1253 diligen
1857 1235 1867 1240 -

1086 1259 1190 1287 tissime
1205 1267 1330 1287 mensura
1351 1266 1459 1295 accepta
1473 1281 1481 1294 ,
1496 1261 1581 1288 incisa
1605 1262 1681 1289 etiam
1701 1262 1787 1297 lingua
1806 1268 1863 1294 est,

1085 1312 1144 1340 qua:
1158 1305 1275 1332 habebat
1292 1305 1373 1333 incidi
1400 1306 1513 1334 Tantum
1530 1312 1558 1334 ut
1576 1307 1680 1342 impleta
1696 1308 1789 1335 incisio
1803 1313 1864 1342 est,

1084 1356 1113 1378 et
1130 1350 1191 1378 ﬁnis
1205 1351 1263 1385 ejus
1285 1351 1434 1386 completus
1448 1357 1490 1380 est
1506 1353 1575 1379 vitae.
1594 1354 1627 1380 Et
1641 1354 1684 1381 ille
1699 1354 1806 1388 quidem
1821 1360 1869 1382 est

1086 1402 1220 1424 mortuus.
1245 1398 1292 1425 Dei
1313 1403 1402 1425 autem
1419 1406 1452 1426 ex
1470 1400 1673 1433 comparatione
1695 1402 1869 1428 tenebrarum

1086 1443 1233 1478 apparebat
1249 1444 1429 1472 clarissimum
1448 1446 1548 1472 lumen.
1565 1446 1592 1472 Si
1609 1447 1670 1480 quis
1684 1450 1772 1473 autem
1789 1447 1867 1473 iutir-

1087 1497 1146 1517 mus
1166 1494 1193 1518 et
1204 1490 1357 1518 incredulus
1376 1496 1427 1523 est,
1453 1493 1528 1527 signa
1546 1498 1634 1519 autem
1659 1493 1821 1525 inﬁdelibus,
1839 1498 1868 1519 ut

1087 1535 1153 1563 dicit
1174 1536 1313 1570 Scriptura
1325 1537 1357 1568 ⁸⁷.
1376 1537 1505 1565 habemus
1523 1539 1578 1565 haec
1601 1538 1721 1572 proferre
1736 1547 1794 1573 quae
1816 1547 1866 1566 au-

1086 1580 1211 1607 dlvimus.
1228 1580 1261 1607 Et
1277 1586 1351 1608 certe
1371 1589 1424 1608 non
1441 1586 1540 1608 tantum
1561 1590 1645 1616 egena
1669 1588 1711 1609 est
1728 1583 1865 1614 Ecclesia;

1086 1626 1132 1653 sed
1153 1626 1228 1653 etde
1242 1626 1295 1654 alio
1314 1627 1403 1654 audivi
1416 1635 1481 1661 ego,
1496 1628 1558 1662 quia
1580 1629 1619 1654 vir
1639 1629 1746 1662 quidam
1766 1630 1797 1655 ad
1818 1629 1866 1655 be-

1087 1671 1152 1698 stias
1167 1671 1266 1699 missus
1285 1676 1343 1704 est.
1356 1680 1371 1699 a
1390 1673 1482 1700 bestiis
1503 1679 1591 1701 autem
1608 1681 1660 1699 non
1678 1680 1865 1709 consumptus,

1087 1721 1116 1743 ut
1140 1717 1241 1749 Daniel,
1264 1717 1392 1746 Ecclesia:
1418 1719 1550 1746 referebat
1574 1719 1705 1746 mirabilia
1733 1720 1787 1746 Dei.
1809 1720 1864 1747 Sed

1086 1771 1138 1790 non
1153 1764 1187 1790 sit
1203 1763 1268 1791 mihi
1280 1764 1406 1799 colligere
1421 1766 1493 1791 talia.
1512 1765 1561 1792 lsla
1578 1766 1648 1792 enim
1666 1766 1860 1800 supportatnria

1086 1808 1277 1836 infirmantium
1294 1810 1435 1843 habentur,
1450 1811 1507 1837 istae
1521 1811 1720 1839 satisfactiones
1736 1817 1796 1839 sunt
1811 1820 1862 1839 non

1085 1854 1262 1882 credentium.
1289 1855 1342 1883 Sed
1368 1864 1454 1890 neque
1482 1858 1531 1884 ista
1559 1865 1665 1891 sperno.
1692 1866 1742 1885 nec
1766 1859 1865 1886 abnuo.

1084 1899 1254 1927 Glorilicetur
1287 1906 1376 1929 autem
1407 1907 1432 1929 et
1457 1903 1482 1929 in
1514 1904 1571 1930 istis
1603 1904 1762 1931 miriticator
1785 1904 1867 1931 Deus.

1085 1946 1171 1980 Diligo
1187 1951 1277 1974 autem
1292 1955 1352 1974 cum
1370 1947 1448 1975 video
1464 1948 1543 1975 incidi
1560 1949 1648 1983 capita
1666 1955 1825 1984 martyrum,
1839 1955 1867 1976 et

1086 1996 1169 2018 totum
1191 2000 1288 2027 corpus
1304 1993 1409 2024 ardere.
1431 1999 1457 2020 et
1476 1994 1594 2028 virgines
1608 1995 1693 2021 nudas
1709 2003 1760 2021 non
1777 1995 1867 2021 irreli-

1084 2038 1166 2073 giosis
1181 2039 1277 2071 oculis,
1294 2039 1388 2067 amicis
1399 2045 1486 2066 autem
1503 2046 1529 2067 et
1547 2041 1685 2067 fraternis.
1702 2041 1770 2067 Nihil
1792 2042 1868 2068 enim

1085 2085 1181 2111 horum
1197 2085 1320 2112 terribile
1332 2085 1424 2112 vident
1439 2086 1547 2116 fratres,
1566 2087 1627 2120 quia
1645 2095 1692 2113 nec
1711 2087 1864 2120 patiuntur.

1085 2129 1144 2158 Istae
1164 2134 1226 2157 sunt
1242 2130 1344 2164 glorias,
1362 2130 1420 2157 istte
1438 2137 1534 2157 nostra:
1554 2131 1717 2158 dilectioues.
1741 2131 1773 2157 Et
1798 2132 1867 2165 qui-

1049 2189 1071 2217 D
1084 2176 1143 2202 dem
1157 2176 1201 2210 qui
1220 2176 1345 2203 inciditur
1364 2177 1462 2210 capite,
1482 2177 1590 2203 llillJI'lJll.
1606 2181 1682 2210 caput
1700 2177 1724 2202 in
1739 2176 1865 2210 judicio;

1083 2221 1146 2255 quia
1162 2221 1206 2255 qui
1230 2222 1305 2248 ardet
1326 2226 1406 2252 totus.
1425 2222 1608 2248 holocaustum
1633 2222 1684 2248 Deo
1700 2222 1801 2248 viventi
1818 2222 1867 2248 of-

1083 2265 1177 2293 fertur.
1193 2266 1227 2294 Et
1247 2267 1319 2302 virgo
1337 2267 1443 2298 nudata,
1463 2275 1513 2292 non
1531 2269 1618 2298 nuda;
1639 2268 1719 2294 habet
1731 2269 1802 2295 enim
1823 2269 1866 2294 iu-

1083 2312 1237 2339 dumentum
1254 2312 1444 2346 incorruptelae
1460 2320 1524 2340 suae.
1547 2313 1633 2340 Nemo
1653 2314 1726 2341 dicat
1739 2314 1871 2349 martyri-

1083 2357 1152 2384 bus:
1169 2357 1352 2386 Misericordia
1372 2366 1387 2384 a
1407 2358 1482 2386 vobis
1496 2358 1552 2394 (65)
1569 2360 1602 2386 ab
1626 2359 1678 2391 his,
1699 2360 1812 2392 fratres;
1832 2368 1870 2387 ne

1082 2403 1152 2431 forte
1165 2404 1314 2431 imitatores
1327 2404 1429 2431 Christi
1448 2412 1540 2433 vocem
1554 2406 1636 2432 etiam
1651 2407 1711 2441 ejus
1727 2407 1869 2434 mittentes

1081 2449 1261 2484 respondeant
1273 2449 1443 2477 dicentibus:
1469 2449 1537 2477 Vade
1556 2457 1622 2477 retro
1650 2460 1700 2483 me,
1718 2451 1818 2479 Salano
1831 2453 1867 2480 ⁸⁸.

1119 2540 1177 2576 (64)
1206 2540 1291 2573 Quam
1315 2548 1373 2566 cum
1396 2540 1511 2567 haberet.
1536 2540 1622 2574 Quam
1646 2540 1763 2576 litteram
1788 2540 1870 2569 facile

1083 2577 1257 2612 pronuntiare
1280 2582 1332 2601 nou
1353 2578 1469 2609 poterat.
1487 2575 1567 2602 etiam
1589 2583 1650 2602 cum
1671 2575 1791 2610 linguam
1816 2577 1869 2603 ha-

1083 2613 1169 2639 beret.

1119 2647 1175 2680 (65)
1198 2645 1379 2672 Misericordia
1389 2653 1404 2671 a
1415 2644 1495 2680 vobis.
1507 2644 1588 2672 Forte
1600 2645 1782 2671 Misericordia
1795 2645 1869 2672 vobis

1083 2679 1183 2713 oblitis,
1199 2686 1227 2707 ut
1244 2688 1338 2707 sensus
1355 2680 1390 2707 sit
1406 2689 1412 2706 :
1431 2679 1515 2706 Nemo
1529 2680 1692 2715 martyribus
1707 2681 1796 2707 dicat:
1811 2681 1868 2706 fra-

1084 2721 1149 2749 tres,
1166 2715 1247 2742 vestri
1268 2716 1446 2742 misereantur
1462 2715 1487 2741 Μ
1508 2718 1626 2750 tyranni,
1645 2722 1757 2749 parcant
1776 2716 1801 2741 in
1821 2723 1868 2741 vos

1081 2752 1176 2778 ξενίη
1190 2760 1197 2784 ;
1215 2758 1248 2778 ne
1263 2757 1394 2786 martyres
1412 2750 1534 2785 exemplo
1548 2750 1648 2779 Christi
1663 2751 1847 2785 respondeant
1857 2758 1866 2776 :

1079 2788 1144 2815 vade
1162 2791 1241 2820 retro,
1259 2791 1312 2814 etc.
