4050 6206
347 247 478 303 “0|

1393 229 1479 289 DE
1520 228 2119 288 liESUlilth‘C'l‘lONE.
2162 260 2229 271 -—
2272 224 2398 286 LIB.
2442 223 2507 283 ll.

3456 224 3597 283 “03

308 399 321 410 ι
348 365 684 420 Iucedantur
724 369 777 417 et
816 356 1039 416 ardeam
1075 365 1131 411 ut
1159 354 1430 411 nudentur
1468 354 1578 426 (66)
1604 355 1838 422 virgines
1874 354 1926 408 iu
1958 357 2003 414 Α
2032 352 2233 421 plagas,
2280 365 2375 421 per
2419 362 2639 415 terram,
2687 364 2783 420 per
2835 349 3034 421 ignem,
3084 363 3178 420 per
3216 348 3471 418 gladium,
3501 364 3598 420 per

346 456 627 526 passione,
662 462 716 507 et
747 452 922 506 vincat
955 463 1054 518 per
1084 447 1263 501 omnia
1296 445 1565 501 Christus.
1600 445 1738 512 Quid
1779 445 1922 499 enim

346 555 405 601 et
452 554 716 617 promunt
754 541 919 598 Juda’i
968 550 1023 595 ut
1066 539 1293 610 gloriam
1347 548 1438 592 aut
1479 534 1925 592 accusationem?

349 639 411 693 Si
443 638 590 694 enim
623 652 718 691 nos
746 635 971 688 fratrum
1002 639 1310 685 nostrorum
1352 628 1785 684 interﬁcientium
1812 628 1925 699 (67)

351 733 435 787 usi
468 747 650 787 smnus
677 726 933 799 praedicta
961 724 1153 796 gloria,
1184 724 1484 778 interfectis
1509 723 1779 793 prioribus
1823 737 1926 775 nun

352 838 628 880 cessamus
652 819 882 874 interﬁci
916 841 927 873 :
960 831 1106 873 nunc
1131 816 1418 869 adoremus
1444 813 1583 868 idola
1612 827 1732 882 quae
1762 826 1929 866 excu-

353 888 537 973 smnus
560 914 690 986 (68).
727 912 892 969 Israel
917 922 1097 966 autem
1143 920 1196 965 et
1241 911 1363 963 dum
1420 906 1818 962 interﬁceretur
1864 921 1930 959 ne

354 1012 620 1073 adoraret,
656 1022 762 1061 non
797 1006 1034 1061 cessavit
1063 1003 1362 1058 adorando.
1394 1000 1462 1055 Et
1488 1002 1602 1054 ausi
1630 1010 1755 1055 sunt
1783 998 1926 1067 loqui

357 1105 421 1158 ad
448 1116 683 1157 crucem.
711 1098 843 1154 Cum
870 1098 1015 1153 enim
1042 1094 1194 1150 vituli
1222 1102 1388 1164 caput
1417 1094 1519 1148 sibi
1548 1102 1607 1147 ut
1634 1093 1928 1146 adorarent

355 1195 624 1257 fecerunt,
656 1191 866 1261 Moyses
902 1188 1175 1244 interfecit
1204 1188 1484 1256 plurimos,
1525 1198 1592 1239 ne
1629 1183 1809 1238 caeteri
1842 1183 1928 1235 fa-

353 1296 538 1344 cerent
581 1284 730 1349 talia,
763 1293 815 1336 et
850 1284 940 1353 qui
971 1281 1212 1335 derelicti
1256 1288 1380 1335 sunt
1424 1280 1734 1332 adorarent.
1774 1273 1929 1330 Unde

353 1394 481 1451 ergo
523 1377 701 1434 simile
740 1376 844 1432 erit
878 1376 1079 1431 Judteis
1123 1384 1181 1428 ut
1221 1382 1277 1427 et
1323 1373 1450 1428 dum
1506 1369 1928 1433 interﬁciuntur,

354 1473 443 1528 alii
477 1472 707 1526 adorent
737 1468 1061 1533 simulacra;
1096 1476 1151 1521 et
1190 1464 1430 1520 Ecclesia
1456 1461 1569 1534 (69)
1610 1477 1730 1532 quae
1760 1461 1929 1515 inter-

354 1566 534 1621 ﬁcitur
556 1574 615 1616 ut
641 1563 847 1628 adoret,
873 1570 925 1614 et
956 1575 1060 1613 non
1090 1558 1313 1613 adorat?
1337 1556 1441 1612 Sed
1474 1571 1593 1625 qua:
1619 1552 1932 1610 communio

354 1666 442 1713 est
473 1654 659 1709 lumini
690 1656 755 1708 ad
786 1652 1081 1707 tenebras?
1117 1649 1247 1716 Qua:
1289 1650 1425 1704 enim
1465 1648 1619 1703 debui
1649 1645 1821 1715 facere
1858 1645 1932 1698 ui-

2034 454 2312 513 serpentes
2331 483 2345 507 ,
2374 458 2468 513 per
2494 443 2653 509 feras,
2682 459 2777 514 per
2802 443 3070 509 inimlcos,
3096 458 3190 513 per
3211 444 3380 513 legem
3407 445 3599 514 puniti,

2034 537 2327 600 interfecti,
2359 539 2583 604 concisi,
2612 538 2913 607 consumpti
2945 546 3093 603 sunt,
3125 546 3175 591 el
3206 549 3371 591 manu
3414 546 3599 590 sacere

2029 630 2213 685 dotum
2243 632 2451 685 occisi:
2493 639 2547 685 et
2583 647 2686 685 non
2715 640 3057 685 recesserunt
3087 632 3155 687 ab
3193 627 3374 686 idolis.
3416 627 3485 686 Et
3520 636 3600 685 ta-

2032 739 2154 778 men
2207 726 2321 779 haec
2367 724 2546 779 omnia
2595 724 2795 778 ﬁebant
2842 733 2984 788 tunc,
3028 732 3082 779 et
3119 724 3343 792 spiritus
3391 722 3595 787 eratin

2032 818 2181 887 ipsis,
2231 826 2281 872 ct
2325 814 2534 889 Moyses
2581 820 2859 888 propheta,
2900 827 2953 872 et
2998 818 3176 872 Aaron
3224 818 3498 881 sacerdos,
3546 827 3602 873 et

2031 907 2187 964 Jesus
2217 908 2359 962 Nave
2390 909 2682 963 exercitum
2718 911 2936 973 ducens,
2970 917 3022 962 et
3054 924 3367 984 expugnans
3413 905 3596 964 inimi-

2032 1017 2146 1067 cos,
2176 1012 2231 1057 et
2258 1002 2476 1073 Moyses
2507 1003 2847 1058 orationibus
2881 1004 3123 1067 vincens,
3170 1013 3225 1058 et
3266 1019 3462 1057 manna
3512 1004 3604 1058 ded

2033 1109 2270 1158 sursum,
2329 1105 2381 1148 et
2428 1106 2579 1165 petra
2631 1094 2794 1149 dabat
2838 1110 3057 1165 aquam,
3099 1104 3151 1150 et
3196 1096 3602 1151 tabernaculum

2034 1186 2238 1252 aderat,
2288 1196 2343 1241 et
2371 1187 2520 1257 virga
2555 1185 2804 1254 ﬂorebat,
2851 1198 2904 1243 et
2950 1187 3217 1243 mirabilia
3268 1189 3482 1245 ﬁebant.
3540 1184 3604 1245 Et

2043 1279 2285 1337 colentes
2324 1280 2463 1336 idola
2507 1298 2611 1335 non
2663 1282 2959 1350 abegerunt
3004 1280 3195 1348 Deum,
3233 1292 3289 1338 ut
3326 1284 3605 1339 recederet

2036 1384 2065 1423 a
2121 1370 2568 1440 promissionibus
2617 1373 2728 1427 suis
2775 1388 2911 1442 quas
2948 1374 3147 1428 fecerat
3192 1374 3258 1428 ad
3310 1376 3603 1430 Abraham.

2035 1458 2145 1517 Cur
2182 1477 2330 1534 ergo,
2364 1478 2458 1517 vos
2488 1464 2858 1534 interrogabo,
2908 1480 3005 1519 cur
3034 1480 3153 1519 cum
3182 1474 3236 1521 et
3267 1466 3405 1535 apud
3437 1466 3607 1537 1E3)“

2035 1567 2185 1626 ptum
2233 1556 2373 1611 idola
2429 1556 2712 1619 colebatis,
2754 1574 2875 1613 cum
2917 1568 2971 1612 et
3017 1559 3069 1613 in
3112 1559 3229 1628 ipso
3274 1559 3410 1614 mari
3451 1556 3607 1630 positi

2042 1662 2146 1702 non
2174 1649 2500 1716 credebatis,
2531 1666 2652 1705 cum
2683 1660 2739 1705 et
2778 1667 2975 1706 manna
3003 1654 3336 1723 accipientes
3366 1671 3608 1709 murmu-

357 1765 472 1803 nea:
507 1762 653 1809 mem,
685 1758 732 1799 et
757 1760 859 1799 non
892 1743 991 1811 [cci
1022 1740 1102 1795 ‘9?
1131 1740 1259 1795 dicit
1291 1738 1452 1792 Deus.
1485 1736 1695 1790 Donare
1722 1733 1928 1795 debuit.
1965 1710 2006 1768 Β
2038 1741 2262 1803 rabatis,
2290 1755 2412 1795 cum
2463 1750 2516 1795 et
2552 1749 2681 1798 ante
2722 1743 2894 1810 legem
2937 1753 2991 1798 et
3033 1754 3221 1798 contra
3255 1744 3424 1816 legem
3456 1747 3608 1800 vituli

357 1852 411 1895 et
446 1840 709 1903 blandire,
744 1847 798 1892 et
832 1834 1090 1891 beneﬁcia
1123 1834 1362 1888 tribuere
1388 1848 1402 1886 :
1433 1828 1560 1884 fecit
1591 1828 1795 1883 omnia.
1825 1826 1931 1880 Do-

356 1931 509 1986 navit
535 1929 675 1983 enim
709 1942 903 1981 manna
936 1942 950 1980 :
980 1923 1143 1981 Israel
1171 1934 1350 1978 autem
1386 1922 1545 1976 modo
1575 1918 1928 1983 manducaus,

359 2023 587 2076 vitulum
635 2019 725 2090 qui
774 2034 873 2073 nec
926 2019 1148 2073 herbam
1202 2013 1567 2069 manducabat
1616 2026 1715 2066 nec
1766 2012 1930 2064 vitam

362 2114 613 2178 trahebat,
649 2111 966 2166 adorabant.
999 2110 1039 2164 E
1068 2121 1220 2178 petra
1250 2108 1506 2163 bibeoant
1536 2120 1749 2175 aquam,
1784 2113 1837 2159 et
1866 2121 1933 2159 ex

359 2216 509 2276 petra
536 2204 809 2260 faciebant
832 2201 973 2258 idola
998 2202 1121 2257 sibi.
1147 2200 1249 2255 Per
1272 2198 1473 2268 lignum
1502 2197 1716 2265 ﬁgurati
1750 2211 1933 2250 amara

359 2313 500 2368 aqua
532 2301 793 2351 translata
820 2295 885 2349 ad
915 2293 1252 2349 dulcedinem
1281 2302 1365 2347 est
1388 2310 1403 2346 :
1428 2290 1502 2345 illi
1534 2299 1713 2343 autem
1740 2305 1770 2342 e
1794 2288 1935 2357 ligno

360 2389 736 2459 exsenlpentes
786 2387 888 2441 sibi
940 2385 1265 2449 simulacra,
1326 2384 1612 2437 adversum
1668 2396 1789 2434 cum
1844 2380 1933 2451 qui

360 2475 565 2536 fecerat
605 2479 759 2534 dulce
791 2478 1111 2532 adorabant.
1144 2476 1566 2531 Veterasccntes
1595 2483 1773 2527 autem
1810 2489 1937 2528 con-

361 2573 680 2627 crescebant
725 2570 805 2624 eis
836 2567 1031 2623 tunica:
1069 2586 1083 2622 :
1118 2566 1196 2620 illi
1235 2576 1417 2619 autem
1458 2564 1788 2634 accipientes
1820 2581 1939 2635 qua:

361 2661 601 2717 donabat
638 2660 801 2723 Deus,
838 2657 1237 2713 consecrabant
1286 2654 1461 2710 idolis.
1514 2655 1742 2709 Tantum
1794 2656 1936 2709 enim

363 2762 521 2810 erant
565 2753 630 2806 ad
670 2750 932 2806 beneﬁcia
977 2759 1328 2805 contumaces
1379 2764 1393 2801 :
1442 2746 1674 2816 ideoque
1719 2746 1940 2801 adduxit

365 2844 649 2899 adversum
683 2858 776 2897 eos
803 2842 987 2913 plagas
1007 2881 1023 2907 ,
1053 2840 1178 2908 quia
1205 2839 1330 2893 dntn
1358 2839 1511 2893 daret
1538 2838 1818 2902 beneﬁcia,
1845 2853 1939 2893 eos

368 2938 598 2991 suadere
646 2949 751 2988 non
790 2935 964 3003 potuit
1003 2950 1015 2987 :
1052 2930 1226 2987 voluit
1264 2944 1392 3001 ergo
1432 2945 1524 2985 eos
1551 2932 1781 3000 puniens
1819 2946 1942 3000 per-

368 3040 584 3097 urgere.
631 3024 803 3092 Quam
848 3025 991 3079 enirn
1035 3023 1245 3093 plagam
1280 3024 1360 3078 eis
1407 3036 1514 3076 non
1566 3021 1758 3076 misit?
1801 3021 1937 3088 Quid

370 3120 516 3175 enim
545 3119 622 3173 ait
651 3120 765 3187 ipse
816 3118 883 3172 ad
921 3115 1054 3171 eos?
1087 3116 1213 3171 Sine
1237 3131 1397 3170 causa
1431 3115 1664 3183 percussi
1686 3112 1828 3184 ﬁlios
1860 3131 1940 3167 ve-

368 3220 509 3268 stros
552 3224 570 3263 :
650 3209 987 3279 disciplinam
1032 3225 1134 3262 non
1187 3208 1459 3278 accepistis
1489 3206 1559 3263 ⁷⁰.
1611 3206 1744 3263 Cum
1797 3207 1940 3262 enim

372 3303 627 3359 beneﬁcia
661 3317 756 3357 sua
793 3301 871 3356 eis
916 3303 1260 3371 exprobaret,
1298 3302 1548 3356 dicebat:
1589 3300 1730 3366 Quid
1771 3298 1943 3354 adhuc

370 3395 521 3449 debui
545 3394 717 3463 facere
741 3395 901 3448 vinea:
918 3410 1065 3456 mea,
1090 3403 1139 3447 et
1162 3410 1265 3447 non
1289 3393 1447 3462 feci“
1468 3392 1489 3446 ’Ξ
1511 3392 1643 3448 Cum
1667 3402 1845 3448 autem
1870 3394 1947 3447 in—

370 3487 739 3541 credulitatem
764 3485 829 3539 ad
856 3485 1041 3556 plagas
1072 3485 1344 3541 addebat:
1374 3485 1502 3540 Sine
1525 3500 1684 3538 causa
1712 3486 1945 3554 percussi

368 3580 509 3650 filios
542 3589 738 3634 vestros
760 3594 779 3632 :
808 3577 1143 3643 disciplinam
1170 3593 1271 3631 non
1300 3578 1594 3647 accepistis.
1615 3576 1681 3632 Et
1705 3578 1897 3631 iterum
1926 3597 1938 3631 :

372 3668 515 3735 Quid
550 3668 721 3722 adhuc
762 3666 1132 3738 percutiamini
1168 3665 1416 3719 addentes
1460 3675 1675 3734 peccata
1704 3663 1790 3718 7'?
1833 3662 1947 3720 Hoc

372 3770 476 3824 est,
521 3775 619 3831 ego
662 3759 923 3814 evacnavi
968 3757 1151 3827 plagas
1184 3775 1197 3811 :
1228 3771 1323 3810 vos
1360 3768 1539 3810 autem
1580 3771 1686 3810 non
1720 3756 1946 3811 cessatis

374 3862 686 3922 peccantes.
734 3850 842 3906 Sed
887 3849 1025 3904 forte
1072 3848 1347 3918 simplices
1385 3847 1568 3917 plagas
1605 3848 1809 3916 putatis
1851 3856 1951 3902 :et

375 3944 551 4015 gladio
578 3942 848 3999 interfecti
876 3951 1022 4006 sunt,
1054 3942 1143 4011 qui
1175 3951 1337 4009 caput
1366 3942 1469 3996 sibi
1498 3937 1651 3993 vituli
1684 3938 1948 4007 fecerunt,

377 4046 436 4092 ut
458 4037 744 4091 adorarent
772 4054 785 4089 :
815 4046 871 4091 et
896 4035 1250 4091 nihilominus
1281 4033 1717 4101 indisciplinatus
1750 4034 1951 4087 mansit

380 4127 541 4185 Israel
570 4147 584 4183 :
610 4139 663 4183 et
687 4140 829 4183 terra
863 4127 1088 4181 miriﬁce
1108 4128 1359 4181 ostendat
1384 4125 1634 4196 aperiens
1658 4140 1719 4178 os
1747 4139 1903 4178 suum
1931 4137 1947 4177 :

382 4222 531 4277 vivos
559 4221 821 4291 quosdam
858 4218 1138 4274 absorbuit
1166 4233 1181 4271 :
1221 4226 1276 4271 et
1306 4218 1397 4286 qui
1430 4214 1602 4271 relicti
1634 4225 1782 4281 sunt,
1818 4216 1951 4269 ado-

383 4336 574 4389 rabant
618 4349 723 4388 non
771 4333 1035 4388 viventes.
1082 4330 1324 4387 Flamma
1365 4345 1458 4386 eos
1502 4330 1839 4401 consumpsit
1883 4343 1951 4384 ne

2034 1842 2194 1901 caput
2235 1831 2386 1887 vobis
2434 1833 2661 1898 fecistis,
2710 1850 2831 1889 cum
2881 1836 3215 1906 Beelphegor
3252 1840 3609 1909 vosmetipsos

2033 1924 2413 1991 consecrastis,
2443 1940 2563 1980 cum
2588 1924 2857 1981 flammam
2882 1928 3019 1996 ignis
3042 1929 3463 1998 contetnpsistis,
3486 1945 3607 1985 cum

2034 2017 2377 2085 sei-pentibus
2411 2016 2904 2083 interﬁciebamini,
2941 2037 3044 2074 non
3088 2021 3220 2076 estis
3253 2024 3397 2078 suasi
3426 2041 3439 2077 :
3487 2040 3610 2079 cum

2036 2117 2178 2162 terra
2228 2107 2618 2163 admirabiliter
2643 2125 2703 2164 os
2738 2125 2893 2165 suum
2937 2111 3182 2180 aperiens
3215 2111 3495 2168 absorbuit
3518 2129 3612 2170 vos

2035 2201 2298 2269 viventes,
2337 2216 2510 2272 neque
2552 2218 2649 2258 vos
2678 2207 2934 2260 cessastis
2964 2206 3030 2260 ab
3058 2206 3233 2272 idolis,
3263 2224 3436 2279 neque
3469 2209 3610 2265 Deus

2039 2295 2287 2359 recessit,
2322 2304 2379 2349 ut
2436 2311 2543 2350 non
2578 2298 2730 2352 vobis
2779 2297 2980 2353 faceret
3030 2298 3211 2367 bene;
3255 2311 3308 2356 et
3340 2303 3614 2359 habebatis

2037 2387 2329 2455 prophetas
2366 2387 2667 2441 vobiscum.
2715 2388 3161 2459 Comparavimus
3202 2394 3369 2462 igitur
3398 2394 3487 2446 illa
3533 2394 3614 2448 his

2038 2493 2157 2547 qua:
2191 2495 2294 2532 non
2328 2488 2454 2531 sunt
2481 2478 2621 2549 (71),
2653 2488 2708 2534 et
2756 2482 3206 2552 interrogavimus
3238 2502 3330 2542 eos
3355 2504 3452 2542 cur
3491 2501 3614 2543 tunc

2038 2584 2158 2623 eum
2186 2578 2331 2623 tanta
2358 2569 2548 2626 ﬁerent
2568 2586 2597 2624 a
2624 2571 2797 2637 vobis,
2820 2588 3010 2642 passus
3034 2574 3146 2646 (72)
3196 2587 3277 2633 est
3300 2580 3452 2635 vobis
3500 2578 3614 2651 (75)

2045 2658 2201 2727 Deus,
2220 2668 2273 2713 et
2294 2676 2434 2715 nunc
2450 2677 2569 2716 cum
2589 2660 2881 2717 Sabbatum
2898 2666 3180 2723 custoditis
3196 2677 3253 2724 ut
3270 2670 3615 2742 pollicemini,

2040 2760 2093 2805 et
2120 2751 2289 2822 legem
2322 2753 2519 2824 legitis,
2548 2765 2603 2811 et
2643 2756 2810 2812 libros
2854 2760 3261 2828 prophetarum,
3312 2778 3445 2834 quos
3476 2782 3614 2835 pra:-

2042 2853 2225 2898 sentes
2278 2845 2496 2913 quidem
2549 2846 2926 2915 interfecistis,
2979 2850 3147 2907 libros
3193 2863 3373 2909 autem
3423 2870 3613 2912 eorum

2042 2935 2325 3003 purpureis
2358 2936 2538 3005 palliis
2584 2937 2867 2996 honoratis
2895 2959 2908 2993 :
2944 2956 3063 3012 qua:
3096 2960 3259 3000 causa
3293 2957 3376 3003 est
3404 2957 3459 3002 ut
3494 2959 3616 3006 tunc

2044 3025 2259 3096 quidem
2293 3035 2439 3083 tanta
2473 3029 2627 3086 vobis
2663 3032 2987 3090 facientibus
3036 3037 3193 3104 mala,
3234 3048 3379 3094 tanta
3418 3041 3617 3098 ﬁebant

2046 3117 2099 3170 in
2133 3118 2286 3172 vobis
2323 3119 2417 3175 Dei
2451 3120 2608 3185 bona,
2640 3130 2699 3177 et
2738 3125 2958 3193 spiritus
2982 3126 3137 3182 vobis
3170 3127 3381 3198 aderat,
3410 3142 3463 3186 et
3499 3148 3617 3200 [ποι

2045 3208 2222 3276 pheta:
2253 3210 2529 3265 vobiscum
2560 3214 2753 3267 erant?
2780 3210 2933 3271 Nunc
2965 3227 3170 3284 autem,
3199 3234 3321 3275 cum
3363 3231 3415 3276 et
3445 3221 3619 3290 legem

2045 3300 2246 3370 legitis,
2270 3310 2324 3356 et
2354 3303 2557 3369 dicitis,
2585 3313 2639 3359 et
2661 3308 2965 3373 custoditis,
2994 3319 3047 3365 et
3078 3311 3371 3381 feriamini,
3403 3326 3458 3371 et
3488 3318 3620 3372 Sab-

2044 3393 2229 3448 batum
2270 3396 2591 3463 observatis,
2627 3406 2683 3451 et
2738 3401 2805 3454 ab
2838 3402 2977 3456 escis
3008 3417 3103 3457 vos
3145 3406 3465 3474 abstinetis;
3507 3412 3621 3466 sine

2046 3505 2208 3545 causa
2235 3490 2518 3557 laboratis,
2550 3499 2606 3548 et”
2630 3494 2883 3565 vigilatis,
2907 3511 3003 3566 per
3034 3509 3247 3555 noctem
3277 3503 3513 3571 psalmos
3542 3508 3621 3560 di-

2048 3591 2253 3647 centes,
2280 3592 2333 3638 et
2363 3598 2457 3654 per
2475 3584 2723 3640 civitates
2743 3595 2799 3639 et
2823 3589 3073 3643 nationes
3096 3604 3395 3662 synagogas
3422 3600 3615 3651 constio

2048 3675 2249 3740 tuistis,
2279 3686 2539 3733 etarcam
2572 3688 2627 3735 et
2655 3681 2974 3736 camlelabra
3002 3690 3057 3737 et
3087 3699 3327 3750 mensas,
3354 3699 3407 3742 et
3440 3692 3621 3743 omnia

2050 3766 2211 3821 vultis
2246 3765 2424 3822 facere
2454 3785 2597 3824 nunc
2622 3772 2794 3842 magis
2820 3787 2980 3841 quam
3018 3774 3070 3827 in
3098 3784 3238 3828 terra
3269 3779 3487 3833 vestra?
3515 3778 3620 3836 Cur

2053 3869 2177 3914 tunc
2206 3876 2326 3915 cum
2354 3871 2500 3916 tanta
2536 3864 2673 3917 mala
2704 3864 2983 3920 faciebatis
3009 3876 3187 3922 tantos
3210 3869 3487 3926 habebatis
3510 3889 3606 3941 pro

2052 3952 2262 4021 pbetas,
2292 3962 2348 4006 ct
2376 3952 2593 4025 Moysen
2618 3970 2775 4024 quem
2799 3956 3046 4011 voluistis
3070 3957 3328 4026 lapidare,
3352 3972 3407 4015 et
3438 3964 3619 4018 Aaron

2052 4043 2138 4098 cui
2171 4045 2278 4097 vim
2311 4046 2590 4115 irrogastis
2613 4065 2627 4101 :
2650 4064 2792 4103 nunc
2814 4058 2992 4104 autem
3015 4066 3137 4107 cum
3174 4052 3425 4109 videmini
3449 4067 3623 4110 custo-

2053 4133 2168 4188 dire
2197 4134 2386 4206 legem,
2410 4147 2464 4192 et
2481 4139 2657 4192 omnia
2685 4139 2865 4196 facere
2895 4152 2952 4197 ut
2975 4144 3288 4209 praedictum
3313 4156 3415 4212 est,
3445 4149 3623 4205 nullus

2054 4227 2329 4281 vobiscum
2353 4230 2616 4298 propheta
2635 4230 2758 4285 est?
2789 4229 2957 4287 Putas
2974 4234 3096 4302 quia
3122 4233 3376 4301 Romani,
3397 4240 3624 4308 compel-

2055 4315 2224 4372 limini
2254 4319 2398 4374 enim
2440 4321 2642 4386 dicere,
2688 4324 2812 4391 quia
2838 4326 2975 4379 citra
3014 4326 3344 4383 voluntatem
3399 4331 3489 4384 Dei
3537 4333 3625 4386 de-

384 4425 675 4481 adorarent
700 4424 862 4491 idola,
897 4432 951 4479 et
980 4421 1214 4478 comedit
1247 4420 1447 4477 multos
1488 4437 1502 4474 :
1539 4430 1595 4478 et
1635 4421 1728 4490 qui
1774 4420 1947 4474 relicti
1984 4433 2027 4487 D
2056 4424 2373 4467 struxerunt
2420 4424 2652 4469 vestram
2694 4416 3014 4472 civitatem?
3062 4418 3322 4488 Spiritum
3375 4434 3624 4478 sanctum

384 4526 528 4582 sunt,
557 4520 849 4573 adorarunt
874 4516 1167 4570 simulacra
1194 4514 1608 4570 dasrnoniorum.
1642 4515 1705 4569 lit
1738 4512 1812 4568 illi
1841 4513 1955 4582 qui-

386 4612 505 4666 dem
544 4611 1021 4675 consumebantur,
1066 4620 1126 4665 ut
1172 4624 1276 4665 non
1325 4608 1631 4673 adorarent,
1667 4616 1721 4661 at
1756 4606 1956 4661 nihilo-

388 4704 564 4759 minus
601 4703 899 4759 adorabant
943 4702 1075 4774 (70).
1119 4700 1226 4757 Nos
1273 4711 1453 4756 autem
1490 4699 1864 4756 consumimur
1897 4706 1956 4752 ut

387 4791 691 4856 adoremus,
724 4798 779 4845 et
824 4806 929 4846 non
983 4791 1297 4847 adoramus.
1352 4787 1466 4843 Non
1522 4789 1724 4859 quippe
1770 4798 1955 4843 nostra

387 4881 609 4946 virtute,
640 4882 735 4935 sed
767 4882 946 4937 crucis
980 4880 1239 4951 potentia.
1275 4880 1571 4948 Serpentes
1607 4894 1699 4935 eos
1742 4880 1960 4934 morde-

388 4971 544 5039 bant,
576 4983 633 5030 et
659 4974 902 5029 immisso
938 4989 1146 5029 veneno
1187 4973 1528 5035 occidebant,
1560 4981 1616 5027 et
1646 4986 1743 5035 per
1771 4986 1960 5027 omnes

2058 4504 2179 4574 quis
2218 4503 2439 4559 abstulit
2480 4522 2507 4559 a
2544 4505 2729 4561 vobis?
2760 4507 2861 4564 Ubi
2893 4524 3034 4565 nunc
3065 4512 3204 4579 apud
3238 4527 3334 4569 vos
3366 4516 3627 4585 propheta

2062 4595 2177 4653 est?
2205 4597 2345 4652 Dicit
2386 4599 2525 4654 Deus
2551 4600 2604 4655 in
2639 4602 2887 4658 Ezechiel
2918 4605 3177 4674 propheta
3207 4622 3221 4659 ς
3266 4606 3501 4677 Populus
3534 4612 3626 4664 istc

2061 4693 2290 4760 peccauit
2326 4691 2383 4745 in
2430 4708 2530 4757 me,
2572 4703 2618 4747 et
2657 4695 2777 4748 misi
2802 4711 2889 4748 eos
2927 4696 2996 4749 ad
3035 4698 3387 4765 captivitatem
3422 4699 3488 4755 ⁷³.
3527 4699 3627 4754 Sed

2063 4800 2167 4839 non
2190 4784 2291 4839 ista
2314 4793 2632 4851 metuentes,
2655 4786 2843 4856 inquit,
2863 4788 2929 4841 ad
2955 4798 3143 4856 gentes
3168 4791 3489 4846 audiebant:
3520 4792 3628 4846 Iste

2065 4888 2142 4933 est
2169 4877 2392 4948 populus
2430 4877 2524 4933 Dei
2564 4889 2609 4932 et
2642 4890 2780 4933 terra
2814 4878 2908 4934 Dei
2932 4880 2999 4933 ⁷⁸.
3040 4882 3106 4935 Ει
3140 4884 3389 4949 educam,
3431 4885 3624 4953 inquit,

2067 4981 2286 5041 propter
2308 4985 2505 5026 nomen
2528 4986 2726 5037 meum,
2754 4981 2808 5026 et
2831 4972 3084 5029 reducam
3114 4988 3227 5039 eos,
3251 4985 3307 5029 et
3331 4977 3493 5031 dicito
3515 4979 3591 5033 eis
3615 4994 3628 5033 :

464 5111 511 5143 ⁶⁹
543 5110 646 5167 lsa.
675 5126 731 5177 v,
755 5110 810 5164 4.
882 5111 929 5144 ¹⁰
963 5108 1358 5174 Jerem.tt,30.
1394 5108 1440 5141 “
1483 5108 1584 5163 lsa.
1611 5124 1663 5172 v,
1686 5108 1740 5162 4.
1818 5109 1863 5139 τ’
1902 5107 2066 5174 lsa.t,
2093 5108 2145 5163 5.
2222 5106 2487 5163 "Ezech.
2516 5121 2700 5171 xxxvr,
2748 5108 2833 5159 19.
2912 5107 2958 5136 7‘
2999 5107 3126 5189 ibid.
3157 5108 3248 5163 ΞΟ.

467 5230 577 5301 (66)
613 5230 953 5285 Incedantur.
980 5229 1144 5284 Forte
1172 5228 1478 5283 incidantur
1525 5227 1642 5293 (aut
1666 5229 1953 5283 incendan-

395 5312 503 5364 tur,
544 5312 589 5354 et
618 5306 851 5365 ardeant,
881 5311 927 5355 et
957 5301 1238 5365 nudentur,
1264 5309 1369 5353 etc.

466 5372 582 5443 (67)
626 5371 1077 5443 interﬁciendum.
1107 5369 1210 5443 Pro
1240 5368 1651 5443 interfectorum.

466 5438 580 5514 (68)
624 5438 968 5496 Excusamus.
1008 5441 1117 5514 Viox
1142 5440 1420 5514 interpreti
1448 5451 1629 5514 nostro
1652 5438 1954 5514 familiaris,

436 5508 495 5570 ro
521 5508 585 5568 eo
604 5514 744 5581 quod
767 5522 852 5567 est
876 5513 1169 5581 repudiare,
1199 5511 1427 5581 rejicerc.
1456 5508 1546 5563 Sic
1567 5525 1749 5577 supra,
1775 5509 1864 5563 lib.
1892 5525 1954 5563 lt.

436 5531 495 5570 1⁵0
521 5530 585 5568 e0
604 5530 744 5581 quoa
767 5530 852 5567 881.
876 5530 1169 5581 repudiare,
1199 5530 1427 5578 τεμεεῐε.
1456 5530 1546 5563 DIC
1567 5530 1749 5577 supra,
1776 5530 1864 5563 ιιυ.
1892 5530 1954 5563 llo

393 5530 475 5642 Bc
503 5586 606 5639 llde
634 5585 753 5637 adv.
778 5583 979 5638 Sabell.
1010 5583 1110 5635 sub
1128 5581 1218 5635 ﬁn.
1239 5598 1250 5632 :
1271 5577 1510 5633 Contenti
1532 5583 1694 5633 simus
1722 5581 1957 5640 veritate,

396 5671 700 5711 excusemus
732 5653 877 5716 lites;
907 5664 963 5708 et
984 5652 1076 5707 lib.
1106 5667 1143 5705 ι.
1173 5651 1246 5706 De
1284 5665 1483 5704 resurr.
1527 5653 1667 5706 circa
1701 5650 1872 5704 med.:
1902 5648 1961 5703 Si

399 5729 522 5784 tatis
546 5736 677 5781 esset
704 5724 1037 5791 resurrectio,
1063 5736 1427 5777 excusarcmus
1454 5723 1632 5791 utique
1658 5734 1962 5787 resurgere;

2063 5234 2124 5307 et.
2159 5225 2296 5307 infra
2324 5243 2342 5279 :
2369 5223 2569 5281 Factus
2598 5241 2651 5279 es
2695 5223 2977 5293 perfectus,
3028 5225 3285 5291 [armatus
3324 5241 3399 5292 es,
3446 5238 3635 5280 excusa

2061 5294 2215 5357 illud,
2241 5310 2346 5350 etc.

2133 5368 2246 5421 (69)
2279 5365 2535 5420 Ecclesia.
2566 5365 2730 5420 Forte
2773 5365 3037 5421 Ecclesitz.

2156 5368 2223 5421 69
2279 5368 2535 5420 Ecclesia.
2566 5368 2730 5420 Forte
2773 5368 3037 5421 Ecclesite.

2133 5368 2247 5509 (70)
2288 5436 2385 5509 Ms.
2434 5436 2505 5509 Et
2529 5436 2865 5490 nihilominus
2896 5438 3210 5491 adorabant.

2136 5506 2250 5577 (71)
2288 5506 2429 5577 (γαπ.
2446 5506 2627 5577 _Forte
2658 5523 2816 5561 nunc.

2139 5575 2250 5648 (7'3)
2293 5575 2391 5630 Ms.
2422 5575 2630 5653 fassus
2656 5588 2731 5631 est
2771 5594 2803 5632 a
2850 5578 2994 5635 nobis
3032 5576 3192 5635 Deus.
3224 5579 3477 5638 Fortasse
3512 5594 3612 5653 pas

2070 5646 2156 5704 sus
2183 5646 2257 5700 est
2294 5664 2324 5699 a
2352 5646 2509 5701 vobis.
3034 5664 3039 5669 '

2147 5718 2259 5785 (73)
2315 5714 2489 5775 Vobis.
2516 5716 2677 5777 Forte
2706 5738 2809 5779 ros.
