4050 6206
522 209 660 264 1105

1217 205 1481 262 EUSEBII
1512 204 1986 262 CA‘JSARIENSIS
2024 204 2175 262 OPP.
2219 204 2395 260 PAltS
2446 204 2534 260 IV.
2570 232 2637 244 —
2666 202 3079 261 DOGMATICA.

3602 211 3751 267 1104

526 327 647 381 Non
675 336 883 397 propter
905 342 991 380 vos
1022 327 1184 394 facio,
1206 335 1390 379 damur
1416 326 1603 390 lsrael,
1626 329 1717 380 sed
1746 335 1955 395 propter
1984 342 2079 379 no-
2109 331 2149 383 A
2181 324 2360 395 pulum
2394 339 2488 395 per
2517 324 2666 394 signa
2700 340 2803 378 non
2858 323 3047 390 suasit,
3092 321 3249 379 Jesus
3281 335 3461 381 autem
3486 341 3585 396 per
3619 344 3753 383 cru-

522 436 635 473 men
664 433 832 471 meum
861 418 927 470 ⁷⁸.
962 416 1052 470 Ille
1085 416 1221 470 Deus
1250 416 1340 486 qui
1368 417 1502 471 dixit
1542 425 1690 482 tunc,
1716 413 1833 470 Non
1861 427 2077 486 propter

524 524 616 564 vos
649 507 810 572 facio,
844 508 936 562 sed
969 515 1188 577 propter
1226 522 1419 562 nomen
1452 522 1649 569 meum,
1687 521 1827 561 nunc
1853 508 2079 564 audiens

523 614 615 653 vos
663 600 921 663 dicentes,
971 598 1095 669 quia
1143 598 1393 667 religiose
1437 598 1661 653 fecimus
1715 598 2077 668 cruciﬁgeudo

520 690 817 753 Christum,
838 700 891 743 et
919 687 1029 743 sint
1058 688 1130 742 illi
1160 688 1301 759 digni
1327 699 1544 759 propter
1561 690 1710 759 prius
1729 690 2075 759 opprobrium

521 783 755 856 gentium
787 782 928 837 dicat
954 790 1011 835 ut
1039 781 1171 836 dixit
1200 797 1212 833 :
1245 792 1297 835 et
1320 798 1479 849 nunc,
1507 782 1550 836 si
1593 792 1771 836 tamen
1813 783 2077 853 permittit

521 886 754 930 vestrum
797 884 1098 943 peccatum,
1144 875 1195 928 in
1241 890 1402 928 unum
1446 890 1551 928 non
1594 884 1813 945 propter
1857 875 2075 930 domum

520 963 681 1020 lsrael
728 964 886 1029 facio,
937 964 1028 1019 sed
1078 975 1295 1033 propter
1330 978 1523 1018 nomen
1562 978 1787 1018 meum:
1830 975 1885 1018 et
1928 972 2076 1018 certe

521 1062 739 1125 propter
767 1069 957 1108 nomen
1000 1069 1153 1107 suum
1201 1067 1343 1108 nunc
1382 1068 1476 1108 vos
1516 1068 1618 1108 non
1665 1054 1890 1108 reducit.
1926 1054 2075 1109 Sicut

519 1146 663 1200 enim
690 1154 815 1200 tunc
841 1154 1058 1214 propter
1088 1160 1277 1199 nomen
1306 1161 1461 1199 suum
1494 1145 1763 1199 revocavit
1788 1159 1803 1199 :
1837 1145 1907 1198 ita
1935 1160 2077 1199 nunc

515 1246 736 1307 propter
765 1253 955 1292 nomen
988 1252 1144 1291 suum
1172 1252 1265 1291 vos
1292 1251 1396 1291 non
1425 1246 1660 1291 revocat.
1693 1235 1749 1289 Si
1776 1237 1919 1289 enim
1946 1250 2073 1305 pro-

518 1338 638 1396 pter
669 1343 859 1382 nomen
885 1344 1033 1381 suum
1067 1326 1197 1381 facit
1218 1327 1357 1396 quod
1396 1342 1499 1379 non
1533 1326 1676 1389 facit,
1704 1326 1860 1380 debet
1888 1338 1943 1379 et
1970 1342 2072 1380 non

515 1420 828 1489 permittere
878 1420 989 1473 fieri
1044 1434 1103 1473 ea
1158 1434 1275 1487 quae
1324 1418 1573 1489 praedixit
1621 1417 1891 1483 Salvator,
1950 1434 2070 1472 cum

518 1511 864 1567 ostenderent
892 1512 937 1566 ei
982 1510 1181 1578 lapides
1214 1511 1416 1580 templi,
1457 1510 1580 1580 quia
1618 1526 1718 1563 non
1752 1510 2074 1580 relinquetur

516 1601 650 1669 lapis
682 1619 835 1670 super
864 1601 1109 1670 lapidem,
1148 1600 1237 1671 qui
1277 1617 1377 1654 non
1410 1602 1706 1654 destruatur
1730 1609 1778 1641 ⁷⁸
1810 1619 1826 1657 :
1858 1610 1913 1655 et
1950 1617 2071 1654 cum

2179 433 2316 483 cem,
2346 434 2441 487 per
2470 417 2801 484 scandalum,
2830 427 3006 472 etnon
3041 430 3134 486 per
3160 418 3309 487 signa
3346 429 3438 475 aut
3474 422 3750 491 prodigia,

2179 512 2436 571 mundum
2474 510 2746 567 transtulit
2776 512 2842 564 ad
2887 510 2977 565 Dei
3017 509 3281 564 culturam
3326 530 3341 564 :
3398 512 3613 583 Moyses
3663 514 3752 567 lu-

2178 616 2337 657 cerna
2381 616 2449 657 ne
2486 601 2702 671 quidem
2750 600 2842 655 uni
2873 600 3052 655 domui
3096 599 3332 668 sulIicit,
3368 600 3527 658 Iesus
3564 615 3752 660 autem

2179 694 2258 748 sol
2293 694 2537 764 iustitiae,
2583 694 2627 750 si
2665 708 2767 749 non
2805 694 2968 763 fulget
3009 695 3237 750 mundus
3290 705 3344 751 et
3392 697 3753 765 illuminatur,

2178 800 2282 839 non
2314 785 2385 840 sit
2418 785 2522 842 sol.
2555 786 2628 839 Ex
2666 785 2893 855 negotiis
2927 785 3070 840 enim
3092 796 3142 841 et
3175 789 3604 857 nuncupatioues
3620 804 3753 847 sunt

2176 877 2516 947 accipiendae.
2539 878 2594 932 Si
2626 878 2955 932 illuminatur
2997 880 3250 944 mundus,
3277 879 3596 950 soljustitiaa
3618 892 3708 940 est
3738 906 3749 939 :

2177 968 2264 1022 ubi
2292 967 2434 1022 enim
2459 968 2736 1038 prtecurrit
2761 983 2918 1038 opus,
2958 968 3211 1039 adjuncta
3258 970 3328 1023 sit
3365 978 3419 1024 et
3462 986 3753 1043 nuncupa-

2178 1061 2268 1115 tio.
2309 1060 2516 1131 Moyses
2572 1060 2790 1117 lucerna
2845 1076 3014 1130 quare
3059 1061 3235 1116 dictus
3260 1070 3378 1126 ~est,
3420 1064 3506 1132 qui
3568 1079 3753 1133 neque

2175 1150 2432 1205 fratribus
2461 1150 2573 1205 suis
2600 1160 2656 1205 et
2679 1150 2927 1219 cognatis
2962 1149 3140 1204 lucere
3189 1149 3361 1205 valuit
3396 1152 3417 1205 .’
3461 1151 3749 1220 Siquidem

2175 1243 2240 1295 ad
2277 1243 2409 1297 lines
2439 1242 2551 1313 (77)
2580 1242 2696 1312 ejus
2724 1242 2831 1311 igni
2860 1242 3165 1309 consumpti
3193 1254 3320 1296 sunt
3348 1244 3445 1297 sub
3478 1245 3561 1300 illo
3600 1259 3749 1314 pec-

2174 1340 2359 1387 cantes
2388 1372 2403 1397 ,
2464 1342 2518 1387 et
2566 1333 2745 1386 Aaron
2774 1347 2867 1400 per
2912 1344 2974 1386 os
3006 1313 3171 1399 ipsius
3220 1331 3387 1403 Moysi
3432 1313 3749 1405 obiurgatus

2172 1433 2293 1486 est,
2322 1433 2375 1477 et
2400 1432 2617 1492 propter
2652 1423 2824 1495 ipsum
2870 1422 3091 1493 Moysen
3118 1423 3434 1493 objurgatus
3460 1439 3490 1477 a
3519 1424 3621 1480 Deo
3645 1435 3743 1482 est

2175 1516 2374 1569 Aaron.
2408 1513 2508 1580 Qui
2546 1522 2747 1567 norunt
2798 1512 3109 1579 Scripturas
3153 1512 3335 1567 sciunt
3386 1529 3507 1583 quae
3553 1515 3745 1569 dicun-

2181 1614 2286 1658 tur.
2322 1603 2541 1674 Moysen
2571 1604 2873 1672 producunt
2894 1602 3035 1670 quod
3060 1602 3310 1672 jurgatus
3353 1617 3382 1656 a
3422 1601 3529 1657 Deo
3559 1612 3661 1669 est,
3691 1615 3750 1658 et

516 1668 1118 1756 defleretliicrusalcm,
1154 1668 1209 1745 et
1246 1691 1557 1760 praediceret
1605 1691 1727 1760 quia
1772 1691 2074 1745 circumda-
2109 1668 2147 1721 Β
2179 1668 2783 1764 ῆιιειηῙιίειυηιήιιεὺυίι
2814 1668 2957 1747 vitae.
2994 1668 3098 1747 Sed
3128 1668 3223 1747 nos
3253 1693 3626 1762 compellimur
3662 1696 3751 1748 di-

519 1784 645 1838 bunt
676 1799 791 1837 eam
825 1785 1049 1847 inimici,
1082 1794 1134 1838 et
1167 1784 1442 1838 destruent
1482 1798 1599 1838 eam
1631 1801 1644 1848 ;
1687 1794 1742 1838 et
1781 1799 1900 1836 cum
1933 1782 2077 1836 dice-

517 1888 599 1933 ret
629 1878 834 1932 liliabus
864 1876 1026 1932 lsrael
1055 1894 1069 1929 :
1116 1875 1266 1931 Filia:
1309 1875 1497 1939 lsrael,
1527 1875 1684 1929 nolite
1725 1874 1931 1943 plorare
1973 1892 2073 1941 me,

519 1971 605 2024 sed
621 1970 850 2040 plangite
874 1987 955 2023 vos
975 1979 1023 2023 et
1056 1969 1193 2036 ﬁlios
1229 1980 1417 2022 vestros
1441 1980 1459 2019 :
1487 1969 1682 2020 venient
1704 1970 1862 2033 enim,
1883 1967 2073 2037 inquit,

519 2062 623 2116 dies
649 2079 765 2115 eum
797 2062 1069 2129 patiemini
1092 2077 1153 2114 ea
1194 2076 1309 2128 (μιαί
1338 2074 1505 2127 passa:
1536 2070 1652 2111 sunt
1681 2060 1746 2115 ⁷⁷.
1787 2057 1881 2113 His
1910 2057 2075 2112 semel

518 2162 568 2207 et
594 2154 674 2207 bis
702 2163 757 2207 et
784 2152 942 2206 tertio
966 2167 995 2205 ε
1020 2150 1301 2206 Salvatorc
1319 2149 1611 2221 praedictis,
1634 2148 1679 2203 si
1713 2148 1939 2203 mendax
1971 2157 2072 2215 est,

518 2244 629 2298 etsi
652 2254 836 2298 contra
864 2243 1030 2313 legem
1067 2241 1291 2304 faciens,
1328 2244 1371 2296 si
1402 2240 1752 2296 defendentes
1787 2240 1956 2309 legem
1983 2256 2075 2295 oc-

518 2335 932 2405 cideruntquem
956 2334 1297 2401 occiderunt;
1327 2334 1542 2389 deberet
1568 2334 1705 2388 Deus
1736 2340 1791 2387 ut
1825 2341 2074 2402 argueret

516 2429 925 2499 praedicationes
952 2427 1256 2491 mendaces,
1290 2427 1398 2497 pati
1427 2426 1543 2481 illos
1573 2426 1735 2481 etiam
1771 2442 1913 2481 nunc
1944 2441 2072 2495 pec-

516 2529 725 2583 cantes,
756 2531 812 2573 ut
847 2530 899 2575 et
937 2530 1090 2574 antea
1122 2532 1312 2588 passus
1349 2526 1450 2573 est.
1492 2519 1547 2573 Si
1599 2528 1776 2573 autem
1823 2517 2075 2573 Salvator

515 2612 727 2681 quidem
758 2609 1028 2679 praedixit,
1062 2609 1224 2662 Pater
1249 2616 1427 2663 autem
1457 2609 1681 2664 audiens
1708 2608 2070 2676 conﬁrmavit,

514 2712 566 2756 et
598 2716 762 2773 Opera
790 2709 1081 2767 testantur,
1128 2700 1516 2769 praedicatione
1563 2701 1853 2770 dupliciter
1894 2701 2073 2755 convi-

514 2803 634 2848 ctus
661 2802 744 2848 est
778 2791 961 2847 lsrael.
990 2789 1123 2858 Quia
1158 2790 1323 2861 igitur
1366 2800 1591 2859 apparet
1635 2791 1907 2861 correptio
1953 2804 2073 2859 qua:

513 2901 609 2956 per
654 2899 871 2939 crucem
928 2883 1068 2937 laeta
1116 2883 1167 2935 in
1207 2883 1404 2935 mundo
1443 2880 1665 2947 ell‘ulsit,
1719 2882 2071 2951 interrogavi-

2177 1800 2299 1841 cere
2332 1787 2615 1839 adversum
2647 1793 2866 1838 sanctos
2894 1798 3029 1852 quos
3052 1784 3301 1854 cupimus
3326 1784 3611 1839 honorare.
3639 1784 3745 1841 Sed

2178 1892 2281 1931 non
2331 1876 2562 1930 dicimus
2631 1875 2893 1928 adversus
2944 1873 3186 1943 Moysen,
3233 1877 3328 1931 sed
3374 1891 3435 1929 ea
3478 1874 3745 1945 loquimur

2175 1983 2293 2038 qum
2338 1967 2486 2021 vult:
2515 1967 2628 2037 ipse
2653 1966 2784 2021 dicit
2812 1965 3041 2037 Moyses.
3067 1965 3198 2020 Nam
3226 1977 3282 2022 et
3307 1967 3351 2021 si
3376 1970 3745 2038 compellimur

2176 2062 2375 2128 dicere,
2416 2060 2645 2116 dicimus
2682 2060 2802 2113 ideo
2838 2070 2895 2112 ut
2926 2060 3367 2116 commendemus
3398 2076 3461 2116 ea
3485 2077 3603 2131 quae
3630 2062 3742 2131 ipse

2177 2153 2381 2224 Moyses
2429 2150 2495 2206 de
2537 2149 2758 2205 Christo
2815 2148 3024 2204 locutus
3074 2159 3181 2204 est.
3232 2149 3372 2220 Ergo
3414 2151 3547 2206 falso
3571 2149 3742 2206 Judaei

2175 2244 2391 2316 Moysen
2419 2243 2678 2297 adversus
2706 2240 2924 2314 Moysen
2961 2242 3160 2313 legunt.
3190 2242 3450 2313 Legentes
3480 2244 3623 2298 enim
3652 2244 3741 2296 di-

2174 2343 2322 2400 cunt,
2358 2335 2481 2405 quia
2516 2332 2653 2388 nihil
2690 2334 2802 2387 veri
2860 2332 3114 2402 loquitur.
3164 2331 3274 2387 Nos
3304 2345 3477 2388 autem
3517 2333 3739 2406 Moysen

2173 2440 2271 2496 pro
2300 2423 2481 2493 Moyse
2505 2424 2751 2491 legimus.
2788 2423 2854 2476 Et
2883 2424 3008 2493 quid
3033 2424 3401 2478 contendimus
3425 2424 3490 2478 ad
3515 2424 3735 2481 «Ιυάεευε

2175 2528 2301 2570 vere
2337 2514 2551 2568 adicere
2577 2513 2687 2585 (78)
2711 2529 2829 2584 quae
2861 2515 2997 2583 apud
3027 2513 3244 2569 Judteos
3273 2515 3552 2580 habentur,
3580 2532 3736 2585 quaa-

2173 2620 2278 2676 que
2318 2606 2471 2660 nobis
2517 2604 2873 2660 concedunt?
2927 2606 2998 2661 At
3046 2607 3183 2661 idem
3231 2604 3392 2661 Judaei
3434 2609 3738 2664 concedant

2175 2697 2329 2752 nobis
2359 2698 2484 2769 quia
2512 2695 2723 2767 Moyses
2742 2712 2866 2753 vera
2902 2697 3110 2753 locutus
3138 2708 3239 2765 est,
3269 2708 3322 2754 et
3351 2699 3523 2755 nullus
3546 2716 3577 2755 e
3605 2718 3739 2769 pro-

2171 2789 2350 2859 phetis
2380 2790 2641 2844 mentitus
2676 2799 2783 2853 est,
2832 2806 3006 2860 neque
3052 2792 3192 2847 Deus
3242 2792 3455 2847 horum.
3503 2793 3744 2849 Dicimus

2170 2880 2313 2957 enim
2346 2880 2467 2951 quia
2501 2895 2688 2935 omnes
2716 2881 3099 2950 promissiones
3136 2882 3253 2949 Dei,
3293 2899 3414 2953 quae
3450 2898 3545 2954 per
3568 2882 3739 2953 legem

514 2993 632 3034 uins
658 2992 771 3042 eos,
800 2990 957 3045 quem
986 2974 1151 3028 vultis
1189 2989 1309 3029 esse
1348 2973 1530 3029 Jesum
1567 2972 1590 3027 l
1636 2974 1907 3028 hominem
1940 2988 2067 3043 pee-
2097 3006 2139 3064 ο
2173 2972 2326 3027 factae.
2353 2980 2481 3027 sunt
2513 2982 2565 3027 et
2607 2988 2702 3043 per
2749 2973 3054 3044 prophetas,
3096 2974 3328 3043 impletas
3370 2986 3495 3030 sunt
3540 2978 3593 3030 in
3646 2978 3739 3030 ad-

514 3081 749 3123 catorcm
778 3077 832 3120 et
853 3074 1043 3120 contra
1073 3067 1238 3134 legem
1264 3064 1595 3119 facientem?
1627 3063 1765 3135 Ergo
1787 3065 2070 3134 producite

515 3156 938 3226 vestrosjnstos,
967 3167 1020 3208 et
1050 3154 1142 3208 llat
1169 3154 1522 3223 comparatio.
1551 3154 1704 3207 Absit
1743 3164 1799 3207 ut
1845 3171 1872 3206 a
1916 3154 2072 3210 nobis

514 3247 708 3312 servis,
739 3248 802 3299 ad
831 3245 1110 3299 Dominum
1142 3245 1156 3298 l
1187 3243 1321 3311 Quia
1360 3254 1540 3324 autem
1564 3245 1629 3298 ad
1661 3242 1873 3299 Judazos
1904 3244 2072 3314 loqui-

513 3358 653 3405 mur,
684 3349 896 3409 Oportet
948 3354 1042 3394 aos
1087 3338 1385 3395 inlantiarl.
1429 3336 1818 3407 Comparemus
1864 3338 1916 3392 in
1957 3337 2068 3410 (74)

513 3433 686 3502 signa,
719 3441 773 3484 et
801 3444 1139 3499 opponamus
1191 3429 1435 3484 lucernas
1484 3428 1665 3500 plures
1702 3428 1800 3484 soli
1852 3445 1976 3490 uno.
2018 3438 2073 3485 et

512 3527 752 3580 dicamus
777 3523 974 3578 Judaais
1000 3539 1013 3575 :
1035 3521 1203 3587 Quem
1231 3522 1393 3576 vultis
1415 3520 1596 3577 Jcsum
1626 3521 1781 3577 esse?
1807 3531 1865 3576 ut
1892 3523 2067 3576 Abra-

513 3617 685 3672 ham?
717 3616 993 3672 Ostendite
1042 3630 1173 3683 ergo
1227 3630 1385 3683 quem
1425 3615 1595 3669 suasit
1639 3614 1936 3679 Abraham,
1984 3614 2068 3668 vel

513 3725 673 3765 unum
717 3708 862 3774 licet,
920 3709 988 3763 ab
1030 3707 1328 3762 idololatria
1365 3708 1432 3759 ad
1483 3706 1929 3776 religiositatem:
1974 3716 2068 3761 aut

512 3817 615 3855 non
648 3801 751 3857 hoc
777 3802 1006 3870 primum
1048 3809 1102 3855 et
1140 3800 1191 3853 iu
1225 3808 1403 3852 vestra
1443 3798 1560 3869 lege
1610 3799 1919 3852 mandatum
1964 3809 2063 3851 est.

511 3893 617 3949 Sed
655 3892 806 3947 Isaac
834 3891 1235 3961 comparabitur
1274 3891 1349 3945 rei
1386 3890 1496 3961 (75)
1531 3889 1662 3958 ipse,
1706 3898 1759 3943 et
1801 3888 1869 3943 de
1916 3889 2067 3944 Isaac

509 3988 617 4041 erit
642 4001 839 4041 sermo.
898 3985 1065 4050 Quem
1112 3985 1282 4039 suasit
1321 3985 1510 4039 Isaac?
1547 3984 1650 4039 Sed
1691 3984 1879 4051 Jacob,
1914 3986 2067 4055 cujus

509 4088 564 4130 et
598 4092 754 4132 socer
790 4076 843 4129 in
872 4075 1173 4129 idololatria
1225 4075 1567 4145 permansit?
1599 4074 1705 4130 Sed
1744 4077 1931 4147 Moysi,
1975 4078 2065 4146 qui

509 4184 615 4222 non
638 4168 810 4236 potuit
834 4180 929 4235 per
958 4165 1119 4218 multa
1148 4164 1300 4235 signa
1323 4173 1377 4219 et
1408 4165 1647 4235 prodigia
1677 4166 1816 4219 ﬁlios
1836 4166 2065 4222 Abrabte

508 4261 573 4314 ad
619 4258 882 4313 culturam
932 4257 1163 4312 Abrahae
1209 4254 1549 4310 transferre?
1597 4257 1688 4325 qui
1743 4271 1846 4311 non
1896 4259 2067 4327 potuit

2177 3074 2335 3118 ventu
2369 3064 2578 3120 Domini
2607 3066 2831 3129 Christi,
2890 3074 2942 3119 et
2980 3068 3156 3120 adhuc
3204 3081 3375 3136 usque
3427 3066 3735 3136 implentur.

2172 3154 2286 3210 Hoc
2320 3164 2404 3210 est
2434 3156 2702 3212 honorare
2744 3157 2916 3212 libros
2949 3159 3360 3228 prophetarum,
3400 3173 3505 3213 non
3536 3174 3737 3229 purpu-

2174 3250 2283 3305 reis
2312 3250 2474 3321 pallis
2511 3266 2542 3305 a
2581 3251 2733 3317 foris,
2762 3253 2854 3308 sed
2902 3253 3048 3306 illum
3080 3254 3171 3323 qui
3230 3254 3375 3308 intus
3418 3255 3739 3323 praedicatur

2171 3356 2483 3412 agnoscere.
2530 3343 2647 3398 Non
2698 3354 2780 3398 est
2823 3345 3082 3402 mentitus
3135 3345 3345 3417 Moyses
3399 3362 3497 3417 pro
3537 3345 3734 3413 nobis;

2169 3448 2305 3504 opus
2328 3433 2471 3488 enim
2515 3436 2685 3504 ipsum
2721 3436 2769 3489 ei
2815 3436 3178 3491 testimonium
3214 3450 3457 3506 praestat.
3505 3438 3614 3493 Non
3645 3452 3734 3495 est

2192 3529 2446 3582 mentitus
2482 3525 2691 3597 Moyses
2718 3527 2977 3582 adversus
3004 3528 3165 3583 lsrael
3196 3546 3210 3594 ;
3265 3531 3543 3599 captivitas
3584 3532 3721 3586 enim

2181 3631 2367 3671 eorum
2393 3627 2446 3671 et
2475 3617 2774 3670 humiliatio
2807 3627 3058 3676 testatur.
3085 3619 3193 3673 Non
3225 3631 3351 3675 sunt
3382 3623 3589 3677 mentiti
3614 3640 3729 3693 pru-

2170 3711 2352 3780 pheta:
2400 3710 2735 3764 vocationem
2793 3712 3029 3780 gentiqu
3091 3712 3489 3779 praedic-entes;
3563 3713 3733 3767 vocati

2166 3802 2313 3857 enim
2356 3811 2483 3856 sunt
2528 3813 2584 3856 ut
2615 3802 2825 3857 videtis.
2859 3800 2974 3857 Non
3019 3812 3142 3858 sunt
3181 3805 3393 3858 mentiti
3441 3803 3738 3874 prophetae.

2166 3893 2369 3946 exitum
2398 3901 2452 3947 et
2485 3892 2839 3961 abjectionem
2868 3892 3033 3946 lsrael
3073 3894 3481 3961 prophetantes.
3541 3892 3599 3946 Si
3640 3909 3739 3946 au-

2168 3992 2272 4036 tem
2306 3997 2585 4038 sermones
2618 3976 2860 4052 prz'edicti
2905 3993 3052 4044 sunt,
3084 3992 3139 4037 et
3185 3982 3398 4052 negotia
3446 3993 3741 4050 testantur,

2166 4075 2292 4143 quid
2316 4075 2492 4129 adhuc
2529 4075 2806 4143 impudens
2832 4072 3357 4143 lsrael?aliquaudo
3394 4074 3609 4144 quidem
3664 4075 3743 4129 ad

2166 4166 2329 4230 dicta,
2382 4181 2525 4220 nunc
2562 4175 2741 4219 autem
2795 4176 2848 4219 et
2886 4166 2955 4218 ad
3011 4166 3124 4234 ipsa
3173 4167 3404 4235 negotia.
3453 4166 3735 4234 Scriptum

2166 4268 2271 4323 est,
2313 4268 2368 4313 et
2395 4258 2715 4328 promissum
2753 4258 2806 4311 in
2852 4257 2966 4327 lege
3005 4267 3124 4322 est,
3167 4258 3292 4327 quia
3324 4258 3367 4313 si
3412 4256 3609 4311 fuerint
3633 4260 3736 4326 qui

509 4351 736 4405 suadere
788 4362 974 4404 socero
1033 4348 1173 4404 suo?
1211 4347 1397 4401 Nonne
1426 4363 1573 4402 mare
1600 4348 1965 4412 scindebatur,
2011 4358 2067 4404 et
2100 4347 2141 4401 D
2170 4352 2400 4421 dispersi
2444 4359 2569 4406 sunt
2597 4364 2627 4404 e
2666 4350 2864 4419 populo
2914 4353 2980 4404 ad
3031 4350 3166 4406 lines
3218 4362 3380 4419 usque
3427 4349 3639 4410 mundi,
3672 4360 3735 4404 et

510 4443 702 4496 iterum
730 4438 1098 4509 copulabatur,
1128 4448 1184 4492 et
1217 4452 1411 4492 manna
1444 4438 1509 4492 ad
1546 4438 1715 4493 vicem
1754 4438 1940 4494 imbris
1975 4440 2068 4493 de-

509 4533 824 4598 ducebatur,
851 4541 904 4586 et
942 4541 1106 4603 petras
1142 4546 1209 4585 ex
1252 4530 1375 4585 imis
1422 4530 1743 4585 emittebant
1794 4546 1982 4600 aquas,
2013 4541 2068 4587 et

508 4626 684 4680 omnis
729 4634 923 4678 natura
976 4622 1403 4678 transferebatur
1439 4636 1536 4692 per
1563 4622 1733 4693 signa,
1762 4634 1817 4679 et
1844 4624 2068 4693 populus

510 4717 761 4771 manebat
793 4718 844 4771 iu
874 4716 1174 4771 idololatria
1206 4716 1230 4769 ?
1278 4714 1417 4781 Quid
1458 4716 1626 4770 valuit
1664 4712 1878 4771 lucern'a
1919 4716 2067 4789 Moy-

509 4824 598 4865 ses
617 4810 641 4863 ‘.'
663 4807 787 4863 ldeo
816 4808 952 4862 bene
976 4807 1103 4863 dicit
1150 4806 1407 4861 Dominus
1435 4824 1449 4860 :
1495 4805 1679 4860 Nolite
1719 4806 1966 4876 judicare
1995 4808 2065 4862 ad

508 4900 715 4966 faciem,
748 4898 838 4953 sed
863 4897 1065 4967 justum
1109 4897 1362 4965 iudicium
1388 4896 1620 4963 iudicate
1642 4895 1726 4950 ἠε
1757 4912 1861 4951 nou
1890 4898 2064 4952 uomi-

508 4992 688 5055 nibus,
712 4991 805 5046 sed
837 4988 1109 5057 negotiis:
1147 4988 1274 5056 quid
1311 4987 1553 5042 correxit
1590 4986 1900 5057 Moyses,et
1933 5003 2063 5058 prte-

507 5084 803 5137 houoretur
828 5080 938 5150 (76)
967 5095 995 5134 a
1028 5079 1177 5136 vobis
1200 5077 1394 5135 Jesus?
1440 5077 1497 5132 Si
1536 5086 1714 5133 autem
1771 5095 1932 5134 unum
1964 5094 2060 5150 po-

572 5242 617 5274 "
658 5242 855 5298 Ezech.
900 5256 1083 5305 xxxvi,
1109 5238 1199 5306 22,
1271 5238 1319 5271 "
1341 5237 1506 5293 Marc.
1538 5252 1659 5303 aut,
1688 5236 1743 5291 2.
1818 5238 1862 5269 "
1889 5237 2015 5293 Luc.
2055 5254 2070 5292 ι

2173 5254 2211 5301 l,
2236 5236 2341 5303 28;
2370 5251 2485 5302 ιιι,
2510 5235 2601 5292 44.
2676 5236 2723 5269 ⁷⁸
2750 5234 2907 5290 Joan.
2937 5249 3038 5306 vu,
3070 5235 3162 5289 24.

574 5361 684 5433 (74)
715 5364 799 5433 l_n.
838 5363 1003 5416 Forte
1026 5366 1163 5431 jam.

573 5427 684 5501 (75)
714 5427 1117 5501 Comparabi'tur
1151 5430 1244 5483 rei.
1278 5427 1529 5487 Fortasse
1565 5429 1957 5501 comparabitur
1982 5428 2053 5501 ei,

504 5505 555 5556 id
587 5500 673 5556 est
696 5501 819 5555 Jesu
849 5503 1062 5556 Christo
1090 5517 1105 5555 :
1138 5516 1328 5567 nempe
1372 5503 1547 5557 littera
1593 5517 1640 5566 r,
1682 5500 1875 5568 prioris
1907 5500 2057 5552 vocis

502 5585 793 5636 postrema,
824 5586 1101 5640 perperam
1136 5572 1362 5639 repetita
1388 5572 1567 5627 fuerit.

579 5642 685 5705 (76)
719 5640 781 5692 Et
812 5638 1222 5706 ui'wltonoretur,
1246 5650 1349 5698 etc.
1372 5642 1554 5707 Forte,
1587 5651 1639 5692 ut
1668 5638 2056 5706 prin/tonoretur

2168 4443 2493 4513 ptenitentes
2521 4441 2873 4495 custodierint
2921 4440 3136 4511 legem:
3179 4440 3301 4497 inde
3338 4456 3424 4496 eos
3455 4441 3735 4505 reducam,

2166 4534 2297 4588 dicit
2336 4533 2587 4587 Dominus
2613 4534 2680 4587 ".
2725 4532 2825 4587 Ista
2855 4534 2949 4587 Dei
2996 4536 3281 4603 promissio
3306 4543 3404 4591 est.
3435 4532 3737 4604 Interroga-

2166 4627 2343 4680 vimus
2371 4639 2501 4694 ergo
2526 4623 2757 4688 Judaeos,
2792 4636 2969 4678 utrum
3007 4628 3236 4681 servatis
3274 4626 3444 4697 legem
3471 4634 3563 4680 aut
3586 4624 3737 4681 non?

2168 4716 2226 4770 Si
2258 4732 2363 4771 nou
2388 4717 2639 4780 servatis,
2671 4717 2799 4784 quid
2826 4728 2882 4771 et
2920 4716 3250 4787 loquimini?
3298 4720 3355 4774 Si
3400 4730 3576 4773 autem
3615 4733 3735 4773 ser-

2167 4807 2328 4871 vatis,
2355 4805 2483 4875 quid
2514 4808 2636 4875 quia
2671 4820 2778 4860 nou
2813 4806 3139 4860 revocamini
3168 4804 3330 4860 ?Non
3362 4808 3507 4860 enim
3544 4805 3734 4859 menti-

2170 4906 2257 4951 tur
2280 4896 2443 4952 Deus.
2477 4896 2535 4952 Si
2575 4905 2751 4951 autem
2790 4899 3204 4965 praevaricautes
3235 4898 3408 4967 legem
3453 4896 3734 4951 habebatis

2166 4987 2483 5053 civitatem;
2525 5002 2665 5042 nunc
2705 4998 2762 5043 ut
2789 4987 2967 5041 dicitis
2993 4996 3273 5041 servantes
3300 4986 3468 5056 legem
3496 4986 3731 5055 dispersi

2166 5079 2300 5135 estis
2352 5077 2408 5133 in
2462 5078 2767 5134 civitatibus
2822 5096 2838 5131 :
2902 5076 3191 5132 manifesta
3237 5091 3369 5146 ergo
3420 5085 3506 5131 est
3550 5085 3732 5130 vestra

3236 5236 3282 5269 "
3306 5235 3459 5290 Deut.
3494 5249 3625 5302 xxx,
3659 5233 3720 5291 3.

2159 5374 2192 5410 α
2216 5356 2355 5423 vobis
2378 5355 2558 5413 Jews.

2198 5427 2342 5508 .07).
2373 5425 2453 5481 Alt
2495 5428 2646 5495 ﬁnes.
2680 5424 2934 5482 Fortasse
2960 5426 3117 5495 unica
3165 5440 3298 5483 voce
3336 5425 3560 5493 adﬁnes,
3592 5437 3724 5492 pro-

2162 5511 2507 5636 pni'lliiii’ere
2537 5566 2758 5623 adicere.
2791 5566 3044 5622 Fortasse
3090 5583 3206 5622 vere
3252 5583 3312 5620 ea
3335 5605 3348 5626 .
3378 5564 3460 5619 vel
3491 5579 3606 5619 vere
3630 5562 3722 5617 di-

2161 5653 2272 5690 cere
2302 5652 2320 5689 :
2354 5640 2433 5691 vel
2456 5639 2659 5693 adicere
2688 5639 2890 5694 dictqu
2921 5647 2997 5694 est
3029 5653 3124 5705 pro
3157 5638 3406 5705 adjicere.
