4050 6206
322 453 464 508 1105

321 667 500 710 torum
534 655 916 726 prophetarum
968 648 1238 705 effudistis
1273 646 1610 717 sanguinem,
1641 652 1695 698 et
1720 641 1883 697 Itabe-

320 749 462 802 batis
494 758 723 802 vestram
754 744 1027 799 civitatem
1056 758 1070 794 ;
1098 750 1151 794 et
1187 739 1460 809 prioribus
1486 738 1768 808 prophetis
1804 735 1884 789 in-

325 837 589 904 terfectis,
616 834 834 890 secundi
882 833 1191 895 veniebant,
1248 842 1303 886 et
1342 830 1734 884 convincebant
1765 841 1878 882 vos.

324 926 599 993 Quomodo
630 939 757 996 ergo
791 922 1077 977 multorum
1114 919 1499 990 prophetarum
1531 918 1750 988 sanguis
1776 932 1879 972 non

329 1018 598 1074 intercidit
631 1015 1006 1084 prophetiam;
1037 1012 1194 1066 unius
1221 1022 1420 1075 autem,
1455 1017 1511 1064 ut
1533 1009 1735 1073 dicitis,
1760 1023 1884 1063 con-

330 1124 409 1168 tra
436 1112 603 1181 legent
635 1110 882 1166 facientis
902 1108 1142 1179 sanguis,
1167 1108 1353 1161 statuit
1378 1104 1491 1176 (79)
1516 1119 1727 1160 omnem
1758 1119 1882 1173 pro-

330 1201 603 1274 phetiam?
632 1202 696 1257 Et
732 1202 998 1270 quomodo
1026 1214 1212 1253 omnes
1239 1198 1507 1268 propheta:
1530 1211 1649 1251 cum
1674 1196 1881 1265 legisla-

325 1306 440 1348 tore
480 1302 533 1347 et
567 1293 782 1362 regibus
808 1291 987 1359 justis,
1014 1298 1071 1343 et
1112 1288 1362 1344 omnibus
1402 1287 1735 1341 mirabilibus
1763 1302 1883 1356 qua:

323 1378 461 1437 Iacta
494 1383 631 1451 apud
670 1382 959 1452 [Egyptum
987 1381 1255 1445 videntur,
1288 1388 1343 1434 et
1390 1379 1441 1433 in
1478 1371 1718 1443 deserto,
1736 1386 1790 1431 et
1827 1376 1880 1432 in

326 1475 448 1542 ipsa
492 1483 633 1526 terra
663 1472 1045 1540 promissionis,
1075 1480 1129 1525 et
1157 1486 1277 1524 cum
1313 1468 1562 1523 omnibus
1608 1468 1882 1523 beneficiis

320 1573 375 1616 et
404 1564 579 1631 plenis
618 1578 719 1617 non
746 1562 1417 1617 statueruntidololatriam
1466 1575 1532 1615 ne
1550 1559 1766 1630 quidem
1813 1560 1880 1614 ab

324 1657 442 1727 ipso
482 1654 679 1709 Israel?
704 1655 891 1713 Crucis
932 1665 1110 1709 autem
1147 1669 1324 1709 sermo
1348 1663 1403 1708 et
1434 1654 1621 1708 orbem
1661 1654 1878 1707 univer-

321 1762 441 1802 sum
503 1748 790 1813 convertit,
832 1758 886 1803 et
932 1747 1093 1803 Israel
1129 1749 1173 1802 si
1227 1746 1357 1801 nihil
1393 1746 1559 1812 aliud,
1606 1756 1779 1801 tamen
1813 1748 1881 1802 ab

326 1838 628 1893 idololatria
667 1839 981 1909 prohibuit?
1006 1838 1144 1905 Quid
1170 1840 1272 1893 hoc
1301 1838 1621 1893 eIIicientius
1655 1838 1780 1891 mihi
1810 1838 1882 1891 vi-

1392 433 1479 489 ΒΕ
1516 415 2136 486 RESUBRECTIONE.‘
2162 445 2227 456 —
2262 410 2391 466 LIB.
2430 406 2492 462 ll.

318 562 715 620 inexcusabilis
741 558 962 614 audacia
993 553 1270 628 sanguinis
1303 554 1452 623 justi.
1484 550 1550 605 Et
1582 554 1726 603 certe
1752 540 1874 597 mul-

1991 534 2147 597 dixit,
2193 535 2485 599 negaturos
2532 534 2653 577 esse

3402 392 3547 447 “06

2694 530 2901 583 omnes,
2939 514 3132 571 Petrus
3169 508 3382 567 dicebat
3415 524 3429 562 :
3480 508 3546 562 Si.

1982 638 2159 677 omnes
2187 631 2235 673 te
2269 615 2548 687 negabunt,
2582 627 2675 682 ego
2706 625 2807 663 non
2834 617 2881 663 te
2921 605 3156 676 negabo;
3191 602 3281 656 sed
3326 608 3547 669 paratus

1982 728 2094 767 sum
2123 726 2217 781 pro
2244 718 2292 762 te
2327 706 2459 760 mori
2486 704 2554 767 ⁸¹,
2582 711 2637 757 et
2667 709 2791 756 ante
2810 707 2863 754 te
2884 698 3039 754 mori.
3074 695 3138 750 Et
3166 708 3287 749 cum
3316 691 3541 746 dixisset

1982 803 2107 874 quia
2146 811 2200 856 et
2238 802 2351 869 ipse
2401 806 2481 852 ter
2529 793 2889 863 abnegaturus
2927 797 3110 851 esset,
3150 800 3254 874 non
3293 782 3542 874 recessit,

1983 872 2313 948 contendens
2352 895 2407 942 et
2450 885 2657 948 dicens,
2700 881 2821 936 Non
2869 890 2917 934 te
2966 877 3178 948 negabo.
3213 872 3317 940 Qtti
3360 881 3541 925 autem

1983 982 2121 1037 dixit
2170 992 2330 1049 saepe,
2378 975 2503 1045 quia
2556 986 2662 1026 non
2702 968 2927 1038 negabo,
2970 974 3025 1020 et
3077 963 3263 1017 horum
3305 956 3540 1011 habebat

1982 1070 2331 1135 memoriam;
2366 1065 2489 1135 quia
2522 1060 2701 1133 puella
2730 1060 2969 1129 quaedam
3011 1053 3273 1111 accedens
3299 1052 3536 1103 interro~

1983 1163 2142 1234 gabat
2171 1175 2318 1224 eum,
2347 1171 2487 1212 nunc
2508 1152 2760 1210 Galilazus
2781 1159 2880 1214 est,
2915 1164 3054 1202 nunc
3081 1160 3199 1200 cum
3227 1140 3355 1198 Jesu
3382 1149 3530 1234 erat;

1983 1233 2147 1322 coepit
2174 1260 2227 1305 et
2250 1249 2459 1319 jurare,
2492 1245 2637 1317 quod
2674 1259 2779 1299 non
2818 1249 3135 1312 poposcerat
3160 1237 3356 1307 puella,
3386 1242 3443 1289 et
3464 1233 3537 1287 di-

1981 1357 2125 1408 cere,
2167 1341 2291 1412 quia
2335 1338 2519 1395 nescio
2562 1336 2859 1400 hominem,
2897 1346 2998 1388 nec
3056 1337 3114 1383 ut
3158 1327 3453 1389 hominem,
3501 1339 3533 1379 ο

1982 1455 2138 1509 Petre
2164 1455 2265 1523 let
2300 1454 2402 1507 hoc
2437 1448 2626 1516 semel,
2659 1458 2712 1504 et
2738 1448 2821 1503 bis
2853 1456 2906 1501 et
2936 1454 3034 1501 ter.
3067 1443 3133 1497 Et
3155 1450 3298 1495 certe
3328 1435 3539 1492 vivebat

1980 1545 2251 1615 Magister,
2287 1552 2341 1598 et
2370 1542 2637 1597 incertum
2670 1549 2787 1594 erat
2825 1539 2871 1593 si
2896 1542 3199 1591 moreretur
3248 1531 3425 1586 Petro.
3458 1527 3538 1596 lp-

1981 1636 2093 1689 sius
2121 1642 2205 1687 est
2226 1632 2371 1686 enim
2404 1645 2502 1685 vox
2527 1644 2647 1699 quae
2675 1629 2846 1683 dixit:
2876 1622 3242 1679 Misericordia
3282 1617 3398 1684 tibi,
3435 1617 3539 1671 Do-

1981 1724 2135 1791 mine,
2161 1726 2224 1778 ab
2252 1725 2332 1777 Itis
2363 1724 2428 1776 ⁸⁸.
2470 1717 2928 1789 Quemadmodum
2972 1717 3074 1771 iste
3115 1727 3316 1783 negans
3360 1722 3438 1766 ter
3482 1720 3537 1764 et

1977 1813 2189 1884 jurans,
2241 1824 2295 1869 et
2351 1813 2453 1868 hoc
2499 1819 2718 1882 propter
2754 1823 2940 1864 vocem
2985 1805 3171 1877 puella:
3213 1804 3370 1858 unius
3408 1810 3535 1855 ante

323 1928 502 1991 detur,
549 1929 673 1998 quia
734 1929 1060 1980 resurrectio
1113 1927 1340 1982 viventis
1396 1944 1514 1997 qua:
1565 1929 1667 1982 hoc
1725 1927 1873 1991 fecit,

1979 1914 2241 1960 mortem:
2284 1914 2409 1974 post
2438 1917 2675 1967 crucem,
2699 1909 2820 1971 post
2842 1913 3041 1969 paucos
3075 1897 3198 1951 illos
3236 1897 3350 1950 dies
3391 1897 3527 1947 inci-

324 2033 469 2072 mors
498 2032 656 2086 quam
695 2017 965 2071 sustinuit.
995 2018 1051 2073 Si
1081 2018 1226 2072 enim
1273 2017 1459 2072 aliixus
1507 2026 1588 2071 est
1620 2018 1687 2072 ob
1735 2017 1880 2072 ittIlr-

324 2107 588 2166 tuitatetn.
643 2117 700 2160 ut
729 2108 857 2162 dicit
879 2107 1073 2163 Paulus
1107 2110 1174 2175 ⁸ο,
1224 2111 1316 2165 sed
1366 2111 1495 2164 vivit
1526 2120 1586 2162 ut
1615 2109 1875 2163 videmus.

322 2193 385 2247 Et
414 2212 508 2251 nos
530 2197 742 2266 quidem
772 2198 917 2252 illum
942 2215 1101 2269 quem
1142 2215 1246 2255 non
1285 2201 1526 2256 videmus
1568 2216 1675 2255 non
1717 2216 1872 2271 nega-

321 2304 478 2343 tnus:
521 2290 784 2344 viventem
825 2299 1003 2346 autent
1038 2308 1104 2348 ex
1129 2292 1217 2348 his
1243 2310 1362 2364 qua-
1402 2292 1564 2348 eIIicit
1608 2295 1871 2348 videmus.

321 2380 452 2446 Quia
484 2391 657 2435 autem
692 2382 809 2436 ausi
839 2393 985 2448 sunt,
1020 2384 1071 2436 irt
1103 2398 1206 2452 qua
1239 2395 1369 2439 sunt
1406 2392 1568 2455 prima
1623 2384 1724 2454 ipsi
1765 2386 1878 2439 edi-

320 2481 466 2524 caut.
499 2471 639 2543 Ergo
666 2474 853 2529 vivens
880 2484 933 2530 et
960 2476 1103 2544 apud
1130 2491 1224 2531 eos
1258 2476 1535 2531 invenitur
1564 2478 1656 2547 qui
1690 2494 1877 2547 passus

318 2572 421 2616 est.
453 2565 555 2631 Qui
588 2567 731 2619 enim
763 2566 1123 2621 adversantur
1146 2568 1200 2622 in
1234 2567 1587 2623 dissolutione
1619 2579 1743 2623 sunt
1772 2588 1784 2623 :
1824 2581 1877 2623 et

318 2654 547 2722 gentiles
592 2656 702 2725 jam
746 2673 850 2711 non
898 2658 1169 2725 gentiles:
1221 2668 1274 2712 et
1318 2658 1487 2713 Judaei
1533 2671 1873 2729 superantur.

321 2745 460 2811 Quid
492 2747 746 2816 deestqui
780 2748 988 2802 vincit?
1024 2750 1257 2805 Ecclesia
1292 2750 1488 2820 quippe
1514 2754 1651 2807 unde
1673 2753 1876 2809 habens

321 2836 499 2895 τὶιίοεὶ
551 2839 627 2893 Ita
662 2842 805 2897 enim
836 2851 920 2896 est
953 2843 1262 2907 admiratio,
1288 2845 1414 2912 quia
1439 2860 1467 2897 a
1491 2843 1690 2901 Judmis
1735 2849 1876 2902 acci-

320 2927 473 2997 piens
520 2940 699 2998 patres
742 2932 1031 2999 apostolos,
1082 2947 1110 2983 a
1168 2933 1415 3001 gentibus
1442 2944 1620 2990 autent
1668 2935 1806 2992 Illius
1844 2953 1872 2991 a

319 3034 428 3072 non
454 3019 834 3087 credentibus;
871 3023 1031 3076 habet
1062 3023 1172 3078 illic
1206 3023 1432 3079 salutem
1465 3025 1718 3095 ﬁliorum,
1755 3029 1875 3085 istic

317 3125 425 3163 non
455 3110 832 3167 creditJudazis
856 3114 988 3186 (80).
1023 3114 1126 3168 Sed
1154 3115 1222 3170 ab
1260 3118 1650 3186 abnegantibus
1677 3119 1875 3177 ludatis

317 3198 478 3254 habet
511 3210 672 3256 testes
700 3204 989 3272 apostolos,
1029 3217 1085 3257 ut
1118 3206 1327 3260 illorum
1382 3210 1700 3278 conspersio
1734 3214 1872 3279 apud

319 3307 416 3346 nos
452 3308 555 3347 non
594 3295 663 3349 sit
692 3296 925 3353 illorum.
971 3296 1102 3351 Cum
1156 3299 1298 3353 enim
1351 3299 1554 3355 ferrum
1589 3317 1868 3371 acceptum
1899 3318 1941 3375 ο

316 3380 476 3438 fuerit
503 3400 531 3439 a
570 3389 921 3457 congeriebus
946 3389 1199 3459 lapidum,
1226 3404 1314 3447 aut
1352 3411 1380 3448 a
1413 3407 1555 3449 terra
1586 3412 1649 3451 ex
1674 3414 1778 3468 qua
1817 3410 1872 3456 et

313 3475 598 3531 conﬂatum
619 3489 720 3545 est,
742 3479 850 3547 jam
886 3497 989 3537 non
1022 3484 1266 3552 estquod
1305 3498 1423 3540 erat
1452 3488 1503 3541 in
1537 3499 1717 3544 monte
1760 3508 1775 3545 :
1818 3501 1873 3547 et

311 3567 538 3634 apostoli
571 3584 600 3622 a
630 3568 829 3626 Judatis
854 3574 1084 3642 accepti,
1106 3573 1215 3641 jam
1237 3592 1341 3630 non
1367 3589 1492 3632 sunt
1518 3594 1581 3633 ex
1617 3580 1743 3635 illis.
1768 3581 1871 3638 Per

315 3656 490 3726 ignem
543 3661 686 3714 enim
742 3664 1033 3730 etttundati,
1089 3664 1234 3719 aliud
1280 3683 1436 3735 quant
1486 3670 1689 3740 lapides
1744 3672 1870 3729 facti

315 3757 461 3801 sunt.
513 3747 593 3803 Illi
634 3751 775 3804 enim
820 3751 1283 3810 interﬁciebantur
1333 3769 1391 3811 ut
1432 3775 1535 3814 non
1585 3763 1874 3819 adorarent

311 3838 453 3894 idola
483 3857 497 3904 ;
523 3851 577 3896 et
614 3842 918 3911 lapidabant
949 3844 1166 3914 Moysen
1217 3849 1341 3916 quia
1384 3867 1487 3907 non
1543 3857 1871 3911 concedebat

311 3930 391 3984 eis
418 3933 579 3987 adora
594 3948 684 3987 re:
716 3933 1020 4003 Stephanus
1048 3949 1225 3993 autem
1258 3941 1441 3995 statim
1475 3959 1540 3997 ex
1574 3944 1707 4012 ipsis
1735 3945 1872 4016 lapi-

308 4020 560 4087 dabatur,
589 4043 653 4080 eo
693 4029 837 4097 quod
877 4047 983 4086 non
1021 4035 1235 4104 negavit
1265 4051 1429 4090 causa
1469 4040 1651 4092 crucis
1690 4039 1871 4093 Domi-

311 4128 436 4165 ttuut
464 4112 666 4170 Jesnut.
704 4119 865 4174 Putas
898 4122 985 4175 isti
1022 4139 1087 4178 ex
1119 4123 1319 4179 Iudaeis
1348 4126 1520 4179 sunt?
1550 4125 1742 4183 Petrus
1776 4128 1866 4198 qui

311 4204 529 4263 inverso
560 4211 738 4279 capite
767 4210 955 4268 aIIixus
993 4226 1077 4269 est
1107 4216 1276 4282 cruci,
1322 4215 1520 4272 Paulus
1557 4220 1647 4288 qtti
1685 4234 1869 4289 perse-

308 4301 575 4355 cutionem
612 4312 694 4357 est
723 4319 936 4374 passus,
983 4316 1038 4359 et
1075 4308 1338 4376 gloriatus
1377 4319 1461 4363 est
1501 4310 1551 4363 itt
1592 4312 1866 4381 periculis.

309 4391 415 4448 Sed
444 4396 784 4452 meminimus
831 4399 977 4454 Petri
1016 4411 1067 4454 et
1109 4399 1259 4455 Pauli
1285 4413 1336 4455 et
1366 4401 1643 4473 Stephani.
1679 4404 1869 4460 Petrus

304 4492 434 4538 ante
467 4500 682 4540 crucem
710 4487 954 4544 inlirmns
996 4498 1051 4542 et
1088 4488 1343 4557 incertus,
1374 4494 1440 4559 fet
1479 4502 1558 4547 ter
1594 4493 1867 4565 abnegans

306 4572 589 4630 Dominum
615 4592 632 4642 ;
657 4579 873 4646 quando
912 4579 1084 4649 magis
1130 4583 1415 4648 oportebat
1448 4596 1572 4639 eum
1621 4588 1867 4656 negare?

1979 1993 2057 2062 pit
2083 1992 2319 2048 clamare
2343 2003 2399 2048 et
2428 1992 2494 2045 ad
2526 1990 2777 2061 populum
2814 1988 2994 2044 dicere
3031 2004 3046 2042 :
3100 1985 3212 2039 Viri
3254 1983 3445 2053 fratrea
3481 1991 3528 2036 et

1976 2092 2173 2151 patres,
2202 2083 2378 2136 audite
2398 2082 2463 2136 ⁸⁸.
2489 2081 2721 2135 Puellam
2748 2095 2853 2133 non
2877 2078 3049 2143 audis,
3080 2087 3128 2133 et
3157 2076 3302 2131 viros
3336 2073 3529 2128 fratres

1977 2185 2030 2228 et
2062 2186 2240 2245 patres
2266 2190 2426 2229 vocas
2455 2183 2513 2228 ut
2544 2173 2869 2228 suadeantur
2902 2171 2925 2224 ?
2971 2170 3029 2224 ltt
3075 2176 3228 2223 nocte
3264 2178 3426 2234 negas
3470 2162 3522 2216 itt

1976 2301 2079 2355 qua
2118 2302 2305 2356 posses
2333 2296 2388 2342 et
2412 2286 2600 2351 latere,
2633 2294 2686 2339 et
2713 2283 2871 2339 tertia
2904 2284 3033 2338 hora
3060 2290 3378 2337 constanter
3408 2293 3529 2349 pro-

1977 2376 2217 2432 clamans
2247 2377 2488 2447 quueris
2506 2377 2573 2430 ad
2597 2379 2850 2445 populum
2888 2374 3242 2428 universum?
3274 2372 3377 2428 Sed
3399 2381 3526 2440 puta

1976 2468 2099 2535 quia
2129 2466 2325 2523 Petrus
2347 2468 2717 2523 contentiosus
2745 2476 2848 2530 est,
2871 2474 2925 2520 et
2950 2465 3130 2519 omnia
3164 2464 3371 2519 donans
3407 2461 3528 2517 Ma-

1974 2558 2164 2628 gistro,
2215 2573 2377 2613 ausus
2419 2560 2518 2612 I'uit
2564 2556 2763 2613 Judaais
2811 2567 2867 2612 et
2911 2556 3076 2627 loqui,
3106 2571 3136 2609 a
3166 2554 3362 2624 quibus
3408 2555 3521 2622 ipsa

1974 2648 2196 2703 audacia
2222 2649 2447 2704 exstitit.
2492 2648 2949 2717 Quemadmodqu
2990 2645 3162 2703 Judaei
3202 2661 3303 2701 non
3343 2647 3525 2701 statim

1974 2737 2204 2795 fustibus
2236 2751 2290 2794 et
2335 2740 2616 2810 lapidibus,
2650 2749 2743 2794 aut
2766 2740 3007 2810 quolibet
3045 2737 3151 2792 alio
3194 2751 3391 2807 genere
3427 2739 3525 2792 ob-

1976 2845 2133 2885 ruere
2182 2842 2495 2902 argnentem
2532 2831 2554 2885 ?
2588 2831 2643 2886 Si
2671 2832 2814 2886 eniut
2844 2833 3028 2897 Deum,
3064 2832 3154 2901 qui
3184 2832 3335 2902 signa
3374 2831 3526 2899 fecit,

1972 2924 2089 2978 ausi
2133 2933 2257 2978 sunt
2308 2922 2522 2994 aﬂigere
2565 2924 2736 2990 cruci,
2784 2924 3235 2991 quemadmodum
3305 2924 3525 2979 Petrum

1973 3016 2382 3072 convincetttetn
2415 3031 2509 3071 eos
2557 3027 2677 3087 post
2718 3017 2879 3074 istam
2909 3017 3184 3072 audaciam
3212 3033 3317 3073 nou
3344 3018 3527 3073 statim

1973 3106 2204 3163 fustibus
2229 3119 2319 3162 aut
2348 3108 2617 3177 lapidibus
2662 3108 3000 3165 obruerunt?
3035 3108 3190 3164 Nunc
3233 3124 3366 3181 ergo
3404 3120 3533 3166 sunt

1974 3198 2026 3253 itt
2054 3200 2362 3270 captivitate
2391 3208 2445 3255 et
2467 3201 2858 3266 huutiliatione,
2906 3216 3026 3256 cum
3069 3202 3221 3258 IIoret
3256 3202 3527 3268 Ecclesia;

1974 3304 2029 3346 et
2069 3296 2296 3348 adorant
2339 3293 2619 3349 nobiscum
2661 3304 2716 3350 et
2765 3311 2919 3364 reges
2963 3305 3017 3351 et
3057 3296 3284 3364 iudices.
3321 3297 3533 3354 Audeat

1973 3388 2093 3454 quis
2131 3388 2335 3456 ingredi
2360 3402 2706 3457 synagogam,
2745 3390 2892 3445 visus
2913 3389 3037 3444 licet
3061 3388 3175 3461 (82)
3198 3390 3440 3459 alicujus,
3472 3402 3527 3445 et

1973 3480 2173 3541 dicere,
2220 3477 2375 3534 Jesus
2408 3480 2698 3534 cruciﬁxus
2741 3476 2910 3534 Filius
2956 3487 3042 3533 est
3083 3478 3197 3533 Dei.
3247 3478 3301 3533 Si
3336 3481 3532 3534 exierit

1972 3570 2208 3625 exinde?
2234 3580 2288 3625 et
2320 3572 2419 3626 hoc
2450 3585 2573 3626 cunt
2605 3586 2707 3625 non
2742 3572 2812 3626 sit
2839 3586 2905 3625 ex
2947 3570 3169 3635 Judzeis,
3208 3572 3302 3626 sed
3336 3587 3400 3624 ex
3433 3587 3529 3624 tto-

1974 3660 2056 3713 bis
2085 3677 2097 3712 :
2131 3674 2251 3714 cum
2281 3670 2335 3714 et
2384 3660 2530 3730 leges
2578 3661 2873 3725 vindicant,
2905 3672 2959 3716 et
2987 3675 3141 3732 reges
3176 3667 3423 3727 adorant,
3473 3673 3527 3716 et

1974 3766 2096 3806 cum
2149 3751 2387 3808 Ecclesia
2424 3763 2565 3809 tenet
2601 3751 2735 3825 (83).
2796 3752 2853 3809 Si
2888 3763 3068 3811 autem
3114 3769 3257 3810 nunc
3300 3769 3403 3807 nou
3448 3764 3530 3808 est

1971 3843 2087 3898 sine
2116 3844 2352 3913 periculo
2382 3845 2610 3917 aliquem
2638 3864 2742 3903 non
2788 3846 3029 3904 Judaeum
3065 3847 3271 3917 ingredi
3305 3847 3358 3901 in
3396 3860 3527 3917 syn-

1971 3949 2193 4005 agogatu
2246 3951 2432 3992 eorum
2481 3939 2571 4007 qui
2604 3939 2656 3992 in
2680 3940 2995 4008 captivitate
3017 3939 3305 4002 habentur,
3334 3950 3388 3993 et
3424 3940 3525 3994 hoc

1973 4026 2027 4079 itt
2066 4029 2182 4082 vico
2208 4029 2295 4082 tibi
2332 4040 2440 4083 tres
2474 4040 2568 4085 aut
2606 4041 2837 4100 quatuor
2882 4032 3204 4103 colliguntur
3248 4030 3437 4097 Judaei,
3472 4043 3527 4089 et

1971 4120 2151 4174 dicere
2184 4123 2504 4187 veritatem;
2540 4124 2989 4191 quemadmodum
3021 4126 3209 4181 Petrus
3232 4142 3295 4182 ex
3325 4124 3524 4182 Judazis

1970 4210 2221 4269 Galilaeus
2241 4214 2387 4270 iNec
2408 4214 2550 4268 enim
2576 4214 2676 4269 hoc
2692 4226 2776 4271 est
2794 4218 2973 4274 dicere
2994 4220 3118 4288 quia
3144 4220 3525 4287 ingenuitatem

1970 4301 2088 4370 ejus
2122 4304 2476 4368 honorarunt,
2506 4314 2560 4360 et
2592 4321 2695 4359 non
2733 4314 2855 4360 sunt
2876 4309 2991 4363 ausi
3019 4326 3033 4361 :
3065 4322 3163 4363 nec
3189 4309 3314 4377 quia
3343 4311 3527 4363 erudi-

1970 4394 2192 4460 tionem,
2228 4412 2325 4451 ttec
2363 4397 2489 4465 quia
2518 4397 2757 4452 divitias.
2786 4397 2904 4453 Jam
2931 4410 3108 4455 autent
3158 4416 3258 4456 nec
3290 4405 3527 4470 piscator

1969 4495 2107 4552 erat,
2138 4488 2231 4542 sed
2262 4505 2432 4558 egeno
2457 4491 2721 4561 egentior.
2768 4491 2824 4548 In
2867 4502 3073 4546 tantum
3125 4499 3303 4546 autem
3342 4493 3527 4548 aderat

1968 4577 2016 4630 ei
2046 4588 2104 4632 ut
2135 4595 2238 4633 non
2264 4580 2594 4650 loqueretur,
2613 4584 2704 4653 qui
2730 4583 2854 4638 dum
2884 4585 3285 4654 periclitaretur
3306 4584 3526 4649 animae,

304 4680 427 4719 cum
458 4669 633 4723 adhuc
671 4671 877 4725 viveret
901 4672 1160 4740 magister
1193 4673 1216 4725 ?
1249 4683 1343 4728 aut
1393 4685 1517 4731 tunc
1557 4692 1678 4732 cum
1730 4681 1864 4735 satis
1903 4666 1943 4718 ι)
1969 4680 2024 4723 et
2054 4669 2481 4741 iuterr0garetur
2508 4674 2554 4727 si
2582 4674 2837 4731 Galilzeus
2885 4686 3051 4737 esset,
3104 4690 3304 4745 negans
3346 4686 3400 4732 et
3449 4678 3525 4730 di-

304 4755 403 4809 sibi
432 4756 557 4812 fecit
585 4759 676 4828 qui
704 4769 787 4814 est
846 4770 1089 4816 mortuus
1120 4762 1142 4816 ‘l
1196 4761 1250 4816 Si
1298 4777 1475 4820 autem
1525 4782 1700 4837 neque
1737 4781 1864 4827 ante

306 4858 536 4902 mortem
568 4860 814 4919 negaret,
863 4860 1006 4906 esset
1046 4854 1437 4911 contentiosnm
1482 4861 1662 4914 omnia
1691 4861 1863 4915 domi-

307 4941 488 4995 nantis
521 4941 776 5011 Magistro
801 4942 937 5014 (8I).
969 4943 1022 4999 Si
1056 4956 1231 5000 autem
1262 4957 1387 5001 ante
1423 4963 1639 5004 crucem
1676 4962 1858 5020 negat,

301 5040 357 5103 et
384 5041 467 5087 ter
498 5049 601 5088 non
628 5034 965 5104 simpliciter,
1004 5038 1096 5091 sed
1131 5050 1226 5102 per
1252 5052 1436 5092 vocem
1469 5038 1655 5105 puellm
1681 5042 1861 5105 unius,

304 5130 359 5175 et
392 5120 495 5177 hoc
519 5121 745 5179 Domino
778 5126 1104 5195 przedicente
1139 5127 1211 5192 ei,
1240 5137 1295 5181 et
1331 5135 1479 5182 certe
1518 5128 1562 5183 si
1598 5144 1703 5181 non
1742 5145 1862 5197 pro-

301 5223 423 5284 pter
480 5214 648 5281 aliud,
707 5228 925 5288 propter
990 5218 1445 5288 contemptionem
1500 5218 1864 5288 praedictionis

303 5302 528 5359 deberet
552 5303 743 5360 Petrus
773 5321 879 5362 non
911 5320 1130 5375 negare.
1181 5307 1246 5362 Et
1272 5318 1421 5363 certe
1452 5323 1573 5362 cum
1603 5308 1862 5365 Dominus

369 5485 419 5519 '°
450 5486 489 5542 II
517 5488 645 5543 Cor.
681 5506 799 5559 χιιι,
833 5489 887 5543 tl.
964 5491 1005 5522 ⁸⁸
1038 5488 1223 5544 Matth.
1263 5506 1407 5554 xxvi,
1433 5489 1620 5546 35-55.

371 5606 485 5673 (79)
510 5606 727 5665 Statuit.
759 5610 812 5663 Id
841 5620 945 5675 est,
976 5611 1129 5663 stitit.

373 5680 483 5747 (8U)
516 5677 741 5733 Judtm's.
776 5679 936 5735 Forte
972 5679 1219 5734 Judwus.

373 5746 488 5817 (8i)
530 5747 725 5801 Omnia
779 5752 1122 5803 dominantis.
1173 5750 1331 5804 Forte
1384 5751 1559 5804 omnia
1616 5752 1861 5804 donantis

306 5816 582 5885 Magistro.
641 5819 734 5873 Sic
772 5820 928 5887 paulo
976 5830 1093 5887 post
1131 5840 1144 5874 :
1190 5820 1288 5873 Sed
1333 5832 1457 5887 puta
1500 5823 1622 5889 quia
1672 5819 1858 5876 Petrus

305 5894 661 5942 contentiosa:
696 5900 795 5954 est,
826 5899 873 5944 ct
906 5892 1075 5945 omnia
1118 5892 1315 5945 tlunans
1353 5889 1626 5959 Magistro.

1696 5491 1741 5520 "
1768 5490 1955 5546 Matth.
1992 5508 2099 5554 xvt,
2126 5494 2215 5551 ἓξ.

1970 4776 2122 4825 cens,
2156 4778 2285 4828 non,
2317 4763 2371 4816 in
2398 4763 2510 4834 ipsa
2543 4766 2893 4838 ahnegatione
2920 4767 3196 4823 convictus
3232 4778 3336 4822 est.
3390 4768 3524 4836 Quia

1969 4855 2110 4908 enirn
2139 4857 2396 4909 naturalis
2421 4867 2506 4912 est
2541 4858 2731 4929 lingua:
2753 4859 2886 4931 (84).
2908 4860 3076 4929 partis
3114 4860 3525 4931 uniuscujusque

1970 4957 2129 5004 terra:
2169 4952 2515 5006 meditantem
2548 4954 2824 5008 assueiieri
2850 4954 2916 5009 ad
2936 4954 3315 5023 eloquendum,
3348 4955 3524 5010 oriens

1969 5040 2035 5094 ad
2078 5041 2238 5096 aliam
2291 5056 2497 5112 partem
2551 5049 2735 5109 .ztitur,
2777 5046 3039 5117 Syrorum
3084 5048 3267 5118 lingua
3326 5050 3377 5102 in
3422 5049 3524 5103 alio

1968 5132 2183 5199 clamet,
2218 5137 2487 5194 nationem
2516 5141 2729 5208 quidem
2762 5139 2931 5208 ipsam
2960 5153 3102 5202 esse,
3135 5149 3390 5193 mutatam
3430 5156 3523 5193 au-

1971 5234 2075 5280 teut
2106 5228 2157 5282 in
2189 5245 2322 5286 sono
2365 5234 2570 5289 haberi.
2607 5233 2691 5288 Fit
2724 5234 2867 5289 enim
2898 5244 2952 5288 et
2982 5234 3081 5289 ltoc
3119 5237 3257 5305 apud
3277 5235 3523 5293 Judzeos:

1968 5328 2025 5371 et
2044 5330 2260 5378 caetera.
2315 5321 2519 5379 Galilaei
2575 5324 2835 5381 IIebraica
2888 5326 3103 5395 quidem
3152 5328 3521 5397 loquebantur,

2294 5495 2337 5525 ⁸³
2362 5495 2479 5546 Act.
2515 5510 2605 5557 νιι,
2632 5495 2686 5549 2.

2047 5613 2162 5692 (8‘2)
2202 5614 2350 5669 Visus
2374 5616 2513 5694 licet.
2550 5616 2806 5694 Quarttvis
2830 5619 3067 5690 aliquant
3100 5623 3333 5694 sfecietu
3353 5622 3495 5694 digni

1976 5687 2101 5737 tatis
2136 5702 2231 5738 ore
2264 5703 2327 5737 ac
2358 5687 2504 5738 vultu
2539 5688 2851 5754 praeferens.

2038 5773 2150 5843 (85)
2191 5774 2368 5828 Tenet.
2405 5777 2627 5848 Κρατεί.

2038 5866 2150 5931 (84)
2180 5865 2279 5922 Ms.
2308 5866 2568 5926 Naturale
2599 5883 2672 5927 ut
2702 5873 2913 5945 lt'ngtta'.
