4050 6206
530 424 666 477 H07

1196 411 1461 466 EUSEBII
1504 407 1979 463 UIESARIENSiS
2020 406 2089 461 01

2212 407 2394 462 PARS
2433 405 2521 460 ιγ.
2563 436 2630 447 —-
2672 404 3090 460 DOGMATICA.

3649 403 3787 457 “03

527 541 705 608 lingua
758 544 935 590 autem
993 529 1231 601 impediti
1288 539 1379 584 aut
1424 530 1772 583 immutantes
1823 528 2108 583 convince-
2139 530 2178 584 Α
2209 543 2313 597 qua
2347 542 2441 596 spe
2475 524 2622 592 elati,
2654 524 2785 593 quid
2817 532 2941 577 ante
2970 521 3159 576 oculos
3199 519 3467 575 habentes
3493 520 3613 574 ausi
3661 534 3789 575 sunt

528 632 726 686 bantur
755 626 878 697 quia
915 640 1018 679 non
1043 633 1199 677 erant
1233 637 1263 677 e
1292 621 1533 677 civitate.
1568 621 1720 676 Sicut
1746 631 1800 674 et
1823 620 1964 690 apud
2002 634 2099 674 nos

527 736 671 777 nunc
706 719 955 778 edicitur,
992 717 1079 785 qui
1118 729 1277 784 agros
1332 712 1598 780 habitant,
1648 714 2000 767 immutantur
2033 716 2100 766 ab

526 815 604 868 eis
638 812 726 882 qui
778 812 831 866 in
887 810 1202 865 civitatibus
1242 808 1554 862 habitantes
1598 806 1832 877 linguam
1875 807 2097 861 habent.

532 903 695 959 Forte
729 912 908 957 autem
940 911 993 954 et
1023 899 1442 967 uniuscujusque
1477 897 1680 952 civitati
1714 897 1903 951 vicina:
1928 896 2101 951 diver-

527 1010 642 1051 sam
674 995 874 1048 habent
900 994 1136 1062 linguam
1174 1000 1393 1061 propter
1422 989 1864 1045 consuetudinem
1896 1004 2089 1043 assue-

529 1096 663 1139 tam.
697 1083 821 1139 llaec
854 1099 972 1137 cum
1030 1083 1100 1136 ita
1148 1091 1458 1152 agerentur,
1504 1094 1570 1133 ex
1610 1079 1998 1134 consuetudine
2026 1078 2098 1133 ita

525 1184 804 1246 apparent.
851 1175 904 1229 lu
960 1174 1099 1228 libro
1150 1172 1395 1227 Iudicum
1430 1172 1687 1240 scriptum
1724 1178 1808 1225 est
1859 1170 1925 1235 ⁸³,
1974 1170 2097 1238 quia

525 1268 773 1337 provenit
808 1266 1005 1321 bellum
1030 1267 1169 1319 inter
1189 1280 1246 1319 se
1272 1278 1426 1333 agere
1453 1272 1671 1333 propter
1699 1263 2094 1318 accusationem

527 1357 705 1411 nescio
745 1372 902 1426 quam
932 1371 997 1410 ex
1028 1356 1179 1409 istius
1204 1354 1372 1423 partis
1405 1342 1524 1425 (sic)
1555 1353 1816 1408 homines.
1845 1352 2098 1407 Commu-

523 1450 607 1506 nis
631 1450 772 1505 enim
805 1457 922 1504 erat
951 1448 1310 1502 circumcisio.
1354 1446 1409 1501 Si
1451 1448 1515 1501 ad
1562 1446 1785 1501 alteram
1819 1447 2094 1499 venissent

524 1548 755 1606 partem,
796 1551 889 1606 per
922 1536 1158 1607 linguam
1190 1548 1308 1592 erat
1335 1552 1521 1591 eorum
1546 1537 1820 1591 discretio.
1850 1535 2089 1590 Interro-

523 1631 721 1699 gabant
758 1630 901 1685 enim
942 1629 1172 1684 victores
1231 1642 1325 1683 eos
1367 1644 1501 1696 quos
1559 1629 1802 1683 vicerant
1844 1628 1986 1682 unde
2010 1641 2096 1681 es-

525 1728 647 1777 sent
675 1738 688 1773 :
728 1734 822 1788 pro
850 1719 1025 1773 salute
1049 1734 1115 1773 ex
1151 1728 1302 1789 parte
1326 1720 1553 1773 adversa
1586 1718 1793 1785 haberi,
1828 1731 2096 1787 praponc-

526 1813 653 1864 bant
687 1826 990 1866 sermonem
1020 1812 1330 1879 quemdam,
1378 1826 1483 1865 non
1529 1820 1780 1880 poterant
1826 1822 1971 1864 recte
2020 1810 2090 1863 ita

2210 619 2555 689 hoc?‘,Unde
2606 627 2783 673 autem
2834 616 2915 670 eis
2966 616 3081 670 haec
3130 613 3462 683 prudentia?
3510 614 3788 683 quomodo

2207 725 2362 783 putas
2390 712 2609 767 adunati
2652 711 2769 765 haec
2800 690 3144 778 impudenter
3172 706 3241 760 ad
3274 706 3599 760 alterutrum
3637 705 3787 759 dice-

2210 808 2359 870 bant,
2405 804 2657 876 Magister
2680 802 2869 857 fefellit
2901 800 3042 857 nos?
3071 799 3207 866 Quia
3253 813 3387 868 ergo
3432 797 3623 853 fefellit
3657 815 3782 867 nos,

2204 908 2258 952 et
2287 911 2385 951 nos
2418 896 2663 950 fallamus
2699 894 2983 948 mundum.
3025 891 3288 947 Dicebant
3317 892 3440 961 quia
3492 894 3786 948 suscitavit

2205 1004 2301 1043 nos
2337 988 2471 1060 (87),
2499 996 2553 1042 et
2586 987 2699 1055 ipse
2733 994 2978 1041 mortuus
3027 1001 3132 1039 non
3189 985 3503 1041 resurrexit.
3563 987 3625 1042 Si
3660 988 3786 1042 bare

2203 1082 2538 1137 conscientia
2570 1096 2756 1135 eorum
2793 1080 2862 1134 ita
2899 1080 3065 1135 sciret
3108 1093 3231 1134 esse
3273 1080 3558 1142 contraria,
3605 1082 3785 1137 debe-

2169 1183 2324 1236 .rent
2375 1175 2576 1241 dicere,
2630 1183 2685 1229 et
2741 1187 2962 1243 negare,
3010 1182 3064 1227 et
3115 1171 3398 1242 pmniteri,
3436 1180 3486 1226 ει
3515 1174 3783 1226 conﬁteri

2202 1282 2470 1331 errorem,
2514 1277 2569 1322 et
2616 1276 2743 1321 ante
2773 1266 2990 1322 Iudaeos
3022 1266 3203 1321 dicere
3239 1280 3359 1335 qua:
3401 1265 3647 1320 dicebant
3675 1264 3785 1320 Ju-

2203 1358 2299 1411 daei
2366 1356 2529 1429 (88):
2579 1356 2836 1412 seductor
2890 1364 3030 1419 erat,
3076 1356 3292 1411 seduxit
3350 1370 3491 1420 nos;
3540 1356 3779 1425 putaba-

2202 1464 2362 1514 mus,
2444 1448 2793 1518 promittebat
2845 1446 3337 1511 resurrectionem;
3403 1446 3576 1515 arguit
3643 1461 3777 1502 eum

2201 1540 2592 1610 Operimentum
2616 1538 2751 1609 (89).
2784 1538 3069 1593 Debuisset
3096 1538 3469 1607 unusquisque
3496 1550 3782 1593 recurrere

2200 1629 2269 1684 ad
2302 1630 2434 1684 retia
2460 1638 2704 1699 paterna,
2735 1629 3024 1700 providere
3058 1628 3159 1682 sibi
3201 1628 3429 1690 victum,
3486 1627 3775 1693 abscondi,

2200 1721 2523 1777 erubescere
2562 1719 2854 1775 falsitatem
2902 1718 3164 1788 Magistri,
3195 1719 3472 1788 propriam
3501 1719 3785 1780 seductio-

2203 1827 2324 1867 nem
2367 1810 2669 1875 occultare,
2704 1810 2871 1864 multo
2917 1809 3338 1880 magisjurgare
3370 1807 3484 1881 (90)
3522 1810 3648 1878 quia
3680 1825 3782 1866 nec

526 1904 670 1974 loqui
704 1904 843 1977 (85).
872 1913 932 1959 ut
982 1903 1055 1959 illi
1107 1906 1200 1975 qui
1253 1905 1697 1974 interrogabant:
1727 1914 1777 1958 et
1802 1904 1891 1973 qui
1926 1916 2092 1974 nega-
2129 1894 2169 1953 Β
2201 1906 2431 1959 vidimus
2470 1919 2615 1959 eum.
2673 1901 2798 1957 Hazc
2835 1901 3092 1956 deberent
3124 1900 3328 1968 facere,
3362 1902 3409 1957 si
3444 1917 3568 1956 vera
3597 1910 3780 1956 essent

524 1998 676 2063 bant,
709 2013 771 2053 ex
800 1997 978 2066 lingua
1019 2008 1395 2069 arguerentur.
1438 1996 1549 2051 Hoc
1572 1997 1713 2051 enim
1769 1996 1821 2049 in
1862 2007 2095 2063 evange-

532 2090 619 2143 liis
651 2098 942 2142 renovatur
987 2090 1126 2157 qnod
1158 2088 1296 2157 apud
1322 2086 1540 2142 Judires
1573 2086 1830 2156 scriptum
1863 2095 1965 2140 est.
1996 2085 2095 2139 Pe—

525 2191 640 2233 trus
671 2179 813 2233 enim
857 2179 1089 2248 negabat
1121 2192 1178 2233 se
1205 2178 1348 2233 scire
1404 2178 1675 2234 hominem
1713 2192 1729 2232 :
1781 2177 1962 2247 lingua
2007 2197 2096 2235 au-

528 2282 636 2324 tem
673 2285 771 2339 per
803 2270 970 2338 ipsam
1000 2272 1408 2342 abnegationem
1438 2274 1789 2329 convincebat
1813 2289 1933 2328 eum
1968 2274 2091 2345 quia

521 2360 772 2417 Gali|:eus
804 2373 941 2415 erat.
979 2361 1082 2416 Iste
1118 2360 1309 2416 Petrus
1332 2363 1421 2431 qui
1450 2363 1882 2431 periclitabatur,
1913 2373 1967 2419 et
1995 2381 2088 2418 cu-

521 2453 701 2523 piebat
729 2466 881 2507 suam
910 2451 1198 2506 immutare
1229 2453 1462 2524 linguam
1498 2469 1527 2507 a
1559 2454 1776 2509 Galilaaa
1814 2455 1880 2508 ad
1901 2452 2089 2509 Judai-

520 2563 661 2613 cam,
695 2557 748 2602 et
785 2561 973 2615 parum
1018 2546 1145 2615 quid
1182 2547 1481 2618 corrigere,
1514 2547 1628 2601 hate
1680 2548 1903 2616 cupiens
1931 2560 1987 2602 et
2013 2549 2093 2602 fe-

520 2640 729 2694 stinans
772 2647 826 2691 et
875 2648 1101 2693 mortem
1159 2640 1376 2705 timens,
1423 2639 1571 2693 dicat
1622 2640 1749 2708 quid
1800 2640 2089 2708 putaverit.

524 2735 805 2801 Quomodo
838 2734 985 2789 omni
1013 2733 1211 2787 mundo
1234 2732 1471 2803 loquitur
1494 2732 1597 2787 iste
1626 2731 1863 2798 Iudaeus,
1894 2735 2000 2787 imo
2025 2750 2092 2789 ex

524 2825 727 2880 Judazis
758 2825 895 2897 (86),
924 2827 1091 2888 dicat,
1123 2834 1176 2879 et
1198 2826 1429 2896 gentiles
1456 2826 1761 2880 convincat.
1810 2826 1963 2880 Unde
1991 2827 2094 2881 iste

521 2918 607 2971 cui
641 2918 758 2972 sine
781 2930 917 2971 voce
946 2924 1065 2971 erat
1115 2915 1320 2985 lingua,
1381 2915 1521 2967 unde
1574 2913 1765 2967 Petrus
1812 2912 2091 2980 loquitur?

522 3011 628 3065 Sed
672 3025 777 3064 non
830 3018 911 3064 est
961 3008 1193 3069 locutus,
1241 3006 1335 3060 sed
1393 3014 1579 3060 tacens
1608 3004 1777 3059 suasit
1810 3005 2089 3059 mundum.

522 3104 775 3172 Maiorem
809 3100 966 3155 nobis
995 3099 1091 3153 das
1137 3097 1591 3152 admirationem:
1640 3098 1685 3151 is
1726 3098 1815 3167 qui
1862 3098 2091 3167 negabat

520 3196 614 3249 and
659 3194 871 3248 locutus
908 3200 1013 3256 εει,
1068 3205 1172 3260 qua
1210 3190 1429 3260 lingua?
1465 3190 1593 3259 ipsis
1625 3190 1770 3243 enim
1813 3189 1905 3258 qui
1948 3188 2087 3258 apud

524 3284 948 3355 Hierosolymam
984 3290 1163 3347 erant,
1209 3282 1478 3351 quomodo
1514 3290 1725 3350 poterat
1769 3280 1957 3350 loqui?
2002 3291 2086 3335 ta-

524 3393 644 3432 men
699 3376 960 3444 loquitur,
1012 3384 1067 3430 ct
1107 3383 1225 3444 post.
1280 3383 1512 3443 quantos
1561 3374 1678 3429 dies
1730 3374 2091 3429 couvictionis

522 3485 648 3524 cum
678 3484 772 3536 per
796 3468 1027 3537 linguam
1058 3476 1141 3522 est
1170 3466 1493 3523 convictus?
1525 3466 1625 3521 iste
1653 3476 1769 3520 erat
1797 3466 1913 3521 dies
1934 3468 2094 3535 quin-

522 3562 854 3631 quagesimae
904 3558 1222 3629 completio,
1311 3558 1687 3626 abnegationis
1723 3569 1901 3613 autem
1946 3558 2089 3612 Petri

522 3664 649 3707 ante
679 3652 1072 3721 quinquaginta
1098 3651 1214 3705 dies
1239 3650 1420 3718 passio
1449 3652 1624 3705 fuerat
1656 3651 1889 3705 Domini.
1927 3649 2093 3705 Putas

522 3746 575 3800 in
607 3744 997 3815 quinquaginta
1026 3744 1216 3798 diebus
1250 3744 1485 3813 piscator
1515 3744 1824 3797 rusticanus
1867 3758 1934 3797 ex
1970 3743 2091 3796 vico

520 3837 725 3891 studuit
756 3850 969 3889 omnem
1002 3834 1241 3904 linguam
1267 3835 1289 3889 ?
1315 3836 1370 3889 In
1395 3834 1618 3888 Actibus
1646 3834 1789 3888 enim
1832 3835 2089 3903 scriptum

520 3938 606 3983 est
634 3926 1003 3995 apostolorum
1033 3943 1046 3979 :
1071 3935 1124 3979 et
1157 3940 1267 3979 non
1297 3924 1579 3987 credatur,
1617 3923 1660 3977 si
1699 3940 1783 3978 res
1815 3923 1945 3992 ipsa:
1986 3941 2088 3978 non

523 4016 885 4071 consentiunt.
921 4014 1189 4085 Scriptura
1222 4025 1305 4070 est
1327 4015 1472 4069 enim
1499 4014 1625 4083 quia
1668 4016 1794 4068 dum
1834 4014 2090 4084 implere-

524 4119 610 4162 tur
658 4110 772 4163 dics
822 4109 1292 4178 quinquagesima.
1331 4117 1488 4162 erant
1544 4108 1762 4162 adunati
1816 4109 1868 4162 in
1925 4124 2089 4162 unum

521 4201 751 4269 apostoli
780 4200 848 4267 ⁸⁸,
884 4216 1016 4269 quos
1051 4210 1328 4269 sparserat
1356 4200 1572 4269 quidem
1605 4216 1759 4266 crux,
1792 4200 2089 4270 collegerat

521 4302 701 4345 autem
750 4292 1117 4357 resurrectio;
1154 4300 1209 4345 et
1237 4290 1487 4345 adunatis
1522 4290 1706 4346 iisdem
1737 4291 1926 4346 divisa:
1966 4301 2093 4347 sunt

521 4388 715 4459 linguae
747 4399 998 4459 tanquam
1028 4388 1166 4460 ignis
1192 4389 1492 4443 dividentes
1520 4430 1535 4455 ,
1585 4400 1638 4444 et
1676 4390 1992 4443 insederunt
2037 4390 2090 4443 in

523 4496 961 4551 unumquemque
1004 4481 1240 4545 illorum,
1284 4490 1339 4535 et
1382 4492 1668 4552 cmperuut
1710 4483 1910 4554 linguis
1946 4482 2090 4552 loqui

2198 2012 2318 2067 quae
2369 1994 2541 2050 Judaei
2581 1995 2853 2049 volebant.
2910 1992 3015 2047 Sed
3073 2001 3231 2061 putas
3280 1994 3670 2047 convenientes
3727 1992 3779 2047 in

2196 2104 2357 2143 unum
2395 2087 2738 2155 impudenter
2782 2085 3034 2140 dicebant
3068 2084 3133 2138 ad
3165 2086 3530 2153 semetipsos:
3564 2083 3701 2151 Quid
3733 2085 3780 2139 si

2194 2180 2399 2238 seducti
2432 2179 2655 2235 sumus?
2679 2178 2771 2233 sed
2808 2194 2915 2233 non
2945 2177 3327 2233 concedamus.
3360 2176 3611 2246 Magister
3633 2191 3784 2231 mor-

2198 2283 2320 2328 tuus
2358 2281 2477 2339 est;
2510 2271 2753 2326 dicamus
2799 2270 2927 2340 quia
2963 2269 3307 2325 resurrexit:
3340 2276 3400 2323 ιιι
3438 2269 3565 2339 quid
3600 2268 3782 2322 lucra-

2197 2364 2418 2419 rentur?
2443 2363 2569 2432 quid
2607 2362 2875 2418 commodi
2910 2360 3257 2431 acciperent?
3291 2361 3514 2414 aurum?
3541 2362 3634 2413 sed
3667 2376 3780 2414 non

2196 2456 2445 2525 permisit
2470 2455 2783 2509 mandatu'm
2816 2473 2830 2510 :
2858 2453 3187 2523 argentum?
3215 2462 3267 2507 et
3297 2454 3406 2521 ipsa
3439 2454 3575 2506 retia
3609 2452 3781 2505 dere-

2194 2547 2491 2616 liquerunt.
2525 2546 2631 2602 Sed
2667 2557 2725 2601 ut
2763 2546 3204 2601 honorarentur?
3231 2545 3312 2614 qui
3350 2545 3557 2598 inverso
3585 2545 3778 2612 capite

2194 2640 2566 2709 adigebantur.
2610 2639 2751 2705 Quid
2786 2649 2903 2694 erat
2931 2640 3073 2709 quod
3107 2648 3290 2708 posset
3318 2653 3409 2693 eos
3438 2637 3671 2703 hortari,
3709 2646 3783 2693 ιιι

2195 2735 2554 2789 mentirentur
2583 2732 2651 2787 de
2681 2748 2746 2787 eo
2766 2732 2858 2801 qui
2896 2747 3000 2785 non
3030 2729 3438 2786 resurrexcrat?
3461 2728 3593 2795 Quis
3623 2744 3781 2797 prae-

2195 2825 2383 2879 buerat
2431 2824 2511 2879 eis
2569 2822 2891 2879 audaciam?
2953 2821 3009 2875 ln
3058 2837 3165 2891 quo
3216 2820 3548 2876 conﬁdentes
3591 2832 3780 2876 essent

2194 2915 2499 2970 inscientiae
2544 2930 2688 2980 sua),
2747 2914 3075 2981 rusticitati,
3138 2913 3496 2984 ingenuitati,
3545 2912 3779 2977 divitiis,

2194 3007 2544 3071 multitudini.
2576 3007 2857 3063 duodecim
2908 3009 2975 3061 ad
3017 3007 3316 3060 mundum?
3361 3005 3466 3061 Sed
3511 3007 3776 3075 pradica-

2195 3101 2394 3156 tionem
2430 3100 2546 3169 ejus
2580 3100 2669 3168 qui
2704 3098 2895 3154 allixus
2928 3108 3011 3154 est
3041 3100 3211 3154 cruci.
3254 3096 3435 3167 Ipsum
3470 3099 3645 3154 solum
3680 3116 3778 3153 au-

2194 3192 2321 3247 dere
2352 3192 2505 3248 exire
2547 3193 2613 3245 ad
2662 3193 2943 3258 mundum,
2973 3193 3177 3259 grande
3205 3202 3310 3248 est.
3353 3191 3487 3244 Puta
3521 3193 3622 3246 ista
3656 3193 3777 3247 ausi

2191 3294 2319 3340 sunt
2371 3302 2385 3338 :
2422 3283 2588 3340 Judzei
2631 3285 2899 3354 quomodo
2938 3285 3079 3353 passi
3136 3295 3263 3338 sunt
3317 3300 3425 3339 non
3465 3301 3559 3339 eos
3588 3288 3777 3339 statim

2191 3375 2543 3432 interimere?
2582 3375 2769 3430 Nonne
2798 3376 2971 3445 parati
3004 3386 3130 3430 sunt
3159 3376 3225 3429 ad
3268 3376 3775 3447 interemptionem?

2192 3467 2511 3539 Magistrum
2561 3468 2866 3533 aﬂixerunt,
2921 3469 3011 3537 qui
3065 3483 3168 3521 non
3200 3469 3373 3534 arguit
3408 3484 3504 3523 eos
3548 3468 3771 3521 homici-

2194 3561 2290 3615 das
2321 3578 2335 3613 :
2371 3560 2503 3615 istos
2530 3561 2619 3629 qui
2652 3559 3006 3614 convicerunt
3026 3560 3152 3629 quia
3178 3560 3466 3614 homicidae
3488 3569 3627 3621 sunt,
3654 3573 3757 3612 non

2194 3651 2363 3705 multo
2400 3652 2572 3720 magis
2606 3652 2918 3707 debuissent
2951 3652 3295 3706 interimere?
3326 3652 3438 3707 Cur
3460 3652 3770 3721 sanguinem

2192 3745 2440 3817 Magistri
2469 3746 2646 3801 adhuc
2680 3747 2940 3802 habentes
2987 3746 3039 3800 in
3085 3746 3363 3811 manibus,
3388 3747 3667 3814 patiuntur
3693 3744 3777 3812 pi-

2192 3840 2482 3895 scatores?
2531 3849 2587 3895 et
2631 3849 2780 3894 certe
2828 3856 2954 3896 cum
3013 3840 3383 3895 interﬁcerent
3436 3840 3775 3908 Magistrum,

2192 3932 2296 3987 nisi
2341 3940 2591 4001 negasset
2632 3932 2823 3987 Petrus
2861 3934 3057 3987 fuisset
3098 3944 3362 3986 mortuas.
3390 3930 3490 3999 Qui
3521 3947 3652 3999 ergo
3682 3947 3779 3985 vo-

2193 4025 2375 4084 lebant
2398 4040 2519 4079 eum
2546 4032 2837 4094 antequam
2887 4034 3192 4079 moreretur
3216 4023 3471 4094 Magister
3498 4024 3777 4089 oecidere,

2194 4116 2650 4185 quemadmodum
2679 4131 2800 4169 eum
2852 4132 2957 4169 non
2984 4115 3237 4169 occidunt
3277 4127 3397 4185 post
3424 4114 3664 4183 Magistri
3700 4118 3786 4169 in-

2196 4208 2614 4264 terfectionem?
2640 4207 3136 4276 quemadmodum?
3173 4222 3291 4275 quae
3322 4205 3629 4261 estcausa?
3672 4209 3781 4261 scd

2196 4302 2483 4356 noluerunt
2531 4319 2545 4355 :
2598 4301 2801 4369 etquis
2852 4300 3057 4367 estqui
3107 4300 3366 4354 convertit
3395 4313 3579 4352 eorum
3616 4314 3785 4353 men-

2197 4394 2343 4449 tem?
2394 4394 2499 4448 Sed
2549 4393 2839 4448 voluerunt
2886 4410 2901 4446 :
2949 4400 3003 4446 et
3052 4394 3174 4460 quis
3226 4400 3305 4447 est
3350 4391 3439 4458 qui
3489 4391 3783 4459 prohibuit

2194 4502 2381 4541 eorum
2407 4486 2779 4557 propositum?
2806 4486 2900 4540 sed
2924 4486 3215 4541 voluerunt
3237 4494 3289 4539 et
3312 4500 3415 4538 non
3445 4494 3777 4552 potuerunt:

519 4587 656 4642 quas
683 4587 787 4626 nou
822 4574 1140 4627 didicerant.
1174 4571 1298 4627 llaec
1333 4572 1614 4643 Scriptura
1648 4574 1817 4639 dicit;
1855 4575 1946 4643 qui
1977 4574 2089 4628 vult
2121 4596 2165 4650 ι)
2196 4590 2249 4633 ει
2276 4580 2401 4647 quis
2444 4588 2527 4634 est
2560 4580 2649 4648 qui
2689 4578 2964 4647 superavit
2996 4593 3183 4632 eorum
3237 4577 3540 4631 malitiam?
3585 4591 3782 4645 quem-

520 4664 837 4733 interroget.
890 4663 946 4717 Si
993 4681 1098 4718 non
1130 4673 1217 4719 est
1258 4665 1477 4730 factum,
1507 4667 1778 4734 quomodo
1806 4667 2091 4721 audierunt

518 4757 752 4825 gentes?
782 4756 886 4810 Sed
919 4758 1205 4812 audierunt
1234 4768 1445 4827 gentes.
1477 4759 1618 4825 Ergo
1652 4759 1793 4827 quod
1826 4759 2087 4829 scriptum

516 4858 622 4913 est,
660 4847 861 4903 factum
892 4859 995 4903 est.
1021 4849 1149 4916 Quis
1184 4859 1268 4905 est
1296 4850 1386 4919 qui
1426 4851 1683 4904 donavit?
1710 4852 1802 4919 qui
1836 4862 2082 4905 mortuus

522 4948 646 5004 est;
702 4940 999 5008 etquidem
1041 4950 1336 5012 antequam
1375 4953 1673 5013 pateretur,
1721 4958 1825 4997 non
1873 4943 2094 4997 donavit

525 5033 782 5101 linguam.
811 5032 962 5099 Quod
993 5049 1122 5103 ergo
1152 5050 1255 5089 non
1291 5035 1513 5089 donavit
1562 5047 1849 5104 antequam
1881 5047 2094 5105 patere-

524 5134 632 5189 tur,
667 5127 1121 5194 quemadmodum
1168 5128 1335 5182 douat
1379 5139 1641 5195 mortuus,
1691 5131 1792 5183 nisi
1827 5131 1953 5199 quia
2007 5146 2091 5185 re-

520 5218 800 5272 surrexit?
848 5218 955 5274 Sed
1004 5236 1107 5274 non
1160 5221 1398 5283 donavit,
1455 5237 1551 5274 nec
1605 5237 1731 5276 vera
1780 5222 1906 5276 dicit
1942 5222 2089 5277 Scri-

522 5326 701 5380 ptura.
727 5314 1003 5380 Quomodo
1032 5318 1147 5370 ausi
1167 5329 1289 5372 sunt
1324 5320 1550 5388 apostoli
1578 5319 1727 5373 exire
1760 5319 1825 5371 ad
1859 5320 2089 5389 gentes?

591 5449 640 5481 ”
671 5449 847 5507 Judic.
881 5469 978 5517 xu,
1012 5453 1065 5511 6.
1155 5455 1201 5486 ⁸⁵
1226 5456 1344 5510 Act.
1377 5471 1434 5519 tt,
1472 5457 1521 5511 1.

597 5604 712 5679 (Ἃ)
739 5605 836 5679 Ms.
871 5608 1130 5668 Naturale
1154 5622 1228 5666 est
1258 5614 1473 5679 liugua’.

524 5746 544 5802 ι
599 5676 712 5759 (85)
748 5676 843 5732 Ms.
881 5682 1191 5747 Qucmdum,
1232 5676 1382 5751 quem
1425 5700 1526 5735 ιιυη
1560 5692 1798 5750 poterant
1846 5683 1981 5737 recte
2013 5682 2087 5737 ita

547 5765 689 5802 aut“.

758 5817 838 5869 Ea:
864 5816 1091 5870 Judecis.
1121 5820 1281 5872 Forte
1309 5833 1356 5872 et
1379 5822 1605 5876 Judrris.

598 5888 711 5955 (87)
742 5885 1022 5945 Suscitarit
1058 5907 1167 5944 nos.
1202 5890 1455 5948 Fortasse
1501 5894 1699 5949 dicebat
1757 5895 1878 5951 auia
1924 5896 2083 5951 susci-

2199 4672 2489 4725 admodum
2515 4672 2753 4740 superati
2785 4672 2944 4725 sunt?
2966 4670 3010 4724 si
3041 4686 3146 4724 non
3174 4679 3258 4724 est
3292 4669 3434 4725 facta
3464 4670 3775 4733 admiratio,

2198 4764 2470 4833 quomodo
2509 4765 2732 4819 vincunt
2756 4762 3091 4832 piscatores?
3133 4762 3271 4817 Ecce
3320 4763 3424 4815 alia
3461 4762 3774 4824 admiratio,

2193 4858 2237 4912 si
2272 4856 2414 4911 nulla
2438 4855 2795 4911 admiratione
2825 4856 3065 4910 vincunt.
3105 4855 3171 4909 Et
3203 4864 3352 4908 certe
3385 4854 3568 4907 volunt
3602 4852 3775 4906 Judaei

2194 4950 2462 5011 occidere,
2503 4957 2557 5003 et
2580 4948 2832 5003 concedit
2861 4947 3114 5001 Dominus
3134 4946 3213 5001 eis
3246 4957 3303 5001 ut
3326 4946 3595 5001 occidant.
3625 4943 3777 4999 Mar-

2197 5041 2391 5110 tyrium
2427 5040 2609 5108 itaque
2644 5040 2763 5093 tulit
2811 5041 3139 5109 Stephanus.
3172 5038 3452 5105 Quomodo
3482 5055 3611 5109 ergo
3646 5038 3777 5093 Ste—

2199 5134 2411 5199 phanus
2442 5131 2659 5199 quidem
2694 5132 2760 5183 ab
2804 5130 2922 5184 istis
2960 5132 3257 5184 occiditur?
3302 5129 3440 5184 Utile
3476 5130 3620 5183 enim
3652 5138 3778 5183 erat

2195 5224 2312 5291 ejus
2343 5224 2684 5295 martyrium,
2719 5233 2777 5277 ut
2802 5224 3111 5279 firmaretur
3139 5240 3235 5293 per
3270 5233 3495 5277 mortem
3530 5238 3779 5277 resurre-

2194 5320 2301 5374 ctio
2331 5336 2346 5373 :
2378 5327 2434 5373 et
2472 5320 2656 5373 caueri
2692 5332 2797 5373 non
2829 5318 3188 5374 occiduntur?
3224 5318 3329 5374 Sed
3375 5318 3547 5371 noluit
3587 5316 3776 5374 Israel.

2198 5614 2323 5666 tabi:
2363 5631 2475 5668 nos.

2272 5685 2387 5752 (83)
2420 5684 2515 5739 Ms.
2556 5684 2741 5738 Dicere
2766 5702 2825 5737 ea
2858 5700 2975 5753 qua:
3007 5685 3246 5739 dicebant
3279 5683 3477 5738 Juda't'.

2273 5756 2385 5823 (89)
2415 5754 2512 5813 Ms.
2546 5757 2730 5825 Arguit
2759 5772 2874 5807 eum
2909 5758 3335 5821 experimentum.

2269 5826 2380 5897 (90)
2429 5825 2673 5898 Iurgare.
2705 5826 2863 5882 Forte
2898 5827 3095 5889 iurare.
