4050 6206
332 350 473 406 1109

1399 348 1486 402 DE
1542 344 2142 403 RESURRECTIONE.
2181 377 2245 386 —
2286 345 2410 399 LIB.
2448 346 2511 400 ll.

3428 354 3556 406 illL'

329 461 617 527 Quomodo
648 459 760 514 vult
793 458 1165 527 Stephanum?
1189 459 1262 513 De
1302 459 1405 515 hoc
1438 462 1685 517 concedit
1728 459 1906 515 Domi-
1933 466 1981 522 Α
2009 460 2241 514 ὼεοτυηι
2282 459 2521 528 primarii
2556 456 2871 530 Synagogae,
2905 467 2998 515 aut
3026 460 3379 517 transferrent
3406 467 3557 517 corda

332 568 435 606 nus
472 569 486 605 :
519 548 707 606 suﬂicit
752 551 849 604 hoc
894 550 959 604 ad
990 550 1290 603 victoriam.
1349 554 1625 617 Quomodo
1660 550 1903 606 concedit

334 642 692 712 Stephanum,
724 650 777 695 et
808 655 912 694 non
945 641 1192 694 concedit
1234 648 1288 694 et
1336 641 1507 696 alios?
1534 641 1602 697 Ut
1646 655 1904 713 agnosce-

336 746 488 791 retur
516 736 639 805 quia
690 742 898 787 mortua
947 742 1032 788 est
1075 749 1239 801 mors,
1277 742 1329 789 et
1361 736 1485 803 quia
1533 749 1627 803 per
1675 744 1901 789 mortem

336 828 585 881 ﬁrmatur
613 825 967 888 resurrectio;
1003 832 1061 879 ut
1094 834 1480 894 agnosceretur
1506 826 1628 895 quia
1658 824 1788 878 vivit
1814 824 1901 891 qui

338 918 593 972 vivificat.
624 915 823 969 Volunt
851 915 1020 970 .ludtei
1053 926 1108 970 et
1154 932 1257 971 non
1293 926 1537 985 possunt.
1580 916 1795 986 Moysen
1823 916 1902 969 fa-

341 1010 565 1063 cientem
598 1008 749 1079 signa
783 1008 950 1061 voluit
1001 1006 1166 1063 Israel
1210 1008 1472 1079 lapidare,
1520 1015 1577 1063 et
1620 1007 1905 1077 prophetas

341 1098 673 1160 occiderunt,
712 1105 766 1151 et
808 1096 910 1151 hoe
953 1097 1024 1151 ita
1060 1097 1380 1166 prohibente
1407 1097 1542 1166 lege.
1576 1096 1902 1159 Piscatores,

342 1195 630 1258 arguentes
665 1201 759 1241 eos
796 1194 847 1241 et
874 1186 1224 1256 praedicantes
1250 1185 1601 1251 Cruciflxum,
1634 1199 1737 1238 non
1760 1185 1910 1240 occi-.

343 1282 535 1336 derunt
570 1296 584 1334 :
624 1278 908 1342 Lazarum,
940 1279 1065 1349 quia
1113 1278 1408 1332 resurrexit
1457 1293 1487 1332 a
1539 1280 1786 1341 mortuis,
1808 1293 1905 1331 vo-

341 1371 558 1425 luerunt
599 1369 867 1432 occidere,
919 1378 980 1423 ut
1028 1367 1417 1422 ntortilicarent
1455 1366 1904 1430 admirationem;

342 1470 397 1515 et
424 1474 519 1514 eos
548 1459 640 1528 qui
680 1458 971 1522 praedicant
1006 1457 1452 1512 resurrectionem
1484 1453 1629 1508 affixi
1663 1454 1805 1508 cruci
1842 1452 1909 1507 ab

343 1550 498 1621 ipsis,
556 1565 662 1604 non
701 1548 1034 1603 occiderunt.
1086 1546 1189 1602 Sed
1238 1556 1362 1617 puta
1412 1546 1536 1614 quia
1580 1543 1749 1599 ιιιάωί
1783 1543 1907 1599 victi

345 1651 494 1697 sunt.
538 1640 919 1711 Cogitaverunt
972 1647 1148 1693 autem
1205 1639 1496 1708 piscatores
1541 1636 1607 1689 ad
1652 1634 1906 1690 mundum

348 1735 520 1791 exire.
548 1734 593 1789 si
631 1732 875 1787 homines
903 1732 967 1785 ad
1007 1729 1266 1785 terminos
1316 1727 1498 1783 mundi
1548 1727 1663 1781 sine
1692 1725 1906 1791 litteris,

350 1826 416 1879 ad
444 1825 683 1879 eruditos
715 1822 973 1891 imperiti,
1000 1821 1258 1890 ignobiles
1288 1820 1355 1871 ad
1388 1821 1679 1887 ingenuos;
1711 1815 1909 1885 cogita-
1939 1810 1981 1865 Β

352 1927 545 1972 verunt
572 1926 627 1971 et
657 1926 806 1970 tanto
846 1915 1179 1969 donaverunt
1213 1910 1323 1980 (9i)
1376 1908 1630 1979 Magistro
1676 1916 1908 1971 mortuo,

352 2020 473 2066 cum
510 2024 615 2078 quo
645 2016 700 2062 et
732 2008 932 2061 fuere:
990 2014 1117 2076 puta
1173 2004 1299 2073 quia
1363 2001 1460 2072 ipsi
1518 2000 1911 2070 cogitaverunt,

353 2112 477 2172 puta
511 2103 636 2170 quia
669 2100 841 2154 victus
866 2108 948 2153 est
976 2117 987 2151 :
1021 2095 1290 2167 quomodo
1322 2103 1509 2163 gentes
1535 2096 1911 2158 susceperunt,

349 2202 405 2249 et
456 2202 641 2264 gentes
693 2191 979 2260 discipulos
1034 2187 1353 2242 audiebant?
1417 2182 1533 2239 Non
1587 2181 1915 2237 consuetudo

353 2296 471 2342 erat
505 2295 683 2347 vetus,
740 2301 844 2339 non
894 2282 1179 2338 simulacra
1232 2279 1513 2342 adornata,
1568 2291 1673 2330 non
1722 2272 1914 2342 templa

357 2379 594 2441 excelsa,
626 2392 729 2431 non
778 2376 1014 2431 sacraria
1067 2389 1189 2445 qua:
1237 2370 1406 2426 multo
1459 2376 1741 2423 tenuerant
1781 2378 1917 2419 tem-

356 2487 506 2541 pore,
559 2486 665 2524 non
698 2484 885 2523 versus
918 2466 1225 2535 compositi,
1275 2478 1381 2517 non
1413 2460 1661 2529 superbia
1710 2459 1920 2527 sapien-

357 2566 510 2630 tium,
548 2579 652 2618 non
690 2561 976 2617 multitudo
1008 2568 1310 2629 poetarum,
1350 2569 1454 2608 non
1486 2551 1731 2606 remissio
1764 2549 1919 2603 feria-

360 2674 501 2721 rum,
537 2673 645 2711 non
685 2653 904 2709 traditio
935 2659 1243 2720 parentum,
1287 2662 1394 2700 non
1441 2642 1703 2698 mirabilia
1746 2641 1831 2694 illa
1868 2640 1918 2693 in

366 2750 681 2812 ambitione,
712 2761 828 2816 qua:
858 2760 955 2815 per
993 2752 1138 2797 artes
1177 2750 1230 2795 et
1262 2739 1538 2794 machinas
1567 2744 1620 2789 et
1658 2734 1922 2803 composi-

364 2845 539 2898 tiones
588 2850 769 2894 vatum
823 2839 937 2893 fieri
998 2829 1425 2890 consueverant?
1476 2828 1755 2896 Quomodo
1805 2825 1920 2881 ausi

368 2942 497 2988 sunt
531 2932 827 3002 piscatores
868 2945 934 2983 ne
966 2929 1180 2996 quidem
1223 2940 1385 2996 panes
1414 2930 1687 2994 portantes
1717 2917 1921 2989 ingredi

370 3028 585 3081 domum
616 3020 879 3093 alicujus?
907 3022 973 3076 ad
1009 3035 1168 3090 quam
1211 3012 1621 3086 cognationem?
1667 3011 1732 3064 ad
1761 3022 1922 3079 quam

2001 566 2094 605 sua
2129 551 2333 620 lapidea
2380 550 2446 604 ad
2499 552 2677 615 fidem,
2711 562 2802 605 aut
2830 559 3071 607 tacentes
3119 553 3303 623 utique
3333 553 3557 608 confun-

2002 645 2275 699 derentur.
2308 644 2625 699 Scribantur
2661 643 2777 697 ista:
2817 644 3098 699 suasiones
3129 644 3179 697 in
3229 644 3559 713 uniuscujus-

2002 753 2105 808 que
2160 739 2340 806 corde,
2389 754 2493 793 non
2535 746 2881 792 atramento:
2923 754 3026 792 non
3061 739 3205 792 enim
3258 748 3562 792 atramento

2003 839 2126 886 sunt
2156 831 2313 901 digna
2361 848 2374 884 :
2423 831 2465 885 si
2500 831 2627 899 quid
2678 841 2855 884 autem
2901 846 3022 884 cum
3055 831 3103 883 vi
3154 830 3410 899 loquitur,
3454 829 3561 884 noli

2005 923 2113 993 pati
2154 923 2467 977 mentientes
2488 922 2599 993 (95)
2636 941 2648 976 :
2681 932 2733 977 et
2762 923 2804 977 si
2834 923 3096 977 donamus
3134 922 3333 991 aliquid
3359 937 3563 976 sermo-

2005 1014 2081 1078 ni,
2135 1014 2299 1068 nolite
2348 1013 2552 1069 seduci.
2608 1013 2662 1068 Si
2713 1024 2889 1068 autem
2938 1015 3049 1069 sole
3087 1016 3313 1069 clariora
3351 1015 3563 1084 negotia

2005 1116 2150 1170 sunt,
2199 1106 2363 1162 nolite
2418 1106 2530 1161 fieri
2582 1106 2728 1161 (ζωοί.
2782 1108 2969 1163 Videte
3005 1107 3283 1161 Dominum
3312 1105 3491 1160 Jesuut
3532 1122 3561 1159 a

2006 1199 2232 1254 mortuis
2259 1208 2647 1269 resurgentem.
2678 1199 2870 1254 Videte
2898 1214 3020 1253 eum
3057 1200 3122 1253 ad
3151 1199 3426 1253 dexteram
3462 1196 3565 1249 Pa-

2010 1292 2106 1347 tris
2140 1307 2259 1346 cum
2292 1291 2459 1361 gloria
2503 1292 2801 1345 sedentem.
2834 1290 3035 1359 Quibus
3063 1289 3566 1359 oculis?apostolo-

2009 1398 2125 1435 rum
2166 1383 2362 1452 quippe
2393 1382 2603 1436 illorum
2644 1384 2861 1449 virtute,
2890 1383 3104 1437 illorum
3141 1382 3384 1438 scientia.
3419 1380 3564 1447 Quo-

2010 1474 2167 1527 modo
2196 1474 2427 1544 suscepti
2475 1474 2634 1529 sunt?
2660 1476 2924 1544 quomodo
2963 1474 3223 1529 creditum
3271 1473 3392 1528 est?
3432 1488 3567 1541 quo-

2012 1566 2167 1619 modo
2189 1567 2457 1621 destructa
2493 1575 2618 1621 sunt
2662 1567 2918 1621 veterna?
2956 1567 3224 1635 quomodo
3267 1563 3567 1618 introducta

2010 1672 2129 1727 qua:
2168 1659 2219 1713 in
2256 1660 2629 1727 praedicatione
2674 1668 2832 1713 erant
2865 1668 3116 1728 tanquam
3150 1656 3468 1711 inhonesta?
3504 1654 3571 1707 Et

2013 1759 2155 1804 certe
2188 1754 2349 1805 multa
2405 1761 2557 1805 erant
2586 1751 2967 1821 impedimenta
3002 1750 3139 1821 apud
3183 1765 3307 1811 eos;
3342 1760 3569 1803 consue-

2013 1841 2138 1894 tudo
2159 1856 2276 1911 quae
2296 1844 2580 1910 putabatur
2602 1852 2774 1908 vetus,
2800 1844 3079 1912 imperium
3107 1842 3573 1901 adversariorum,

2014 1934 2257 1990 remissio
2291 1933 2643 1999 feriarum,et
2675 1951 2736 1991 ea
2774 1950 2892 2005 quae
2917 1935 3277 2006 particulatim
3313 1932 3567 2005 praedicm

2013 2036 2135 2081 sunt
2162 2044 2173 2079 :
2200 2027 2268 2080 ab
2301 2040 2365 2081 eo
2397 2038 2575 2081 autem
2619 2028 2708 2097 qui
2741 2027 3136 2098 praedicabatur
3162 2044 3315 2092 crux,
3343 2036 3397 2083 et
3429 2028 3570 2097 quad

2015 2118 2159 2172 ineo
2189 2128 2306 2173 erat
2359 2118 2674 2174 incredibile
2723 2130 2778 2175 et
2827 2122 2946 2175 sine
2986 2122 3208 2175 honore.
3255 2120 3571 2174 Praeconurn

2016 2222 2193 2265 autem
2213 2209 2468 2279 abjeCtio,
2500 2212 2832 2280 ignobilitas,
2866 2213 3008 2267 nulla
3042 2212 3310 2273 doctrina,
3339 2219 3572 2281 egestas,

2018 2316 2274 2356 numerus
2302 2316 2515 2370 parvus.
2552 2303 2632 2358 Ab
2660 2303 2777 2373 ipsa
2816 2316 2994 2358 autem
3029 2302 3411 2372 prmdicatione
3438 2301 3577 2370 jeju-

2020 2393 2165 2446 nium
2209 2408 2307 2461 pro
2337 2393 2621 2455 ebrietate,
2652 2395 2909 2462 pudicitia
2959 2409 3057 2464 pro
3099 2394 3337 2456 libidine,
3376 2393 3578 2446 donare

2019 2499 2114 2539 sua
2149 2500 2308 2553 quam
2359 2501 2569 2556 rapere.
2616 2486 2673 2541 Si
2710 2487 2874 2558 igitur
2924 2488 3013 2556 qui
3058 2486 3471 2557 praedicabatur
3497 2484 3581 2537 in-

2020 2576 2386 2632 credulitatem
2450 2578 2684 2633 habebat
2753 2587 2971 2647 propter
3031 2576 3400 2646 impotentiam
3460 2590 3580 2644 qua:

2021 2670 2306 2738 putabatur
2329 2669 2526 2734 crucis,
2569 2679 2624 2723 et
2664 2668 2751 2737 qui
2787 2669 3153 2737 praedicabant
3184 2668 3363 2720 omnia
3399 2667 3579 2720 incre-

2021 2761 2235 2827 dibilia;
2267 2762 2400 2816 adde
2442 2771 2621 2816 autem
2656 2771 2708 2817 et
2730 2763 3158 2833 persecutionem
3192 2762 3425 2829 ipsorum
3453 2774 3578 2812 cum

2023 2852 2356 2919 vapularent,
2397 2868 2517 2910 cum
2570 2851 2792 2921 injurias
2848 2852 3193 2916 sustinerent,
3234 2866 3355 2903 cum
3410 2849 3584 2903 reclu-

2025 2940 2275 2995 derentur
2321 2953 2377 2996 et
2426 2940 2893 3006 interficerentur;
2958 2940 3003 2994 si
3047 2941 3137 3009 qui
3190 2939 3585 3008 praedicabatur

2024 3031 2340 3088 interfectus
2378 3041 2481 3098 est,
2512 3034 2603 3103 qui
2636 3033 2927 3104 praedicant
2956 3030 3374 3095 interficiuntur,
3398 3041 3452 3084 et
3487 3030 3579 3099 qui

370 3118 600 3173 similem
655 3114 927 3184 linguam?
972 3115 1036 3167 ad
1089 3126 1247 3182 quam
1282 3108 1554 3163 civitatem
1603 3114 1658 3160 et
1708 3104 1922 3157 domum

2028 3125 2257 3180 credunt
2302 3125 2726 3194 persecutionem
2778 3124 3064 3180 sustinent.
3113 3123 3270 3178 Unde
3302 3122 3584 3176 creditur?

372 3208 794 3281 agnoscentum?
833 3207 936 3263 Sed
978 3203 1282 3275 praadicatio
1311 3214 1429 3256 erat
1459 3201 1704 3255 honesta.
1742 3198 1928 3251 Cruci-

370 3304 511 3357 fixus
541 3301 957 3370 praedicabatur,
989 3307 1042 3352 et
1073 3297 1161 3365 qui
1190 3294 1556 3366 praadicabant
1592 3290 1849 3353 humiles,
1875 3296 1930 3343 et

372 3394 567 3464 quibus
607 3391 1002 3463 prmdicabatur
1041 3388 1297 3458 praaveuti
1345 3394 1521 3441 erant.
1556 3384 1707 3437 Nunc
1739 3396 1928 3435 ascen-

369 3489 461 3544 dat
515 3486 634 3555 quis
680 3484 745 3537 ad
789 3481 1069 3550 templum,
1119 3480 1264 3534 dicat
1292 3477 1434 3547 quod
1478 3491 1659 3530 verum
1692 3481 1775 3528 est
1807 3472 1930 3541 quia

368 3595 474 3634 non
520 3585 645 3630 sunt
688 3575 761 3628 dii
797 3573 1048 3639 lapides:
1090 3571 1133 3625 si
1165 3570 1398 3640 potuerit.
1450 3567 1792 3621 dinumerare
1837 3577 1932 3617 eos

372 3669 464 3739 qui
498 3668 781 3722 adversum
826 3679 883 3719 se
918 3663 1203 3731 iaciuntur.
1250 3661 1306 3715 Si
1355 3671 1530 3715 autem
1565 3673 1740 3725 reges,
1777 3670 1932 3710 exer-

373 3763 511 3817 citus
539 3769 592 3813 et
632 3758 775 3828 leges
811 3772 907 3825 pro
947 3756 1208 3824 religione
1243 3762 1389 3817 sunt,
1419 3759 1471 3805 et
1497 3750 1777 3803 multitudo
1806 3748 1935 3801 fide-

372 3853 524 3917 lium,
553 3860 713 3905 tanta:
743 3849 900 3903 minae
936 3848 1219 3903 adversum
1244 3861 1339 3901 eos
1364 3846 1452 3914 qui
1485 3846 1599 3899 haac
1632 3858 1733 3897 non
1765 3841 1937 3896 susci-

375 3948 547 4017 piunt,
589 3944 763 3998 nullus
792 3958 957 3997 ausus
991 3951 1074 3996 est
1111 3956 1125 3993 :
1182 3948 1236 3994 et
1281 3938 1328 3992 si
1383 3936 1545 3991 fuerit
1600 3950 1787 3997 ausus,
1830 3949 1935 3987 non

379 4043 539 4095 vivet.
603 4039 658 4093 Si
714 4038 931 4100 dixerit,
986 4036 1072 4089 isti
1131 4035 1201 4089 dii
1269 4048 1372 4087 non
1416 4042 1540 4086 sunt
1581 4030 1675 4094 dii,
1740 4028 1835 4082 sed
1893 4026 1939 4082 si

383 4152 523 4191 nunc
551 4135 661 4205 (99)
692 4134 762 4187 ita
800 4141 1159 4200 repetentem,
1192 4129 1310 4183 vide
1341 4143 1459 4197 quae
1483 4134 1598 4180 erat
1628 4124 1798 4177 virtus
1827 4122 1942 4176 sine

382 4228 599 4299 ltis(95)
634 4226 723 4295 qui
762 4224 1062 4278 circuibant
1107 4221 1361 4274 mundum
1414 4236 1428 4273 :
1481 4227 1535 4273 et
1581 4217 1764 4270 dicunt
1816 4216 1941 4283 quia

385 4324 485 4378 ista
514 4338 618 4376 non
666 4326 790 4375 sunt
819 4334 938 4388 qua:
967 4323 1249 4386 apparent,
1284 4326 1457 4381 neque
1512 4311 1612 4365 ista
1667 4318 1940 4377 putantur,

385 4430 557 4487 neque
609 4415 695 4469 illa
726 4426 846 4483 qua:
888 4409 1158 4480 sapientes
1188 4408 1372 4461 dicunt
1425 4413 1516 4458 aut
1545 4412 1713 4473 poeta:
1741 4400 1944 4455 conlin-

2029 3216 2096 3270 ab
2123 3216 2272 3285 ipso.
2310 3231 2338 3268 a
2368 3215 2479 3269 suis
2510 3214 2989 3284 praedicatoribus?
3018 3213 3085 3268 ab
3106 3214 3191 3267 his
3216 3213 3304 3282 qui
3336 3227 3587 3279 suscepe-

2029 3308 2193 3361 runt?
2220 3306 2325 3362 Sed
2355 3321 2420 3361 ex
2457 3306 2845 3362 consuetudine
2886 3322 3005 3374 quae
3030 3307 3302 3360 contraria
3335 3319 3585 3375 suggere-

2030 3398 2159 3453 bat?
2184 3399 2277 3453 sed
2303 3400 2371 3453 ab
2402 3398 2702 3454 acerbitate
2734 3398 3131 3466 praedicationis
3164 3398 3247 3452 cui
3274 3396 3591 3451 adversaba-

2034 3498 2119 3543 tur
2151 3489 2366 3557 requies
2390 3504 2506 3559 qttaz
2535 3488 2584 3541 in
2622 3486 2798 3542 Veteri
2844 3496 2964 3540 erat
2996 3486 3339 3541 Testamento
3366 3488 3590 3553 permis-

2031 3596 2089 3636 sa
2123 3581 2271 3652 (96)?
2298 3582 2389 3635 sed
2422 3597 2451 3634 a
2478 3580 2965 3650 promissionibus?
2995 3582 3233 3633 Mortuus
3255 3587 3358 3639 est,
3392 3577 3588 3646 inquit,

2032 3675 2271 3744 quidam,
2304 3681 2360 3728 et
2406 3673 2696 3729 resurrexit
2718 3671 3036 3740 aliquando;
3068 3679 3123 3725 et
3150 3668 3447 3739 persecutio
3472 3667 3592 3735 qui-

2033 3766 2153 3822 dem
2199 3768 2407 3831 aderat,
2458 3765 2845 3834 promissiones
2890 3772 3066 3816 autem
3098 3762 3429 3815 dicebantur.
3483 3757 3589 3812 Sed

2036 3866 2192 3924 putas
2238 3864 2604 3924 provenerunt
2653 3854 2773 3919 ista,
2816 3861 2873 3906 et
2903 3861 3189 3907 suaserunt
3234 3848 3501 3919 discipuli,
3539 3860 3592 3902 et

2039 3947 2331 4001 translatus
2357 3955 2441 4001 est
2472 3946 2722 4010 mundus,
2763 3954 2817 3999 et
2847 3943 3011 3999 .ludtni
3045 3940 3364 3997 cessarunt?
3394 3940 3593 4009 ltnpos.

2038 4035 2213 4089 sibilia
2259 4036 2399 4090 facta
2433 4045 2559 4089 sunt
2599 4033 2900 4102 possibilia,
2931 4041 2985 4087 et
3028 4032 3220 4086 iterum
3251 4029 3467 4083 silentio
3494 4045 3509 4080 :
3541 4038 3595 4081 et

2039 4128 2085 4181 si
2120 4127 2340 4181 fortuitu
2386 4126 2518 4197 (97).
2552 4126 2607 4179 Si
2659 4134 2836 4179 autem
2883 4124 3130 4193 przedixit
3180 4139 3242 4176 ea
3288 4120 3446 4175 Jesus
3473 4130 3598 4173 ante

2039 4233 2275 4283 crucem,
2307 4218 2535 4289 perfecit
2571 4227 2748 4271 autem
2790 4227 2909 4286 post
2943 4230 3180 4276 crucem,
3215 4213 3344 4283 quid
3378 4228 3480 4267 non
3513 4212 3598 4263 vi-

2041 4311 2230 4364 demus
2260 4311 2326 4363 ad
2378 4310 2567 4373 solem,
2616 4309 2702 4362 ubi
2741 4319 2795 4361 et
2844 4308 3126 4378 prtedixit?
3173 4305 3269 4360 Ubi
3300 4306 3443 4359 cnim
3494 4320 3598 4359 non

2042 4400 2325 4468 przedixit?
2354 4400 2409 4454 Si
2455 4400 2577 4467 quis
2622 4408 2798 4451 autem
2831 4408 3104 4452 scrutatus
3140 4397 3300 4450 fuerit
3340 4395 3456 4464 ejus
3484 4411 3603 4449 ser-

385 4519 514 4580 gunt
561 4519 615 4563 et
656 4522 776 4576 quae
806 4506 1117 4573 loquuntur.
1157 4500 1487 4555 Mentiuntur
1519 4494 1754 4551 sacraria
1788 4509 1802 4544 ε
1836 4506 1938 4545 non
1971 4496 2015 4551 D
2049 4508 2251 4556 moues,
2281 4507 2384 4547 non
2424 4501 2508 4546 est
2556 4493 2671 4558 ejus
2717 4505 2917 4551 sermo.
2950 4492 2999 4545 in
3030 4506 3138 4559 quo
3172 4504 3274 4543 non
3308 4500 3388 4544 est
3421 4488 3604 4543 statim

386 4619 510 4657 vera
567 4602 819 4656 dicuntur
860 4595 1289 4650 vaticinationes.
1329 4588 1632 4645 Praemissio
1681 4584 1791 4655 (94)
1826 4583 1939 4651 ipsa

387 4709 585 4750 nocens
614 4706 666 4748 et
696 4708 785 4747 ars
828 4689 1047 4744 mentita
1078 4698 1180 4742 est.
1206 4683 1425 4752 Templa
1466 4681 1601 4735 male
1631 4684 1939 4733 constructa

386 4795 532 4850 sunt,
556 4784 790 4839 recedite
814 4796 843 4836 a
886 4779 1124 4851 paternis
1152 4786 1207 4832 et
1248 4777 1449 4831 credite
1488 4772 1776 4830 Crucifiso.
1809 4768 1939 4836 Quis

388 4890 544 4949 putas
574 4877 645 4931 ita
693 4876 961 4946 lapideum
992 4872 1154 4927 habet
1182 4869 1311 4925 cor?
1342 4868 1450 4928 Ego
1494 4874 1620 4935 puto
1651 4863 1772 4931 quia
1813 4870 1865 4912 et
1896 4861 1941 4913 si

391 4970 667 5041 gentilium
698 4969 935 5038 ipsorum
973 4964 1186 5035 quidem
1225 4963 1471 5017 adessent
1499 4958 1723 5027 priores,
1755 4963 1809 5007 et
1847 4949 1940 5006 Ju-

461 5109 508 5141 "
530 5108 715 5163 Matth.
745 5123 820 5172 tv,
845 5107 931 5163 19.

470 5248 581 5317 (91)
620 5247 788 5305 Tanto
810 5236 1442 5317 donatterunt.lt'ort_e,.1_§t
1466 5248 1609 5289 tanta
1631 5234 1948 5317 donatiuum

397 5306 647 5387 magistro
668 5332 687 5380 ,'
717 5328 777 5371 ut
797 5330 954 5383 supra
984 5313 1085 5368 col.
1109 5310 1241 5366 llth
1264 5308 1327 5375 Β,
1356 5306 1540 5360 Petrus
1562 5307 1735 5359 omnia
1752 5306 1952 5356 donans

395 5399 666 5451 magistro.

468 5445 581 5529 (92)
624 5456 723 5512 Sed
749 5456 815 5529 si,
835 5469 993 5529 nunc,
1032 5450 1301 5511 Fortasse,
1336 5449 1427 5529 sed
1470 5447 1512 5500 si
1540 5461 1679 5529 nunc
1707 5445 1782 5496 ita
1810 5459 1957 5529 τεμεῖ

403 5516 523 5584 tat‘?
553 5516 601 5582 i'd
623 5539 705 5583 est
730 5525 935 5595 quidsi
978 5524 1081 5577 ista
1105 5537 1207 5575 non
1243 5518 1432 5584 semel,
1459 5519 1552 5572 sed
1584 5516 1777 5569 iterum
1818 5523 1955 5580 apud

398 5594 883 5672 pztganosﬂdixerit?
953 5663 963 5672 .
1136 5662 1145 5671 '
1249 5660 1293 5672 ν
1370 5657 1408 5672 ﬁ
1481 5667 1491 5672 _
1794 5661 1809 5672 ⁸
1880 5652 1890 5661 ,

475 5657 753 5740 (95)-ραιε
782 5675 891 5720 erat
918 5663 1078 5740 uirtus
1104 5660 1341 5740 siue__ltis.
1370 5657 1530 5712 Forte
1556 5670 1671 5727 qua:
1696 5661 1809 5707 erat
1847 5657 1951 5705 rir-

402 5730 693 5799 ttts‘iu'his,
724 5750 914 5801 nempe
947 5734 997 5785 in
1031 5730 1298 5799 apostolis.

475 5810 584 5872 (95)
630 5805 944 5860 Prwmissio.
980 5802 1135 5857 Forte
1169 5803 1459 5869 promissio.

2044 4597 2097 4642 et
2121 4585 2453 4655 praedicatio.
2480 4584 2783 4640 Piscatores
2810 4584 2953 4640 enim
2986 4583 3288 4637 nominavit
3316 4581 3606 4650 discipulos

2044 4693 2216 4734 suos:
2260 4679 2310 4732 in
2358 4693 2425 4731 eo
2473 4678 2599 4732 dum
2635 4688 2856 4732 vocaret
2892 4676 3204 4743 piscatores,
3252 4674 3603 4743 piscationem

2045 4768 2385 4823 annuntiavit
2444 4767 2618 4836 lpsum
2650 4767 2792 4821 enim
2842 4780 3058 4829 nomen,
3097 4762 3489 4832 praedicationis
3526 4768 3608 4813 est

2048 4860 2395 4928 nuncupatio.
2446 4860 2669 4915 Vocavit
2720 4873 2813 4912 eos
2868 4858 3163 4926 piscatores
3210 4854 3489 4908 hominum
3540 4853 3608 4905 ad

2045 4952 2272 5007 salutem
2299 4952 2366 5006 ³⁸.
2399 4951 2597 5007 Piscati
2625 4961 2751 5006 sunt
2779 4958 2980 5003 autem.
3008 4948 3067 5002 Si
3096 4963 3200 5003 non
3232 4956 3358 5001 sunt
3383 4944 3606 5015 ,piscati,

2129 5227 2239 5299 (95)
2282 5227 2379 5299 Ms.
2410 5224 2722 5299 Nolite_pati
2748 5221 3068 5299 mentientes.

2129 5292 2237 5368 (96)
2285 5296 2563 5368 ξεγπιὶδω.
2591 5292 3049 5368 Forteprontissm

2131 5354 2351 5439 (97)Ἐε
2381 5369 2567 5439 iteru_m
2597 5354 2803 5439 silentio
2836 5377 2868 5439 _:_
2890 5370 2937 5412 et
2981 5360 3025 5411 si
3052 5355 3291 5439 fortuitu.
3327 5354 3606 5439 Sententia

2060 5425 2274 5495 videtur
2302 5452 2420 5491 esse
2456 5453 2467 5486 :
2498 5435 2559 5487 Et
2596 5434 2790 5485 iterum
2819 5430 3127 5496 dices,quid
3158 5428 3201 5478 si
3227 5426 3338 5496 hzec
3367 5425 3604 5488 silentio,

2064 5511 2116 5564 id
2148 5518 2231 5564 est
2259 5507 2395 5562 clam
2426 5514 2476 5557 et
2512 5503 2740 5555 obscure
2780 5511 2991 5568 peracta
3024 5495 3187 5550 sunt?
3212 5495 3339 5568 quid
3371 5496 3413 5549 si
3441 5498 3605 5549 etiam

2066 5579 2286 5633 fortuito
2320 5586 2373 5629 et
2409 5584 2605 5626 temere
2648 5565 3022 5640 contigerunt?
3066 5565 3393 5640 Respondet,
3422 5581 3609 5640 neque

2058 5652 2194 5703 clam
2225 5660 2343 5700 esse
2376 5652 2611 5710 peracta,
2662 5642 2784 5708 quia
2801 5634 2875 5693 ad
2900 5638 3089 5710 solem,
3125 5638 3175 5689 id
3200 5646 3310 5710 gest
3352 5634 3524 5710 palam
3556 5644 3611 5686 et

2060 5725 2238 5784 aperte
2269 5702 2414 5783 gesta
2445 5702 2606 5772 sunt;
2628 5702 2799 5779 neque
2853 5709 3089 5774 fortuito,
3124 5707 3247 5775 quia
3299 5704 3411 5759 lucc
3453 5702 3606 5757 lesus

2057 5787 2221 5841 tnulto
2250 5795 2371 5838 ante
2399 5784 2736 5844 prmdixcrat.
