4050 6206
492 358 611 411 MH

1152 356 1422 413 EUSEBII
1462 359 1939 417 CAESARIENSIS
1976 364 2125 420 OPP.
2166 366 2347 423 PARS
2384 366 2473 424 iV.
2513 398 2582 409 —
2619 367 3039 424 DOGMATICA.

3590 366 3729 421 1119

487 471 743 526 mentitus
764 478 849 529 est
870 477 924 525 et
955 478 1220 526 mortuus.
1252 471 1311 526 Si
1336 485 1516 528 autem
1544 482 1598 527 et
1633 475 1881 530 absentes
1904 492 2045 531 nunc
2073 485 2120 542 Α
2150 483 2533 547 prwdicabitur
2558 493 2605 535 et
2647 484 2741 534 hoc
2780 483 2919 544 quod
2949 479 3068 548 fecit
3094 482 3195 532 ista
3229 478 3297 533 ".
3329 477 3397 531 Et
3426 492 3591 547 parva
3623 477 3715 529 illa

486 578 652 631 usque
679 563 955 631 piscamur
986 561 1254 628 homines,
1279 579 1454 619 nonne
1494 576 1715 635 apparet
1740 568 1865 636 quia
1896 570 2046 623 adest

484 655 575 724 qui
624 654 770 709 misit
802 654 1101 722 piscatores
1140 655 1205 707 ad
1253 655 1614 724 piscantium?
1665 657 1730 712 Et
1778 675 1900 714 cum
1944 661 2051 716 sint

484 750 755 811 absentes,
790 748 933 802 sales
964 762 1058 802 eos
1091 749 1379 818 appellavit
1405 752 1471 807 ⁸⁷.
1518 752 1575 805 Si
1612 767 1716 806 non
1746 762 2053 809 statuerunt

486 848 724 895 nostram
770 839 1145 907 putredinem,
1190 840 1236 893 si
1302 858 1407 895 non
1454 843 1795 896 deterserunt
1843 855 2053 898 nostras

486 932 690 997 sordes,
726 930 768 984 si
803 945 906 985 non
950 932 1379 986 emundavernnt
1407 943 1620 987 nostras
1658 934 1970 1003 spurcitias,
2007 934 2050 989 si

486 1038 591 1079 non
624 1024 965 1077 immiserunt
1006 1023 1056 1076 in
1095 1025 1249 1079 nobis
1293 1040 1571 1093 saporem,
1607 1040 1713 1079 non
1761 1026 1869 1080 sint
1910 1027 2052 1096 quod

484 1116 612 1168 dicti
642 1126 787 1169 sunt.
826 1114 884 1169 Si
909 1126 1089 1170 autem
1115 1132 1143 1169 a
1175 1117 1451 1186 spurcitiis
1486 1132 1585 1171 nos
1618 1126 1671 1170 et
1703 1117 1894 1173 faetore
1920 1119 2053 1173 lihe—

484 1216 691 1272 rarunt,
734 1194 1041 1262 statuerunt
1082 1218 1262 1263 autem
1298 1218 1513 1265 nostras
1560 1210 1910 1272 deﬂuxiones.
1962 1213 2055 1265 de-

486 1308 762 1355 terserunt
797 1309 1014 1355 nostras
1050 1302 1261 1367 sordes,
1290 1303 1444 1356 suavi
1493 1314 1671 1359 autem
1709 1305 1876 1359 odore
1914 1305 2053 1374 pleni

484 1404 668 1445 sumus
703 1404 799 1458 per
829 1391 971 1454 illos,
1003 1402 1059 1444 et
1084 1406 1270 1445 sumus
1301 1406 1425 1446 esca
1457 1393 1634 1447 divina
1671 1412 1684 1447 :
1718 1395 2053 1464 reprehende

486 1481 942 1550 prmdicationem,
983 1483 1026 1536 si
1069 1483 1333 1536 concedet
1378 1482 1472 1537 tibi
1505 1484 1680 1537 exitus
1729 1499 1932 1537 rermn.
1969 1484 2055 1538 Pi-

484 1582 729 1628 scatores
779 1574 920 1628 sales
956 1589 1049 1627 eos
1085 1574 1219 1628 dixit
1258 1582 1311 1627 et
1341 1574 1603 1628 exhibuit.
1652 1575 1892 1643 Denique
1920 1586 1972 1630 et
2002 1576 2053 1629 in

487 1664 597 1718 alia
624 1664 1007 1733 praidicatione
1031 1664 1209 1719 lumen
1234 1680 1329 1719 eos
1358 1664 1483 1719 facit
1506 1676 1561 1720 et
1583 1667 1711 1720 dicit
1746 1684 1760 1721 :
1808 1664 1907 1721 Vos
1933 1670 2055 1723 estis

484 1756 657 1809 lumen
689 1758 953 1810 mundi“.
979 1756 1287 1811 Piscatores
1316 1757 1531 1825 privati,
1558 1758 1840 1828 ignobiles,
1873 1761 2049 1829 egeni,

2147 578 2363 630 occasio
2395 575 2654 644 unguenti
2706 583 2910 627 tantam
2958 571 3384 641 magnitudinem
3423 571 3725 625 introduxit

2147 668 2553 736 praedicationis
2580 685 2594 721 :
2629 676 2681 720 et
2704 667 2904 720 dictum
2936 676 3016 719 est
3047 665 3173 733 quia
3202 673 3313 719 toto
3356 665 3554 719 mundo
3584 680 3699 734 pra:

2150 760 2416 814 dicabitur
2456 774 2653 813 nomen
2695 774 2893 822 meum,
2927 768 2981 812 et
3029 757 3175 811 illius
3219 756 3464 833 mulieris
3493 755 3639 810 lusus
3671 756 3725 809 in

2154 855 2474 909 memoriam
2523 854 2647 908 erit.
2677 851 2806 919 Quae
2842 851 3139 906 auctoritas
3172 850 3329 905 istius
3364 849 3549 904 vocis?
3584 848 3723 916 Quid

2152 946 2295 1000 enim
2341 946 2469 1000 dicit
2514 946 2603 1014 qui
2642 955 2885 998 mortuus
2921 953 3005 998 est
3053 952 3176 1013 post
3213 954 3435 997 mortem
3491 944 3580 998 his
3626 942 3723 1012 qui

2151 1035 2551 1104 przedicarunt?
2585 1034 2739 1089 Exite
2773 1033 2842 1087 ad
2887 1034 3188 1087 universum
3234 1036 3501 1088 mundum.
3546 1035 3723 1098 Dixit,

2152 1136 2244 1181 aut
2288 1143 2393 1180 non
2441 1127 2612 1181 dixit?
2657 1127 2714 1181 Si
2774 1142 2878 1181 non
2935 1126 3090 1194 dixit,
3143 1128 3409 1197 quomodo
3458 1139 3724 1182 exeuntes

2154 1217 2497 1287 perfecerunt
2518 1234 2636 1288 quze
2660 1216 2856 1286 jussit?
2877 1219 3148 1289 quomodo
3165 1219 3401 1289 suspecti
3419 1229 3535 1273 sunt
3557 1220 3674 1289 (99)
3698 1222 3721 1275 2

2153 1312 2422 1383 quomodo
2445 1313 2535 1381 qui
2565 1319 2809 1366 mortuus
2839 1318 2941 1377 est,
2974 1322 3218 1365 mortuus
3246 1311 3361 1365 est?
3390 1310 3488 1372 Ite,
3518 1313 3715 1377 docete,

2156 1403 2351 1473 inquit,
2383 1418 2561 1455 omnes
2591 1412 2765 1471 gentes
2788 1416 2807 1455 :
2842 1417 2874 1455 ο
2906 1402 3049 1471 regia
3080 1417 3205 1465 vox,
3241 1416 3276 1456 ο
3305 1402 3535 1456 tenentis
3562 1418 3714 1455 mun-

2155 1496 2279 1550 dum
2332 1493 2651 1562 promissio!
2692 1492 2794 1559 Ite,
2839 1496 3017 1547 docete
3056 1509 3233 1545 omnes
3266 1503 3461 1561 gentes.
3497 1493 3717 1559 Quantis

2156 1586 2291 1641 dicis
2328 1586 2462 1646 haec,
2496 1600 2529 1639 o
2568 1585 2828 1640 Domine?
2861 1584 3151 1639 Duodecim
3202 1583 3511 1638 hominibus
3541 1585 3607 1637 ad
3636 1584 3722 1637 iu-

2157 1677 2546 1731 numerabilem
2578 1676 2826 1745 pOpulum
2856 1692 2869 1729 :
2906 1685 2955 1729 et
2988 1676 3246 1741 baptizate
3281 1692 3369 1729 eos
3399 1675 3467 1739 “,
3507 1676 3723 1745 inquit;

2156 1778 2210 1822 et
2239 1766 2483 1821 fecerunt
2526 1784 2646 1837 quae
2696 1767 2957 1821 videmus.
3006 1768 3200 1821 lterum
3231 1782 3364 1821 sane
3396 1782 3725 1836 comparans

485 1849 665 1903 lumen
720 1848 900 1902 mundi
951 1849 1219 1902 dicuntur.
1275 1847 1472 1902 Domus
1518 1850 1662 1903 enim
1715 1850 1760 1904 si
1808 1850 2052 1916 dixisset,

2158 1860 2439 1930 parabolas
2462 1859 2703 1928 prtedicit
2728 1876 2741 1913 :
2773 1859 2960 1914 Simile
2980 1869 3054 1912 est
3082 1875 3298 1928 regnum
3326 1859 3597 1923 caelorum,
3622 1859 3725 1915 hoc

485 1956 591 1996 non
619 1950 763 1994 esset
793 1956 1065 2009 magnum,
1097 1942 1141 1993 si
1171 1939 1253 1992 via
1292 1938 1516 2007 alicujus
1540 1954 1645 1993 non
1669 1948 1836 1995 esset.
1867 1942 2055 1995 Adhuc

488 2034 681 2101 majus.
716 2033 967 2087 Civitatis
1010 2033 1154 2085 enim
1186 2031 1344 2085 mlius
1379 2031 1422 2085 si
1452 2031 1694 2086 dixisset.
1727 2033 1831 2087 Sed
1870 2033 2050 2087 lumen

485 2142 577 2181 eos
610 2141 730 2181 esse
762 2141 865 2180 non
894 2133 978 2179 est
1018 2125 1334 2179 incredibile
1377 2124 1613 2177 nationis
1642 2124 1866 2195 integrae
1905 2142 1919 2178 :
1960 2126 2052 2178 sed

486 2219 692 2279 mundi,
746 2217 942 2286 inquit,
989 2216 1122 2270 estis
1156 2216 1356 2269 lumen.
1404 2215 1460 2271 Si
1511 2217 1647 2269 dixit
1692 2232 1963 2283 magnum,
2001 2225 2055 2269 et

489 2324 594 2365 non
642 2308 769 2361 fecit
799 2305 1117 2375 maximum,
1153 2322 1280 2361 num
1324 2307 1579 2361 mentitus
1610 2316 1694 2362 est
1726 2306 1965 2375 aliquid?
1996 2306 2051 2362 Si

486 2411 664 2455 autem
697 2400 828 2453 dicit
871 2414 1087 2468 magna,
1129 2407 1389 2466 operatur
1430 2411 1604 2452 autem
1650 2399 1877 2466 majora,
1925 2399 2052 2468 quid

487 2491 747 2547 faciemus
777 2490 843 2544 de
870 2488 955 2544 his
981 2504 1102 2558 qua:
1147 2488 1435 2543 videntur?
1476 2488 1619 2541 Dicit
1649 2488 1806 2542 Petro
1841 2506 1854 2542 :
1887 2488 1966 2542 Tu
1999 2506 2053 2543 es

488 2582 698 2645 Petrus,
731 2590 779 2635 et
810 2597 967 2650 super
997 2582 1154 2633 istaut
1197 2589 1399 2648 petram
1439 2580 1712 2648 adi/icabo
1754 2578 2048 2634 Ecclesium

486 2690 652 2728 meam
683 2672 751 2727 ⁸⁹.
782 2671 941 2727 Certe
968 2671 1361 2726 aedilicaturum
1398 2687 1455 2725 se
1487 2671 1831 2740 promittebat
1866 2673 2055 2727 Eccle-

486 2767 622 2821 sium
668 2780 847 2819 suam.
881 2764 940 2818 Si
975 2779 1078 2815 non
1109 2762 1416 2824 :cdilicavit,
1454 2772 1701 2817 mortuus
1729 2772 1829 2816 est.
1868 2763 1923 2818 Si
1960 2779 2055 2816 au-

487 2866 593 2912 tem
623 2854 914 2911 aedificavit
937 2853 1027 2922 qui
1066 2868 1168 2904 non
1209 2852 1359 2913 vivit,
1388 2852 1571 2905 dirant
1598 2853 1866 2920 quomodo
1889 2854 2055 2906 aedili-

486 2950 629 3003 eavit
676 2966 690 3003 :
743 2947 836 3002 sed
886 2944 1197 3009 aediﬁcavit,
1250 2944 1381 2997 nihil
1433 2955 1613 2997 autem
1658 2944 1901 2999 addidit?
1959 2944 2053 2999 sed

486 3039 617 3093 dicit
635 3057 647 3093 :
666 3049 713 3092 et
735 3047 901 3103 porta:
923 3036 1080 3104 inferi
1105 3051 1205 3087 non
1221 3034 1568 3103 prwvalebunt
1588 3035 1835 3088 adversus
1855 3051 1967 3087 eam
1983 3035 2051 3089 ”.

487 3129 542 3185 Si
579 3145 684 3183 non
724 3129 854 3182 moti
879 3126 1041 3197 gladii
1071 3136 1217 3189 sunt,
1247 3135 1300 3179 et
1324 3125 1622 3189 exercitus,
1651 3137 1705 3179 et
1734 3128 1970 3198 tyranni,
1997 3136 2053 3181 et

487 3220 649 3290 leges,
699 3229 755 3272 et
787 3234 982 3286 prauae,
1033 3227 1090 3271 et
1138 3232 1304 3279 mors,
1360 3228 1413 3270 et
1454 3217 1687 3271 varietas
1737 3217 1951 3284 horum,
2000 3228 2056 3274 et

488 3310 647 3380 ignis,
675 3319 731 3364 et
761 3323 929 3373 mare,
972 3318 1026 3363 et
1069 3308 1239 3375 tluvii,
1272 3316 1324 3363 et
1369 3309 1549 3361 omnia
1597 3308 1757 3361 simul
1800 3309 2055 3365 adversus

486 3404 645 3457 istam
685 3402 1146 3471 praedicationem,
1181 3410 1233 3456 et
1277 3416 1371 3469 per
1409 3400 1589 3455 omnia
1629 3402 1892 3456 transiens
1922 3417 2056 3473 prte-

487 3492 687 3548 dieatio
716 3492 946 3547 conﬂata
985 3504 1103 3559 est;
1131 3502 1183 3548 et
1207 3494 1271 3546 de
1302 3502 1471 3555 terra,
1505 3504 1559 3548 et
1588 3494 1844 3565 castigata
1871 3510 2054 3548 osten-

487 3583 634 3639 ditur
666 3584 789 3652 quia
813 3585 970 3639 inferi
997 3596 1054 3641 et
1087 3596 1287 3641 mortes
1318 3586 1558 3657 plurimae
1581 3603 1684 3640 non
1721 3586 2056 3642 transferunt

488 3675 699 3730 Domini
735 3678 1194 3745 prtedicatiouem.
1233 3679 1289 3733 Si
1336 3695 1442 3733 non
1488 3677 1629 3733 facta
1674 3678 1903 3732 fuissent
1932 3679 2053 3746 ista,

488 3768 627 3823 forte
678 3769 1072 3839 relinqueretur
1103 3771 1387 3826 dubitatio.
1431 3769 1486 3824 Si
1532 3780 1710 3825 autem
1746 3785 1841 3839 per
1875 3771 2053 3824 omnia

491 3870 599 3916 tota
634 3861 732 3915 ista
767 3862 1077 3930 praedicatio
1111 3873 1239 3927 stat,
1274 3864 1404 3916 vivit
1447 3863 1631 3931 utique
1663 3863 1818 3932 cujus
1862 3862 2057 3931 prmdi-

486 3959 630 4011 catio
671 3972 776 4011 non
815 3958 1099 4012 evertitur.
1142 3958 1246 4011 Sed
1277 3974 1343 4014 ex
1377 3958 1605 4012 modicis
1632 3973 1835 4028 magna:
1866 3957 2058 4027 prtedi-

487 4054 733 4108 cationes
764 4063 891 4108 sunt
927 4053 1101 4108 factae.
1143 4053 1509 4119 Recumbebat,
1549 4052 1745 4121 inquit,
1782 4052 2054 4118 Dominus,

487 4154 535 4198 et
565 4147 701 4199 venit
746 4146 814 4198 ad
849 4161 965 4197 eum
1009 4146 1250 4213 quaedam
1289 4145 1477 4197 mulier
1503 4144 1568 4195 ’¹.
1608 4144 1673 4197 Ει
1705 4142 1845 4211 quod
1874 4151 2057 4209 porta-

488 4234 605 4289 vit?
636 4247 968 4306 unguentum
1023 4236 1209 4291 effudit
1256 4252 1420 4303 super
1466 4245 1626 4307 caput
1669 4236 1805 4304 ejus.
1850 4233 2056 4289 Irasce-

490 4328 684 4380 bantur
705 4339 881 4379 autem
909 4327 1177 4396 discipuli,
1210 4326 1443 4381 scientes
1474 4326 1615 4394 quod
1651 4332 1923 4394 unguento
1951 4338 2055 4377 non

489 4418 692 4488 indiget
729 4418 1006 4489 Magister.
1042 4418 1379 4473 Irascebatur
1414 4427 1590 4470 autem
1631 4426 1685 4471 et
1720 4417 1883 4469 Judas
1929 4428 2055 4484 pro-

2152 1963 2232 2006 est
2276 1952 2587 2020 praedicatio
2645 1953 2767 2016 ista,
2820 1956 3073 2016 fermento
3118 1953 3184 2005 ".
3232 1951 3539 2007 Secundum
3590 1953 3725 2021 quid

2153 2043 2515 2098 fermentum?
2564 2042 2686 2111 quia
2730 2052 2785 2098 et
2837 2044 3102 2097 fermento
3138 2045 3350 2098 modico
3401 2059 3433 2097 a
3500 2043 3726 2099 muliere

2152 2132 2206 2185 in
2242 2131 2405 2185 multa
2442 2133 2819 2201 conspersioue
2877 2132 3223 2199 abscondito,
3280 2133 3455 2203 ipsum
3505 2134 3722 2203 quidem

2152 2238 2254 2277 non
2290 2226 2609 2277 obscuratur
2643 2240 2669 2278 a
2701 2228 3104 2293 conspersione,
3132 2228 3226 2280 sed
3258 2242 3381 2280 cum
3425 2228 3495 2280 sit
3526 2240 3723 2295 parum

2154 2323 2321 2368 totum
2369 2313 2680 2378 fermentat,
2718 2325 2774 2369 et
2822 2312 3114 2369 fermentat
3166 2315 3285 2370 sine
3330 2314 3577 2383 strepitu.
3618 2315 3723 2381 Ita,

2152 2404 2349 2473 inquit,
2399 2420 2516 2459 mea
2549 2406 2862 2476 praedicatio
2909 2406 3089 2459 brevis
3143 2420 3238 2474 per
3280 2406 3580 2472 duodecim,
3620 2420 3717 2473 per

2152 2500 2292 2554 istud
2345 2498 2703 2564 fermentum,
2758 2507 2894 2563 toto,
2964 2499 3177 2568 inquit,
3240 2498 3533 2567 insparsum
3599 2512 3713 2551 non

2154 2587 2629 2648 transmutabitur,
2666 2587 2757 2640 sed
2787 2602 2999 2640 omnem
3026 2588 3280 2640 niundum
3319 2585 3605 2641 transferet
3642 2586 3716 2641 ad

2154 2681 2587 2750 religiositatem.
2649 2679 2761 2735 Hoc
2824 2681 3027 2734 dictum
3090 2689 3171 2734 est
3233 2695 3326 2748 per
3380 2678 3718 2748 parabolam.

2151 2768 2469 2824 Praedicatio
2497 2781 2674 2825 autem
2707 2770 2847 2826 facta
2875 2781 2979 2833 est,
3026 2781 3119 2824 aut
3155 2770 3303 2823 non?
3347 2768 3402 2823 Si
3439 2768 3580 2823 facta
3610 2779 3724 2838 est,

2153 2862 2281 2931 quid
2310 2862 2557 2918 dubitas?
2589 2864 2633 2917 si
2665 2872 2841 2916 autem
2874 2879 2979 2917 non
3010 2873 3091 2918 est
3125 2862 3288 2927 facta,
3329 2877 3514 2932 argue.
3543 2860 3723 2915 Aliam

2153 2957 2347 3011 iterum
2398 2957 2707 3026 parabolam
2758 2958 2986 3011 similem
3038 2956 3164 3011 huic
3214 2956 3529 3011 introducit.
3583 2955 3724 3021 Quid

2154 3050 2295 3102 enim
2323 3047 2487 3103 dicit?
2515 3047 2702 3102 Simile
2735 3059 2808 3101 est
2846 3064 3063 3118 regnum
3102 3048 3349 3101 caelorum
3380 3062 3545 3118 grano
3577 3046 3727 3098 sine.

2080 3178 2120 3235 ε
2154 3143 2253 3209 pia,
2277 3142 2416 3211 quod
2447 3142 2645 3194 brevius
2678 3141 2884 3212 quidem
2916 3152 2989 3194 est
3020 3140 3085 3193 ab
3119 3142 3360 3194 omnibus
3390 3139 3677 3193 seminibus
3704 3153 3726 3193 :

2155 3248 2268 3285 cum
2304 3245 2479 3287 au'rm
2527 3235 2765 3298 creverit,
2801 3232 2971 3303 majus
3004 3232 3063 3301 fit
3113 3234 3355 3286 omnibus
3395 3232 3623 3285 oleribus
3653 3231 3718 3285 ".

2156 3324 2219 3379 Et
2248 3325 2559 3393 pra-dicatio
2587 3326 2635 3378 in
2672 3325 2951 3378 duodecim
2980 3334 3096 3378 erat
3120 3323 3399 3391 apostolis,
3430 3333 3483 3376 et
3507 3321 3724 3376 Judais-

2156 3432 2275 3469 mus
2304 3425 2356 3469 et
2382 3404 2651 3485 gentilitas
2683 3426 2820 3469 erat.
2851 3413 2983 3469 Cum
3016 3425 3193 3468 autem
3236 3416 3427 3478 crevit,
3449 3413 3719 3483 superavit

2155 3519 2402 3579 utraque.
2448 3507 2537 3561 lsti
2589 3518 2713 3561 ante
2762 3512 2976 3562 crucem
3027 3520 3303 3559 sermones
3354 3514 3520 3569 sunt,
3594 3511 3713 3571 post

2155 3614 2373 3655 crucem
2413 3609 2591 3653 autem
2628 3614 2791 3666 opera
2836 3613 2957 3668 quae
2999 3598 3260 3652 videmus.
3307 3596 3530 3650 Interim
3564 3610 3719 3648 vene-

2156 3701 2281 3746 runt
2306 3691 2520 3760 quidem
2556 3691 2808 3760 gentiles,
2839 3699 2893 3744 et
2922 3690 3110 3743 dicunt
3134 3685 3385 3757 Philippo
3420 3706 3433 3741 :
3474 3686 3723 3739 Volumus

2153 3782 2334 3838 Jesum
2366 3784 2535 3838 videre
2564 3784 2635 3848 ’⁸,
2687 3792 2741 3835 et
2783 3783 2912 3836 dicit
2947 3779 3144 3835 Jesus:
3179 3778 3331 3833 Venit
3359 3780 3513 3843 hora,
3548 3780 3727 3832 crucis

2159 3878 2339 3940 timur,
2386 3888 2438 3929 ut
2470 3875 2797 3946 gloriﬁcetur
2834 3872 3007 3927 Filius
3046 3873 3268 3927 hominis
3294 3872 3358 3927 ⁸⁷.
3398 3872 3557 3936 Dicit,
3598 3871 3725 3940 quia

2155 3985 2276 4024 cum
2328 3970 2617 4022 crucifixus
2675 3968 2830 4021 fuero
2881 3966 3240 4034 glorificabor.
3286 3964 3397 4019 Hoc
3428 3965 3582 4029 dixit,
3616 3980 3723 4017 non

2157 4062 2268 4125 liat,
2310 4074 2365 4114 et
2398 4070 2642 4113 mortuus
2669 4070 2769 4111 est.
2809 4058 2864 4111 Si
2894 4066 3071 4110 autem
3105 4056 3350 4125 prtedixit
3379 4067 3431 4109 et
3454 4071 3549 4124 per
3575 4070 3726 4107 mor-

2157 4162 2261 4207 tem
2311 4151 2559 4220 perfecit,
2608 4167 2641 4205 o
2689 4150 2922 4219 potentia
2973 4148 3187 4201 virtutis
3237 4162 3413 4217 perea
3445 4161 3562 4215 quae
3606 4163 3715 4199 non

2154 4254 2281 4299 sunt
2325 4244 2523 4298 fortia!
2575 4244 2679 4296 Sed
2728 4241 2889 4295 nolite
2921 4239 3148 4307 fatigare
3187 4241 3253 4293 de
3296 4237 3715 4301 resurrectione,

2154 4337 2207 4392 iu
2262 4337 2351 4392 die
2386 4335 2767 4404 assumptionis
2814 4334 3018 4387 audire.
3070 4330 3357 4385 Festivitas
3398 4338 3479 4383 est
3529 4329 3712 4398 primo

2154 4431 2382 4493 animas,
2423 4441 2478 4483 et
2516 4430 2587 4483 ita
2626 4436 2840 4483 ventres
2872 4426 2970 4499 (l).
3004 4425 3191 4481 Primo
3221 4426 3379 4480 debes
3402 4422 3725 4478 condiscere

488 4520 609 4579 βίον
643 4509 908 4575 “uelum;
942 4519 997 4564 ει
1037 4510 1161 4579 (illia
1210 4518 1264 4563 ει
1303 4508 1629 4579 Pauperibus
1658 4509 1824 4561 doni“
1870 4507 2052 4560 ""3""
2086 4520 2129 4576 D
2155 4523 2239 4577 cui
2281 4522 2494 4576 feriaris
2525 4540 2539 4587 ;
2577 4522 2753 4590 primo
2801 4522 2961 4575 debes
2993 4532 3289 4590 agnoscere
3322 4519 3445 4587 quia
3486 4516 3621 4568 vivit
3666 4513 3723 4567 ir.

489 4602 684 4656 rentia.
721 4602 976 4656 Dominus
1006 4613 1183 4656 autem
1232 4603 1297 4654 ad
1333 4603 1632 4657 irascentes
1682 4616 1696 4651 :
1743 4598 1936 4659 Nolite,
1975 4598 2056 4651 in-

487 4695 623 4761 quit,
666 4709 909 4762 quaerere
935 4697 1061 4765 quid
1091 4711 1192 4766 ego
1225 4696 1408 4760 velim,
1454 4695 1545 4749 sed
1575 4694 1699 4762 quis
1738 4702 1791 4747 et
1827 4707 1946 4761 qum
1975 4700 2059 4744 est

488 4786 745 4841 voluntas
769 4791 887 4855 ejus
918 4788 1005 4856 qui
1032 4788 1254 4842 immisit
1288 4788 1421 4857 (98).
1457 4785 1628 4840 Nolite
1657 4800 1775 4839 esse
1803 4784 2011 4837 molesti
2039 4801 2053 4836 :

489 4877 618 4935 feeit
658 4880 827 4937 enim.
878 4880 1030 4945 Quod
1082 4891 1260 4935 autem
1314 4879 1440 4934 fecit
1485 4880 1609 4939 ista,
1662 4893 1766 4931 non
1818 4877 2053 4945 ignorat.

488 4971 823 5027 Przenuntiat
869 4974 971 5028 ista
1019 4989 1193 5028 meam
1243 4984 1492 5028 mortem.
1552 4973 1862 5027 lmmittitur
1905 4972 2049 5026 enim

488 5064 738 5134 gentibus
768 5064 858 5131 qui
898 5064 1203 5119 mmiuntur
1225 5076 1573 5134 unguentum.
1608 5064 1672 5118 Et
1708 5079 1809 5117 una
1833 5062 2049 5132 quidem

489 5156 798 5222 praedicatio
844 5158 968 5225 quia
1017 5157 1277 5211 morietur
1312 5173 1328 5210 :
1374 5158 1465 5211 sed
1512 5158 1614 5211 ista
1653 5172 1756 5209 non
1793 5156 1863 5209 sit
1893 5156 2053 5208 mira-

490 5246 629 5302 bilis.
666 5249 827 5302 Addit
855 5252 1000 5305 enim
1035 5269 1049 5304 :
1082 5253 1243 5305 Amen
1273 5268 1425 5304 anien
1455 5251 1572 5304 dico
1606 5249 1761 5311 vobis,
1790 5248 1910 5317 quia
1934 5264 2051 5301 cum

488 5340 835 5403 prazdicatum
879 5342 1040 5411 fuerit
1098 5360 1282 5396 nomen
1329 5359 1500 5395 meum
1558 5345 1613 5396 in
1664 5343 1803 5396 omni
1835 5342 2049 5405 mundo,

558 5521 602 5553 ⁸⁷
629 5523 819 5579 Matth.
846 5538 899 5583 ν,
942 5525 1023 5576 l5.

489 5607 684 5658 xxvm,
712 5592 796 5647 i9.
896 5596 944 5626 ”
967 5594 1154 5647 Matth.
1187 5610 1305 5658 xm,
1349 5596 1437 5648 53.

1103 5523 1149 5555 ⁸⁸
1192 5524 1320 5577 ibid.
1356 5524 1442 5576 Η.
1513 5523 1557 5553 ⁸⁹
1589 5522 1771 5575 Matth.
1797 5536 1905 5581 xvi,
1936 5520 2021 5573 18.

1518 5593 1558 5623 ⁸⁵
1593 5594 1719 5645 ibid.
1750 5592 1837 5648 51.

563 5752 676 5821 (98)
720 5752 823 5817 Qui
859 5753 1093 5805 immisit.
1127 5752 1285 5822 forte
1315 5754 1403 5822 qui
1435 5769 1511 5804 me
1540 5754 1696 5807 misit.

560 5820 667 5886 (⁷99)
708 5824 949 5879 Susoecti
972 5834 1112 5877 sunt.
1144 5820 1245 5878 Pio
1278 5820 1497 5888 suscepti
1525 5834 1661 5875 sunt.

2100 5523 2145 5554 ’°
2178 5521 2303 5576 ibid.

1910 5592 1954 5621 ’⁸
1980 5590 2134 5647 Juau.
2174 5610 2274 5657 xu,
2308 5592 2397 5645 9.1.
2472 5592 2515 5622 ’7

2156 4628 2263 4681 quo
2310 4614 2541 4666 habetur
2586 4627 2729 4683 spes,
2778 4622 2836 4667 ut
2875 4629 3099 4668 securus
3132 4617 3447 4666 manduces.
3480 4606 3536 4660 Si
3581 4620 3727 4660 mor-

2157 4715 2279 4759 tuus
2327 4714 2403 4756 est
2453 4704 2542 4772 qui
2581 4704 2922 4768 adhortatur,
2972 4704 3137 4774 lugeri
3170 4710 3404 4772 oportet.
3450 4697 3505 4752 Si
3541 4707 3724 4752 autem

2157 4796 2301 4850 suasi
2356 4795 2619 4849 fuerimus
2648 4797 2771 4864 quia
2807 4798 2939 4851 vivit
2981 4809 3032 4850 et
3064 4795 3318 4860 vivificat,
3342 4802 3396 4848 et
3424 4793 3468 4847 si
3501 4789 3727 4845 mandu-

2157 4887 2467 4941 caverimus
2494 4896 2549 4941 et
2594 4889 2912 4951 biberimus,
2952 4897 3006 4941 et
3045 4902 3382 4958 quaecunque
3431 4882 3534 4937 alia
3578 4880 3725 4934 fece-

2158 4976 2364 5039 rimus,
2419 4976 2470 5029 in
2520 4975 2743 5046 gloriam
2798 4977 3033 5030 viventis
3085 4975 3365 5029 faciemus.
3424 4972 3728 5027 Suademus

2159 5066 2320 5136 igitur
2352 5078 2407 5120 et
2454 5077 2504 5121 ut
2538 5070 2835 5136 gaudentes
2859 5070 3160 5139 epulemur.
3206 5068 3370 5123 Putas
3399 5066 3543 5120 enim
3591 5064 3722 5134 quia

2158 5159 2333 5214 adhuc
2366 5161 2698 5216 necessarius
2736 5177 2913 5215 sermo
2951 5172 3053 5216 est.
3106 5162 3292 5216 Adhuc
3334 5160 3479 5214 enim
3527 5157 3724 5212 suade-

2160 5266 2296 5303 mur.
2325 5248 2501 5305 Unum
2528 5254 2669 5306 enim
2720 5269 2784 5307 ex
2845 5252 2930 5306 his
2956 5269 3075 5321 quae
3103 5253 3245 5306 dicta
3281 5262 3408 5307 sunt
3447 5265 3552 5321 non
3608 5248 3726 5305 suf—

2172 5343 2282 5396 licit
2314 5352 2368 5397 et
2410 5345 2637 5414 lapidem
2668 5348 3033 5402 comminuere
3065 5362 3079 5399 :
3115 5355 3291 5399 tamen
3328 5360 3491 5398 unum
3524 5361 3591 5401 ex
3641 5344 3727 5397 his

2384 5521 2425 5553 ⁵³
2461 5521 2647 5576 Matth.
2682 5539 2831 5585 xxvi,
2858 5524 2913 5585 6,
2938 5525 2989 5577 7.

2384 5632 2397 5645 .
2472 5592 2515 5622 ’⁷
2569 5594 2693 5647 ibid.
2726 5595 2817 5647 '23.

2569 5609 2693 5647 ιυια.
2726 5609 2817 5647 ’Ζῦο

3069 5526 3116 5557 ⁸⁸
3150 5525 3278 5579 ibid.
3317 5524 3402 5578 15.
3455 5523 3502 5555 ⁸³
3529 5519 3723 5577 Matth.

2231 5751 2305 5824 (ξ)
2348 5750 2413 5803 Et
2447 5752 2770 5824 iterentres.
2806 5756 3062 5817 thaudi,
3114 5772 3319 5812 curare.
3363 5756 3428 5810 Et
3467 5754 3724 5824 ita,f01te

2157 5836 2220 5877 ex
2251 5820 2435 5876 Graeco
2466 5822 2554 5875 καὶ
2587 5819 2724 5887 εἶτα,
2761 5825 2811 5880 id
2841 5836 2925 5880 est
2959 5838 3002 5880 et
3026 5828 3227 5883 deinde.
