  <div class='ocr_page' id='page_1' title='image "/cluster/home/n/w/nwhite01/storage/ocr_20150623/24/hvd.32044073501801/566.png"; bbox 0 0 4050 6206; ppageno 0'>
   <div class='ocr_carea' id='block_1_1' title="bbox 370 340 505 391">
    <p class='ocr_par' dir='ltr' id='par_1_1' title="bbox 370 340 505 391">
     <span class='ocr_line' id='line_1_1' title="bbox 370 340 505 391; baseline 0.022 -3"><span class='ocrx_word' id='word_1_1' title='bbox 370 340 505 391; x_wconf 75' lang='lat' dir='ltr'><strong>Hi3</strong></span> 
     </span>
    </p>
   </div>
   <div class='ocr_carea' id='block_1_2' title="bbox 1347 334 2634 392">
    <p class='ocr_par' dir='ltr' id='par_1_2' title="bbox 1347 334 2634 392">
     <span class='ocr_line' id='line_1_2' title="bbox 1347 334 2634 392; baseline 0.003 -4"><span class='ocrx_word' id='word_1_2' title='bbox 1347 334 1436 388; x_wconf 83' lang='lat' dir='ltr'><strong>DE</strong></span> <span class='ocrx_word' id='word_1_3' title='bbox 1471 334 1933 391; x_wconf 78' lang='lat' dir='ltr'><strong>INCOBPOBALI</strong></span> <span class='ocrx_word' id='word_1_4' title='bbox 1970 335 2058 389; x_wconf 85' lang='lat' dir='ltr'><strong>ET</strong></span> <span class='ocrx_word' id='word_1_5' title='bbox 2098 336 2441 392; x_wconf 80' lang='lat' dir='ltr'><strong>INVISIBILI</strong></span> <span class='ocrx_word' id='word_1_6' title='bbox 2482 336 2634 392; x_wconf 85' lang='lat' dir='ltr'><strong>DEO.</strong></span> 
     </span>
    </p>
   </div>
   <div class='ocr_carea' id='block_1_3' title="bbox 3452 342 3584 400">
    <p class='ocr_par' dir='ltr' id='par_1_3' title="bbox 3452 342 3584 400">
     <span class='ocr_line' id='line_1_3' title="bbox 3452 342 3584 400; baseline 0.03 -4"><span class='ocrx_word' id='word_1_7' title='bbox 3452 342 3584 400; x_wconf 80' lang='lat' dir='ltr'><strong>HM</strong></span> 
     </span>
    </p>
   </div>
   <div class='ocr_carea' id='block_1_4' title="bbox 367 455 3588 529">
    <p class='ocr_par' dir='ltr' id='par_1_4' title="bbox 367 455 3588 529">
     <span class='ocr_line' id='line_1_4' title="bbox 367 455 3588 529; baseline 0.006 -25"><span class='ocrx_word' id='word_1_8' title='bbox 367 457 589 510; x_wconf 84' lang='lat' dir='ltr'><strong>addam.</strong></span> <span class='ocrx_word' id='word_1_9' title='bbox 626 457 817 511; x_wconf 80' lang='lat' dir='ltr'><strong>Omnia</strong></span> <span class='ocrx_word' id='word_1_10' title='bbox 845 456 988 509; x_wconf 86' lang='lat' dir='ltr'><strong>enim</strong></span> <span class='ocrx_word' id='word_1_11' title='bbox 1032 464 1092 508; x_wconf 91' lang='lat' dir='ltr'><strong>ut</strong></span> <span class='ocrx_word' id='word_1_12' title='bbox 1132 455 1333 517; x_wconf 88' lang='lat' dir='ltr'><strong>dicam,</strong></span> <span class='ocrx_word' id='word_1_13' title='bbox 1382 473 1481 511; x_wconf 89' lang='lat' dir='ltr'><strong>nec</strong></span> <span class='ocrx_word' id='word_1_14' title='bbox 1513 457 1765 512; x_wconf 70' lang='lat' dir='ltr'><strong>saeculum</strong></span> <span class='ocrx_word' id='word_1_15' title='bbox 1815 459 1931 513; x_wconf 81' lang='lat' dir='ltr'><strong>suf-</strong></span> <span class='ocrx_word' id='word_1_16' title='bbox 1959 473 2003 529; x_wconf 70' lang='grc' dir='ltr'><strong>Α</strong></span> <span class='ocrx_word' id='word_1_17' title='bbox 2041 461 2173 526; x_wconf 20' lang='lat' dir='ltr'><strong>quia.</strong></span> <span class='ocrx_word' id='word_1_18' title='bbox 2194 460 2487 514; x_wconf 90' lang='lat' dir='ltr'><strong>moriturus</strong></span> <span class='ocrx_word' id='word_1_19' title='bbox 2515 474 2655 526; x_wconf 88' lang='lat' dir='ltr'><strong>sum,</strong></span> <span class='ocrx_word' id='word_1_20' title='bbox 2696 469 2749 515; x_wconf 90' lang='lat' dir='ltr'><strong>et</strong></span> <span class='ocrx_word' id='word_1_21' title='bbox 2774 460 3054 517; x_wconf 76' lang='lat' dir='ltr'><strong>exaltabor</strong></span> <span class='ocrx_word' id='word_1_22' title='bbox 3083 464 3135 517; x_wconf 89' lang='lat' dir='ltr'><strong>in</strong></span> <span class='ocrx_word' id='word_1_23' title='bbox 3160 477 3395 528; x_wconf 85' lang='lat' dir='ltr'><strong>crucem,</strong></span> <span class='ocrx_word' id='word_1_24' title='bbox 3421 476 3511 519; x_wconf 87' lang='lat' dir='ltr'><strong>aut</strong></span> <span class='ocrx_word' id='word_1_25' title='bbox 3539 469 3588 522; x_wconf 93' lang='lat' dir='ltr'><strong>in</strong></span> 
     </span>
    </p>
   </div>
   <div class='ocr_carea' id='block_1_5' title="bbox 365 545 1961 617">
    <p class='ocr_par' dir='ltr' id='par_1_5' title="bbox 365 545 1961 617">
     <span class='ocr_line' id='line_1_5' title="bbox 365 545 1961 617; baseline 0.003 -19"><span class='ocrx_word' id='word_1_26' title='bbox 365 545 497 599; x_wconf 86' lang='lat' dir='ltr'><strong>licit.</strong></span> <span class='ocrx_word' id='word_1_27' title='bbox 552 546 871 602; x_wconf 80' lang='lat' dir='ltr'><strong>Mensurabo</strong></span> <span class='ocrx_word' id='word_1_28' title='bbox 925 561 1059 601; x_wconf 83' lang='lat' dir='ltr'><strong>sane</strong></span> <span class='ocrx_word' id='word_1_29' title='bbox 1106 556 1389 601; x_wconf 83' lang='lat' dir='ltr'><strong>tractatum</strong></span> <span class='ocrx_word' id='word_1_30' title='bbox 1424 558 1641 617; x_wconf 85' lang='lat' dir='ltr'><strong>prapter</strong></span> <span class='ocrx_word' id='word_1_31' title='bbox 1669 550 1961 616; x_wconf 79' lang='lat' dir='ltr'><strong>corpora,’</strong></span> 
     </span>
    </p>
   </div>
   <div class='ocr_carea' id='block_1_6' title="bbox 367 630 1925 699">
    <p class='ocr_par' dir='ltr' id='par_1_6' title="bbox 367 630 1925 699">
     <span class='ocr_line' id='line_1_6' title="bbox 367 630 1925 699; baseline 0.006 -20"><span class='ocrx_word' id='word_1_32' title='bbox 367 639 587 697; x_wconf 93' lang='lat' dir='ltr'><strong>propter</strong></span> <span class='ocrx_word' id='word_1_33' title='bbox 631 630 1005 692; x_wconf 80' lang='lat' dir='ltr'><strong>festivitatem,</strong></span> <span class='ocrx_word' id='word_1_34' title='bbox 1064 639 1282 699; x_wconf 89' lang='lat' dir='ltr'><strong>propter</strong></span> <span class='ocrx_word' id='word_1_35' title='bbox 1340 631 1706 686; x_wconf 78' lang='lat' dir='ltr'><strong>refectionem.</strong></span> <span class='ocrx_word' id='word_1_36' title='bbox 1778 632 1925 688; x_wconf 90' lang='lat' dir='ltr'><strong>Dicit</strong></span> 
     </span>
    </p>
   </div>
   <div class='ocr_carea' id='block_1_7' title="bbox 368 720 1929 778">
    <p class='ocr_par' dir='ltr' id='par_1_7' title="bbox 368 720 1929 778">
     <span class='ocr_line' id='line_1_7' title="bbox 368 720 1929 778; baseline 0.001 -4"><span class='ocrx_word' id='word_1_37' title='bbox 368 720 562 774; x_wconf 82' lang='lat' dir='ltr'><strong>iterum</strong></span> <span class='ocrx_word' id='word_1_38' title='bbox 608 721 861 774; x_wconf 84' lang='lat' dir='ltr'><strong>Dominus</strong></span> <span class='ocrx_word' id='word_1_39' title='bbox 899 739 913 775; x_wconf 88' lang='lat'><strong>:</strong></span> <span class='ocrx_word' id='word_1_40' title='bbox 950 720 1187 775; x_wconf 84' lang='lat' dir='ltr'><strong>Granum</strong></span> <span class='ocrx_word' id='word_1_41' title='bbox 1234 723 1399 776; x_wconf 87' lang='lat' dir='ltr'><strong>tritici</strong></span> <span class='ocrx_word' id='word_1_42' title='bbox 1431 723 1533 775; x_wconf 75' lang='lat' dir='ltr'><strong>nisi</strong></span> <span class='ocrx_word' id='word_1_43' title='bbox 1567 726 1754 778; x_wconf 78' lang='lat' dir='ltr'><strong>cadens</strong></span> <span class='ocrx_word' id='word_1_44' title='bbox 1786 740 1929 778; x_wconf 88' lang='lat' dir='ltr'><strong>mor-</strong></span> 
     </span>
    </p>
   </div>
   <div class='ocr_carea' id='block_1_8' title="bbox 368 812 1926 880">
    <p class='ocr_par' dir='ltr' id='par_1_8' title="bbox 368 812 1926 880">
     <span class='ocr_line' id='line_1_8' title="bbox 368 812 1926 880; baseline 0.004 -15"><span class='ocrx_word' id='word_1_45' title='bbox 368 821 516 867; x_wconf 76' lang='lat' dir='ltr'><strong>tuum</strong></span> <span class='ocrx_word' id='word_1_46' title='bbox 548 814 725 879; x_wconf 81' lang='lat' dir='ltr'><strong>fuerit,</strong></span> <span class='ocrx_word' id='word_1_47' title='bbox 776 813 947 880; x_wconf 74' lang='lat' dir='ltr'><strong>ipsum</strong></span> <span class='ocrx_word' id='word_1_48' title='bbox 996 812 1165 867; x_wconf 77' lang='lat' dir='ltr'><strong>solum</strong></span> <span class='ocrx_word' id='word_1_49' title='bbox 1217 824 1389 867; x_wconf 81' lang='lat' dir='ltr'><strong>manet</strong></span> <span class='ocrx_word' id='word_1_50' title='bbox 1424 814 1490 867; x_wconf 79' lang='grc'><strong>’⁸.</strong></span> <span class='ocrx_word' id='word_1_51' title='bbox 1539 814 1608 871; x_wconf 90' lang='lat' dir='ltr'><strong>Ut</strong></span> <span class='ocrx_word' id='word_1_52' title='bbox 1660 816 1822 870; x_wconf 88' lang='lat' dir='ltr'><strong>habet</strong></span> <span class='ocrx_word' id='word_1_53' title='bbox 1867 832 1926 872; x_wconf 89' lang='lat' dir='ltr'><strong>se</strong></span> 
     </span>
    </p>
   </div>
   <div class='ocr_carea' id='block_1_9' title="bbox 368 901 1922 974">
    <p class='ocr_par' dir='ltr' id='par_1_9' title="bbox 368 901 1922 974">
     <span class='ocr_line' id='line_1_9' title="bbox 368 901 1922 974; baseline 0.001 -16"><span class='ocrx_word' id='word_1_54' title='bbox 368 915 557 958; x_wconf 79' lang='lat' dir='ltr'><strong>natura</strong></span> <span class='ocrx_word' id='word_1_55' title='bbox 592 902 799 957; x_wconf 87' lang='lat' dir='ltr'><strong>locutus</strong></span> <span class='ocrx_word' id='word_1_56' title='bbox 841 912 946 957; x_wconf 90' lang='lat' dir='ltr'><strong>est.</strong></span> <span class='ocrx_word' id='word_1_57' title='bbox 991 901 1045 956; x_wconf 91' lang='lat' dir='ltr'><strong>Si</strong></span> <span class='ocrx_word' id='word_1_58' title='bbox 1078 903 1222 957; x_wconf 90' lang='lat' dir='ltr'><strong>enim</strong></span> <span class='ocrx_word' id='word_1_59' title='bbox 1254 904 1574 957; x_wconf 89' lang='lat' dir='ltr'><strong>seminatum</strong></span> <span class='ocrx_word' id='word_1_60' title='bbox 1608 921 1711 959; x_wconf 91' lang='lat' dir='ltr'><strong>non</strong></span> <span class='ocrx_word' id='word_1_61' title='bbox 1740 905 1922 974; x_wconf 81' lang='lat' dir='ltr'><strong>fuerit,</strong></span> 
     </span>
    </p>
   </div>
   <div class='ocr_carea' id='block_1_10' title="bbox 368 994 1923 1069">
    <p class='ocr_par' dir='ltr' id='par_1_10' title="bbox 368 994 1923 1069">
     <span class='ocr_line' id='line_1_10' title="bbox 368 994 1923 1069; baseline 0.003 -19"><span class='ocrx_word' id='word_1_62' title='bbox 368 996 561 1049; x_wconf 88' lang='lat' dir='ltr'><strong>nudum</strong></span> <span class='ocrx_word' id='word_1_63' title='bbox 597 1010 823 1065; x_wconf 87' lang='lat' dir='ltr'><strong>granum</strong></span> <span class='ocrx_word' id='word_1_64' title='bbox 857 996 1113 1049; x_wconf 88' lang='lat' dir='ltr'><strong>manebit.</strong></span> <span class='ocrx_word' id='word_1_65' title='bbox 1154 994 1211 1048; x_wconf 88' lang='lat' dir='ltr'><strong>Si</strong></span> <span class='ocrx_word' id='word_1_66' title='bbox 1263 1005 1442 1050; x_wconf 89' lang='lat' dir='ltr'><strong>autem</strong></span> <span class='ocrx_word' id='word_1_67' title='bbox 1471 997 1690 1063; x_wconf 84' lang='lat' dir='ltr'><strong>cadens,</strong></span> <span class='ocrx_word' id='word_1_68' title='bbox 1730 999 1923 1069; x_wconf 93' lang='lat' dir='ltr'><strong>inquit,</strong></span> 
     </span>
    </p>
   </div>
   <div class='ocr_carea' id='block_1_11' title="bbox 369 1084 1925 1157">
    <p class='ocr_par' dir='ltr' id='par_1_11' title="bbox 369 1084 1925 1157">
     <span class='ocr_line' id='line_1_11' title="bbox 369 1084 1925 1157; baseline 0.004 -19"><span class='ocrx_word' id='word_1_69' title='bbox 369 1084 525 1140; x_wconf 84' lang='lat' dir='ltr'><strong>fuerit</strong></span> <span class='ocrx_word' id='word_1_70' title='bbox 577 1097 875 1151; x_wconf 90' lang='lat' dir='ltr'><strong>mortuum,</strong></span> <span class='ocrx_word' id='word_1_71' title='bbox 905 1096 965 1140; x_wconf 91' lang='lat' dir='ltr'><strong>ut</strong></span> <span class='ocrx_word' id='word_1_72' title='bbox 1002 1097 1227 1145; x_wconf 86' lang='lat' dir='ltr'><strong>testatur</strong></span> <span class='ocrx_word' id='word_1_73' title='bbox 1255 1102 1283 1140; x_wconf 88' lang='lat' dir='ltr'><strong>a</strong></span> <span class='ocrx_word' id='word_1_74' title='bbox 1326 1099 1513 1143; x_wconf 88' lang='lat' dir='ltr'><strong>natura</strong></span> <span class='ocrx_word' id='word_1_75' title='bbox 1541 1130 1555 1157; x_wconf 95' lang='lat'><strong>,</strong></span> <span class='ocrx_word' id='word_1_76' title='bbox 1588 1092 1782 1146; x_wconf 89' lang='lat' dir='ltr'><strong>multos</strong></span> <span class='ocrx_word' id='word_1_77' title='bbox 1811 1094 1925 1146; x_wconf 85' lang='lat' dir='ltr'><strong>l‘ru-</strong></span> 
     </span>
    </p>
   </div>
   <div class='ocr_carea' id='block_1_12' title="bbox 364 1174 1922 1249">
    <p class='ocr_par' dir='ltr' id='par_1_12' title="bbox 364 1174 1922 1249">
     <span class='ocr_line' id='line_1_12' title="bbox 364 1174 1922 1249; baseline 0.006 -19"><span class='ocrx_word' id='word_1_78' title='bbox 364 1186 482 1231; x_wconf 88' lang='lat' dir='ltr'><strong>ctus</strong></span> <span class='ocrx_word' id='word_1_79' title='bbox 527 1174 706 1233; x_wconf 78' lang='lat' dir='ltr'><strong>ali‘ert.</strong></span> <span class='ocrx_word' id='word_1_80' title='bbox 752 1178 817 1232; x_wconf 85' lang='lat' dir='ltr'><strong>Et</strong></span> <span class='ocrx_word' id='word_1_81' title='bbox 846 1193 967 1248; x_wconf 79' lang='lat' dir='ltr'><strong>ego,</strong></span> <span class='ocrx_word' id='word_1_82' title='bbox 1005 1180 1197 1248; x_wconf 90' lang='lat' dir='ltr'><strong>inquit,</strong></span> <span class='ocrx_word' id='word_1_83' title='bbox 1231 1183 1277 1234; x_wconf 89' lang='lat' dir='ltr'><strong>si</strong></span> <span class='ocrx_word' id='word_1_84' title='bbox 1321 1197 1424 1235; x_wconf 90' lang='lat' dir='ltr'><strong>non</strong></span> <span class='ocrx_word' id='word_1_85' title='bbox 1473 1180 1626 1237; x_wconf 79' lang='lat' dir='ltr'><strong>fuero</strong></span> <span class='ocrx_word' id='word_1_86' title='bbox 1658 1194 1922 1249; x_wconf 89' lang='lat' dir='ltr'><strong>mortuus,</strong></span> 
     </span>
    </p>
   </div>
   <div class='ocr_carea' id='block_1_13' title="bbox 366 1264 1933 1333">
    <p class='ocr_par' dir='ltr' id='par_1_13' title="bbox 366 1264 1933 1333">
     <span class='ocr_line' id='line_1_13' title="bbox 366 1264 1933 1333; baseline 0.008 -16"><span class='ocrx_word' id='word_1_87' title='bbox 366 1278 469 1317; x_wconf 90' lang='lat' dir='ltr'><strong>non</strong></span> <span class='ocrx_word' id='word_1_88' title='bbox 497 1264 691 1333; x_wconf 84' lang='lat' dir='ltr'><strong>colligo</strong></span> <span class='ocrx_word' id='word_1_89' title='bbox 735 1284 749 1320; x_wconf 74' lang='grc' dir='ltr'>ε</span> <span class='ocrx_word' id='word_1_90' title='bbox 787 1267 829 1319; x_wconf 90' lang='lat' dir='ltr'><strong>si</strong></span> <span class='ocrx_word' id='word_1_91' title='bbox 885 1280 1064 1321; x_wconf 84' lang='lat' dir='ltr'><strong>autem</strong></span> <span class='ocrx_word' id='word_1_92' title='bbox 1101 1270 1300 1324; x_wconf 84' lang='lat' dir='ltr'><strong>cadens</strong></span> <span class='ocrx_word' id='word_1_93' title='bbox 1349 1272 1400 1324; x_wconf 92' lang='lat' dir='ltr'><strong>in</strong></span> <span class='ocrx_word' id='word_1_94' title='bbox 1452 1281 1649 1327; x_wconf 90' lang='lat' dir='ltr'><strong>terram</strong></span> <span class='ocrx_word' id='word_1_95' title='bbox 1684 1284 1933 1330; x_wconf 89' lang='lat' dir='ltr'><strong>mortuus-</strong></span> 
     </span>
    </p>
   </div>
   <div class='ocr_carea' id='block_1_14' title="bbox 364 1356 1923 1434">
    <p class='ocr_par' dir='ltr' id='par_1_14' title="bbox 364 1356 1923 1434">
     <span class='ocr_line' id='line_1_14' title="bbox 364 1356 1923 1434; baseline 0.007 -26"><span class='ocrx_word' id='word_1_96' title='bbox 364 1356 537 1420; x_wconf 78' lang='lat' dir='ltr'><strong>fuero,</strong></span> <span class='ocrx_word' id='word_1_97' title='bbox 572 1358 768 1411; x_wconf 91' lang='lat' dir='ltr'><strong>multos</strong></span> <span class='ocrx_word' id='word_1_98' title='bbox 800 1358 1004 1415; x_wconf 79' lang='lat' dir='ltr'><strong>fructus</strong></span> <span class='ocrx_word' id='word_1_99' title='bbox 1029 1359 1196 1416; x_wconf 76' lang='lat' dir='ltr'><strong>atl&#39;ero</strong></span> <span class='ocrx_word' id='word_1_100' title='bbox 1238 1364 1528 1417; x_wconf 88' lang='lat' dir='ltr'><strong>secundum</strong></span> <span class='ocrx_word' id='word_1_101' title='bbox 1562 1379 1789 1434; x_wconf 88' lang='lat' dir='ltr'><strong>granum</strong></span> <span class='ocrx_word' id='word_1_102' title='bbox 1824 1366 1923 1419; x_wconf 88' lang='lat' dir='ltr'><strong>tri-</strong></span> 
     </span>
    </p>
   </div>
   <div class='ocr_carea' id='block_1_15' title="bbox 366 1447 1926 1524">
    <p class='ocr_par' dir='ltr' id='par_1_15' title="bbox 366 1447 1926 1524">
     <span class='ocr_line' id='line_1_15' title="bbox 366 1447 1926 1524; baseline 0.007 -23"><span class='ocrx_word' id='word_1_103' title='bbox 366 1448 478 1501; x_wconf 86' lang='lat' dir='ltr'><strong>tici.</strong></span> <span class='ocrx_word' id='word_1_104' title='bbox 512 1447 575 1503; x_wconf 84' lang='lat' dir='ltr'><strong>Et</strong></span> <span class='ocrx_word' id='word_1_105' title='bbox 610 1464 704 1518; x_wconf 84' lang='lat' dir='ltr'><strong>per</strong></span> <span class='ocrx_word' id='word_1_106' title='bbox 743 1451 1011 1504; x_wconf 91' lang='lat' dir='ltr'><strong>modicum</strong></span> <span class='ocrx_word' id='word_1_107' title='bbox 1044 1453 1256 1520; x_wconf 89' lang='lat' dir='ltr'><strong>quidem</strong></span> <span class='ocrx_word' id='word_1_108' title='bbox 1287 1468 1511 1522; x_wconf 84' lang='lat' dir='ltr'><strong>granum</strong></span> <span class='ocrx_word' id='word_1_109' title='bbox 1557 1455 1809 1524; x_wconf 87' lang='lat' dir='ltr'><strong>parabola</strong></span> <span class='ocrx_word' id='word_1_110' title='bbox 1843 1457 1926 1511; x_wconf 85' lang='lat' dir='ltr'><strong>di-</strong></span> 
     </span>
    </p>
   </div>
   <div class='ocr_carea' id='block_1_16' title="bbox 367 1545 1925 1616">
    <p class='ocr_par' dir='ltr' id='par_1_16' title="bbox 367 1545 1925 1616">
     <span class='ocr_line' id='line_1_16' title="bbox 367 1545 1925 1616; baseline 0.005 -23"><span class='ocrx_word' id='word_1_111' title='bbox 367 1550 451 1593; x_wconf 88' lang='lat' dir='ltr'><strong>cta</strong></span> <span class='ocrx_word' id='word_1_112' title='bbox 490 1550 592 1604; x_wconf 89' lang='lat' dir='ltr'><strong>est,</strong></span> <span class='ocrx_word' id='word_1_113' title='bbox 637 1557 929 1613; x_wconf 79' lang='lat' dir='ltr'><strong>permagna</strong></span> <span class='ocrx_word' id='word_1_114' title='bbox 962 1553 1140 1598; x_wconf 89' lang='lat' dir='ltr'><strong>autem</strong></span> <span class='ocrx_word' id='word_1_115' title='bbox 1188 1545 1543 1599; x_wconf 84' lang='lat' dir='ltr'><strong>admiratione</strong></span> <span class='ocrx_word' id='word_1_116' title='bbox 1586 1561 1720 1616; x_wconf 79' lang='lat' dir='ltr'><strong>Opus</strong></span> <span class='ocrx_word' id='word_1_117' title='bbox 1748 1556 1925 1601; x_wconf 84' lang='lat' dir='ltr'><strong>osten-</strong></span> 
     </span>
    </p>
   </div>
   <div class='ocr_carea' id='block_1_17' title="bbox 367 1630 1922 1703">
    <p class='ocr_par' dir='ltr' id='par_1_17' title="bbox 367 1630 1922 1703">
     <span class='ocr_line' id='line_1_17' title="bbox 367 1630 1922 1703; baseline 0.006 -19"><span class='ocrx_word' id='word_1_118' title='bbox 367 1632 530 1686; x_wconf 86' lang='lat' dir='ltr'><strong>ditur.</strong></span> <span class='ocrx_word' id='word_1_119' title='bbox 568 1630 625 1687; x_wconf 90' lang='lat' dir='ltr'><strong>Si</strong></span> <span class='ocrx_word' id='word_1_120' title='bbox 678 1634 843 1699; x_wconf 90' lang='lat' dir='ltr'><strong>enim,</strong></span> <span class='ocrx_word' id='word_1_121' title='bbox 897 1635 1094 1703; x_wconf 87' lang='lat' dir='ltr'><strong>inquit,</strong></span> <span class='ocrx_word' id='word_1_122' title='bbox 1132 1646 1372 1690; x_wconf 90' lang='lat' dir='ltr'><strong>mortuus</strong></span> <span class='ocrx_word' id='word_1_123' title='bbox 1426 1653 1529 1691; x_wconf 89' lang='lat' dir='ltr'><strong>non</strong></span> <span class='ocrx_word' id='word_1_124' title='bbox 1593 1637 1764 1703; x_wconf 84' lang='lat' dir='ltr'><strong>fuero,</strong></span> <span class='ocrx_word' id='word_1_125' title='bbox 1818 1655 1922 1694; x_wconf 91' lang='lat' dir='ltr'><strong>non</strong></span> 
     </span>
    </p>
   </div>
   <div class='ocr_carea' id='block_1_18' title="bbox 368 1724 1921 1795">
    <p class='ocr_par' dir='ltr' id='par_1_18' title="bbox 368 1724 1921 1795">
     <span class='ocr_line' id='line_1_18' title="bbox 368 1724 1921 1795; baseline 0.004 -18"><span class='ocrx_word' id='word_1_126' title='bbox 368 1724 580 1793; x_wconf 80' lang='lat' dir='ltr'><strong>colligo.</strong></span> <span class='ocrx_word' id='word_1_127' title='bbox 633 1726 933 1795; x_wconf 82' lang='lat' dir='ltr'><strong>Antequam</strong></span> <span class='ocrx_word' id='word_1_128' title='bbox 989 1728 1130 1783; x_wconf 90' lang='lat' dir='ltr'><strong>enim</strong></span> <span class='ocrx_word' id='word_1_129' title='bbox 1182 1738 1501 1793; x_wconf 88' lang='lat' dir='ltr'><strong>moreretur,</strong></span> <span class='ocrx_word' id='word_1_130' title='bbox 1550 1738 1606 1784; x_wconf 89' lang='lat' dir='ltr'><strong>et</strong></span> <span class='ocrx_word' id='word_1_131' title='bbox 1658 1729 1921 1784; x_wconf 87' lang='lat' dir='ltr'><strong>mirabilia</strong></span> 
     </span>
    </p>
   </div>
   <div class='ocr_carea' id='block_1_19' title="bbox 2030 549 3590 629">
    <p class='ocr_par' dir='ltr' id='par_1_19' title="bbox 2030 549 3590 629">
     <span class='ocr_line' id='line_1_19' title="bbox 2030 549 3590 629; baseline 0.008 -26"><span class='ocrx_word' id='word_1_132' title='bbox 2030 549 2202 603; x_wconf 70' lang='lat' dir='ltr'><strong>caelos</strong></span> <span class='ocrx_word' id='word_1_133' title='bbox 2233 550 2387 619; x_wconf 83' lang='lat' dir='ltr'><strong>(nihil</strong></span> <span class='ocrx_word' id='word_1_134' title='bbox 2422 553 2567 606; x_wconf 91' lang='lat' dir='ltr'><strong>enim</strong></span> <span class='ocrx_word' id='word_1_135' title='bbox 2602 553 2849 621; x_wconf 86' lang='lat' dir='ltr'><strong>prohibet</strong></span> <span class='ocrx_word' id='word_1_136' title='bbox 2881 564 3105 624; x_wconf 89' lang='lat' dir='ltr'><strong>utraque</strong></span> <span class='ocrx_word' id='word_1_137' title='bbox 3137 555 3208 611; x_wconf 88' lang='lat' dir='ltr'><strong>ita</strong></span> <span class='ocrx_word' id='word_1_138' title='bbox 3240 556 3510 629; x_wconf 72' lang='lat' dir='ltr'><strong>intelligi),</strong></span> <span class='ocrx_word' id='word_1_139' title='bbox 3537 570 3590 614; x_wconf 92' lang='lat' dir='ltr'><strong>et</strong></span> 
     </span>
    </p>
   </div>
   <div class='ocr_carea' id='block_1_20' title="bbox 2030 638 3590 704">
    <p class='ocr_par' dir='ltr' id='par_1_20' title="bbox 2030 638 3590 704">
     <span class='ocr_line' id='line_1_20' title="bbox 2030 638 3590 704; baseline 0.009 -14"><span class='ocrx_word' id='word_1_140' title='bbox 2030 638 2241 692; x_wconf 87' lang='lat' dir='ltr'><strong>traham</strong></span> <span class='ocrx_word' id='word_1_141' title='bbox 2283 655 2473 695; x_wconf 89' lang='lat' dir='ltr'><strong>omnes</strong></span> <span class='ocrx_word' id='word_1_142' title='bbox 2520 642 2585 694; x_wconf 90' lang='lat' dir='ltr'><strong>ad</strong></span> <span class='ocrx_word' id='word_1_143' title='bbox 2626 658 2711 697; x_wconf 91' lang='lat' dir='ltr'><strong>me</strong></span> <span class='ocrx_word' id='word_1_144' title='bbox 2747 661 2761 697; x_wconf 91' lang='lat'><strong>:</strong></span> <span class='ocrx_word' id='word_1_145' title='bbox 2798 644 2935 698; x_wconf 77' lang='lat' dir='ltr'><strong>dixit</strong></span> <span class='ocrx_word' id='word_1_146' title='bbox 2977 647 3279 701; x_wconf 75' lang='lat' dir='ltr'><strong>modicum?</strong></span> <span class='ocrx_word' id='word_1_147' title='bbox 3310 648 3590 704; x_wconf 88' lang='lat' dir='ltr'><strong>miremur.</strong></span> 
     </span>
    </p>
   </div>
   <div class='ocr_carea' id='block_1_21' title="bbox 2027 729 3589 799">
    <p class='ocr_par' dir='ltr' id='par_1_21' title="bbox 2027 729 3589 799">
     <span class='ocr_line' id='line_1_21' title="bbox 2027 729 3589 799; baseline 0.008 -19"><span class='ocrx_word' id='word_1_148' title='bbox 2027 729 2133 782; x_wconf 86' lang='lat' dir='ltr'><strong>Sed</strong></span> <span class='ocrx_word' id='word_1_149' title='bbox 2167 743 2420 798; x_wconf 85' lang='lat' dir='ltr'><strong>magnum</strong></span> <span class='ocrx_word' id='word_1_150' title='bbox 2453 731 2581 799; x_wconf 90' lang='lat' dir='ltr'><strong>quid</strong></span> <span class='ocrx_word' id='word_1_151' title='bbox 2615 732 2769 796; x_wconf 83' lang='lat' dir='ltr'><strong>dixit,</strong></span> <span class='ocrx_word' id='word_1_152' title='bbox 2802 742 2857 786; x_wconf 90' lang='lat' dir='ltr'><strong>et</strong></span> <span class='ocrx_word' id='word_1_153' title='bbox 2884 734 3146 788; x_wconf 91' lang='lat' dir='ltr'><strong>modicum</strong></span> <span class='ocrx_word' id='word_1_154' title='bbox 3190 735 3355 791; x_wconf 82' lang='lat' dir='ltr'><strong>fecit?</strong></span> <span class='ocrx_word' id='word_1_155' title='bbox 3376 738 3589 792; x_wconf 64' lang='lat' dir='ltr'><strong>minuao</strong></span> 
     </span>
    </p>
   </div>
   <div class='ocr_carea' id='block_1_22' title="bbox 2027 820 3589 894">
    <p class='ocr_par' dir='ltr' id='par_1_22' title="bbox 2027 820 3589 894">
     <span class='ocr_line' id='line_1_22' title="bbox 2027 820 3589 894; baseline 0.005 -22"><span class='ocrx_word' id='word_1_156' title='bbox 2027 835 2148 873; x_wconf 88' lang='lat' dir='ltr'><strong>mus</strong></span> <span class='ocrx_word' id='word_1_157' title='bbox 2190 820 2625 873; x_wconf 86' lang='lat' dir='ltr'><strong>admirationem.</strong></span> <span class='ocrx_word' id='word_1_158' title='bbox 2683 822 2739 876; x_wconf 90' lang='lat' dir='ltr'><strong>Si</strong></span> <span class='ocrx_word' id='word_1_159' title='bbox 2790 833 2968 877; x_wconf 89' lang='lat' dir='ltr'><strong>autem</strong></span> <span class='ocrx_word' id='word_1_160' title='bbox 3007 840 3254 894; x_wconf 89' lang='lat' dir='ltr'><strong>magnum</strong></span> <span class='ocrx_word' id='word_1_161' title='bbox 3294 828 3448 893; x_wconf 84' lang='lat' dir='ltr'><strong>dixit,</strong></span> <span class='ocrx_word' id='word_1_162' title='bbox 3482 845 3589 882; x_wconf 87' lang='lat' dir='ltr'><strong>ma-</strong></span> 
     </span>
    </p>
   </div>
   <div class='ocr_carea' id='block_1_23' title="bbox 2025 908 3583 985">
    <p class='ocr_par' dir='ltr' id='par_1_23' title="bbox 2025 908 3583 985">
     <span class='ocr_line' id='line_1_23' title="bbox 2025 908 3583 985; baseline 0.006 -24"><span class='ocrx_word' id='word_1_163' title='bbox 2025 923 2188 977; x_wconf 91' lang='lat' dir='ltr'><strong>gnum</strong></span> <span class='ocrx_word' id='word_1_164' title='bbox 2221 921 2273 963; x_wconf 90' lang='lat' dir='ltr'><strong>et</strong></span> <span class='ocrx_word' id='word_1_165' title='bbox 2304 908 2453 973; x_wconf 85' lang='lat' dir='ltr'><strong>fecit,</strong></span> <span class='ocrx_word' id='word_1_166' title='bbox 2486 921 2537 966; x_wconf 94' lang='lat' dir='ltr'><strong>et</strong></span> <span class='ocrx_word' id='word_1_167' title='bbox 2574 913 2673 966; x_wconf 82' lang='lat' dir='ltr'><strong>hoc.</strong></span> <span class='ocrx_word' id='word_1_168' title='bbox 2701 927 2795 982; x_wconf 88' lang='lat' dir='ltr'><strong>per</strong></span> <span class='ocrx_word' id='word_1_169' title='bbox 2825 930 3060 977; x_wconf 89' lang='lat' dir='ltr'><strong>crucem,</strong></span> <span class='ocrx_word' id='word_1_170' title='bbox 3094 926 3147 970; x_wconf 88' lang='lat' dir='ltr'><strong>et</strong></span> <span class='ocrx_word' id='word_1_171' title='bbox 3178 927 3296 985; x_wconf 92' lang='lat' dir='ltr'><strong>post</strong></span> <span class='ocrx_word' id='word_1_172' title='bbox 3322 929 3583 985; x_wconf 86' lang='lat' dir='ltr'><strong>mortem;</strong></span> 
     </span>
    </p>
   </div>
   <div class='ocr_carea' id='block_1_24' title="bbox 2025 999 3584 1074">
    <p class='ocr_par' dir='ltr' id='par_1_24' title="bbox 2025 999 3584 1074">
     <span class='ocr_line' id='line_1_24' title="bbox 2025 999 3584 1074; baseline 0.006 -21"><span class='ocrx_word' id='word_1_173' title='bbox 2025 999 2285 1068; x_wconf 90' lang='lat' dir='ltr'><strong>pellamus</strong></span> <span class='ocrx_word' id='word_1_174' title='bbox 2330 1001 2721 1056; x_wconf 86' lang='lat' dir='ltr'><strong>dubitationem</strong></span> <span class='ocrx_word' id='word_1_175' title='bbox 2774 1015 2827 1057; x_wconf 88' lang='lat' dir='ltr'><strong>et</strong></span> <span class='ocrx_word' id='word_1_176' title='bbox 2873 1006 3226 1074; x_wconf 85' lang='lat' dir='ltr'><strong>suscipiamus</strong></span> <span class='ocrx_word' id='word_1_177' title='bbox 3284 1008 3461 1065; x_wconf 82' lang='lat' dir='ltr'><strong>ﬁdem.</strong></span> <span class='ocrx_word' id='word_1_178' title='bbox 3519 1009 3584 1064; x_wconf 82' lang='lat' dir='ltr'><strong>Et</strong></span> 
     </span>
    </p>
   </div>
   <div class='ocr_carea' id='block_1_25' title="bbox 2026 1088 3586 1168">
    <p class='ocr_par' dir='ltr' id='par_1_25' title="bbox 2026 1088 3586 1168">
     <span class='ocr_line' id='line_1_25' title="bbox 2026 1088 3586 1168; baseline 0.006 -25"><span class='ocrx_word' id='word_1_179' title='bbox 2026 1089 2219 1143; x_wconf 88' lang='lat' dir='ltr'><strong>iterum</strong></span> <span class='ocrx_word' id='word_1_180' title='bbox 2254 1092 2319 1143; x_wconf 91' lang='lat' dir='ltr'><strong>ad</strong></span> <span class='ocrx_word' id='word_1_181' title='bbox 2356 1088 2570 1146; x_wconf 76' lang='lat' dir='ltr'><strong>Judzeos</strong></span> <span class='ocrx_word' id='word_1_182' title='bbox 2594 1094 2723 1147; x_wconf 91' lang='lat' dir='ltr'><strong>dicit</strong></span> <span class='ocrx_word' id='word_1_183' title='bbox 2752 1095 2939 1147; x_wconf 88' lang='lat' dir='ltr'><strong>eadem</strong></span> <span class='ocrx_word' id='word_1_184' title='bbox 2973 1111 2988 1149; x_wconf 89' lang='lat'><strong>:</strong></span> <span class='ocrx_word' id='word_1_185' title='bbox 3019 1095 3169 1161; x_wconf 85' lang='lat' dir='ltr'><strong>Cum,</strong></span> <span class='ocrx_word' id='word_1_186' title='bbox 3209 1098 3401 1168; x_wconf 90' lang='lat' dir='ltr'><strong>inquit,</strong></span> <span class='ocrx_word' id='word_1_187' title='bbox 3440 1100 3586 1153; x_wconf 71' lang='lat' dir='ltr'><strong>exal-</strong></span> 
     </span>
    </p>
   </div>
   <div class='ocr_carea' id='block_1_26' title="bbox 2024 1179 3582 1258">
    <p class='ocr_par' dir='ltr' id='par_1_26' title="bbox 2024 1179 3582 1258">
     <span class='ocr_line' id='line_1_26' title="bbox 2024 1179 3582 1258; baseline 0.008 -25"><span class='ocrx_word' id='word_1_188' title='bbox 2024 1181 2253 1235; x_wconf 82' lang='lat' dir='ltr'><strong>taveritis</strong></span> <span class='ocrx_word' id='word_1_189' title='bbox 2292 1179 2491 1236; x_wconf 82' lang='lat' dir='ltr'><strong>Filium</strong></span> <span class='ocrx_word' id='word_1_190' title='bbox 2522 1184 2772 1247; x_wconf 79' lang='lat' dir='ltr'><strong>hominis,</strong></span> <span class='ocrx_word' id='word_1_191' title='bbox 2802 1191 2923 1237; x_wconf 87' lang='lat' dir='ltr'><strong>tunc</strong></span> <span class='ocrx_word' id='word_1_192' title='bbox 2946 1186 3113 1240; x_wconf 78' lang='lat' dir='ltr'><strong>scietis</strong></span> <span class='ocrx_word' id='word_1_193' title='bbox 3146 1189 3267 1258; x_wconf 86' lang='lat' dir='ltr'><strong>quia</strong></span> <span class='ocrx_word' id='word_1_194' title='bbox 3298 1206 3389 1258; x_wconf 82' lang='lat' dir='ltr'><strong>ego</strong></span> <span class='ocrx_word' id='word_1_195' title='bbox 3418 1208 3531 1244; x_wconf 82' lang='lat' dir='ltr'><strong>mm</strong></span> <span class='ocrx_word' id='word_1_196' title='bbox 3563 1208 3582 1245; x_wconf 92' lang='lat'><strong><em>:</em></strong></span> 
     </span>
    </p>
   </div>
   <div class='ocr_carea' id='block_1_27' title="bbox 2024 1275 3582 1346">
    <p class='ocr_par' dir='ltr' id='par_1_27' title="bbox 2024 1275 3582 1346">
     <span class='ocr_line' id='line_1_27' title="bbox 2024 1275 3582 1346; baseline 0.006 -21"><span class='ocrx_word' id='word_1_197' title='bbox 2024 1282 2073 1325; x_wconf 86' lang='lat' dir='ltr'><strong>et</strong></span> <span class='ocrx_word' id='word_1_198' title='bbox 2101 1291 2130 1324; x_wconf 90' lang='lat' dir='ltr'><strong>a</strong></span> <span class='ocrx_word' id='word_1_199' title='bbox 2162 1289 2247 1326; x_wconf 90' lang='lat' dir='ltr'><strong>me</strong></span> <span class='ocrx_word' id='word_1_200' title='bbox 2280 1275 2389 1341; x_wconf 82' lang='lat' dir='ltr'><strong>ipso</strong></span> <span class='ocrx_word' id='word_1_201' title='bbox 2418 1291 2522 1328; x_wconf 87' lang='lat' dir='ltr'><strong>non</strong></span> <span class='ocrx_word' id='word_1_202' title='bbox 2560 1277 2696 1339; x_wconf 78' lang='lat' dir='ltr'><strong>reni,</strong></span> <span class='ocrx_word' id='word_1_203' title='bbox 2720 1280 2809 1330; x_wconf 74' lang='lat' dir='ltr'><strong>sed</strong></span> <span class='ocrx_word' id='word_1_204' title='bbox 2834 1295 2865 1330; x_wconf 94' lang='lat' dir='ltr'><strong>a</strong></span> <span class='ocrx_word' id='word_1_205' title='bbox 2900 1277 3026 1345; x_wconf 84' lang='lat' dir='ltr'><strong>Deo,</strong></span> <span class='ocrx_word' id='word_1_206' title='bbox 3058 1296 3172 1332; x_wconf 83' lang='lat' dir='ltr'><strong>cum</strong></span> <span class='ocrx_word' id='word_1_207' title='bbox 3211 1296 3366 1346; x_wconf 86' lang='lat' dir='ltr'><strong>opera</strong></span> <span class='ocrx_word' id='word_1_208' title='bbox 3395 1292 3582 1336; x_wconf 79' lang='lat' dir='ltr'><strong>testata</strong></span> 
     </span>
    </p>
   </div>
   <div class='ocr_carea' id='block_1_28' title="bbox 2022 1362 3584 1439">
    <p class='ocr_par' dir='ltr' id='par_1_28' title="bbox 2022 1362 3584 1439">
     <span class='ocr_line' id='line_1_28' title="bbox 2022 1362 3584 1439; baseline 0.009 -25"><span class='ocrx_word' id='word_1_209' title='bbox 2022 1362 2214 1432; x_wconf 80' lang='lat' dir='ltr'><strong>fuerint</strong></span> <span class='ocrx_word' id='word_1_210' title='bbox 2263 1366 2343 1417; x_wconf 78' lang='lat' dir='ltr'><strong>his</strong></span> <span class='ocrx_word' id='word_1_211' title='bbox 2372 1381 2486 1434; x_wconf 74' lang='lat' dir='ltr'><strong>qua:</strong></span> <span class='ocrx_word' id='word_1_212' title='bbox 2517 1366 2634 1419; x_wconf 86' lang='lat' dir='ltr'><strong>dico</strong></span> <span class='ocrx_word' id='word_1_213' title='bbox 2669 1368 2707 1420; x_wconf 85' lang='grc'><strong>¹.</strong></span> <span class='ocrx_word' id='word_1_214' title='bbox 2757 1366 2818 1419; x_wconf 89' lang='lat' dir='ltr'><strong>lli</strong></span> <span class='ocrx_word' id='word_1_215' title='bbox 2855 1379 2980 1422; x_wconf 91' lang='lat' dir='ltr'><strong>sunt</strong></span> <span class='ocrx_word' id='word_1_216' title='bbox 3024 1379 3209 1439; x_wconf 83' lang='lat' dir='ltr'><strong>gustus</strong></span> <span class='ocrx_word' id='word_1_217' title='bbox 3255 1371 3584 1438; x_wconf 62' lang='lat' dir='ltr'><strong>praedicatio-</strong></span> 
     </span>
    </p>
   </div>
   <div class='ocr_carea' id='block_1_29' title="bbox 2026 1456 3585 1526">
    <p class='ocr_par' dir='ltr' id='par_1_29' title="bbox 2026 1456 3585 1526">
     <span class='ocr_line' id='line_1_29' title="bbox 2026 1456 3585 1526; baseline 0.007 -19"><span class='ocrx_word' id='word_1_218' title='bbox 2026 1470 2148 1507; x_wconf 91' lang='lat' dir='ltr'><strong>num</strong></span> <span class='ocrx_word' id='word_1_219' title='bbox 2195 1456 2400 1509; x_wconf 88' lang='lat' dir='ltr'><strong>Domini</strong></span> <span class='ocrx_word' id='word_1_220' title='bbox 2447 1471 2461 1508; x_wconf 93' lang='lat'><strong>:</strong></span> <span class='ocrx_word' id='word_1_221' title='bbox 2498 1456 2653 1524; x_wconf 83' lang='lat' dir='ltr'><strong>plena</strong></span> <span class='ocrx_word' id='word_1_222' title='bbox 2689 1468 2868 1512; x_wconf 87' lang='lat' dir='ltr'><strong>autem</strong></span> <span class='ocrx_word' id='word_1_223' title='bbox 2910 1457 3195 1526; x_wconf 81' lang='lat' dir='ltr'><strong>Evangelia</strong></span> <span class='ocrx_word' id='word_1_224' title='bbox 3245 1471 3370 1515; x_wconf 91' lang='lat' dir='ltr'><strong>sunt</strong></span> <span class='ocrx_word' id='word_1_225' title='bbox 3406 1463 3585 1518; x_wconf 64' lang='lat' dir='ltr'><strong>volenv</strong></span> 
     </span>
    </p>
   </div>
   <div class='ocr_carea' id='block_1_30' title="bbox 2027 1546 3584 1619">
    <p class='ocr_par' dir='ltr' id='par_1_30' title="bbox 2027 1546 3584 1619">
     <span class='ocr_line' id='line_1_30' title="bbox 2027 1546 3584 1619; baseline 0.006 -21"><span class='ocrx_word' id='word_1_226' title='bbox 2027 1546 2170 1600; x_wconf 91' lang='lat' dir='ltr'><strong>tibus</strong></span> <span class='ocrx_word' id='word_1_227' title='bbox 2201 1547 2334 1601; x_wconf 86' lang='lat' dir='ltr'><strong>bene</strong></span> <span class='ocrx_word' id='word_1_228' title='bbox 2380 1547 2593 1616; x_wconf 88' lang='lat' dir='ltr'><strong>degere,</strong></span> <span class='ocrx_word' id='word_1_229' title='bbox 2626 1547 2764 1616; x_wconf 88' lang='lat' dir='ltr'><strong>pleni</strong></span> <span class='ocrx_word' id='word_1_230' title='bbox 2810 1549 2978 1605; x_wconf 82' lang='lat' dir='ltr'><strong>Actus</strong></span> <span class='ocrx_word' id='word_1_231' title='bbox 3026 1552 3387 1619; x_wconf 77' lang='lat' dir='ltr'><strong>apostolorum</strong></span> <span class='ocrx_word' id='word_1_232' title='bbox 3436 1564 3584 1618; x_wconf 86' lang='lat' dir='ltr'><strong>sunt,</strong></span> 
     </span>
    </p>
   </div>
   <div class='ocr_carea' id='block_1_31' title="bbox 2024 1637 3584 1717">
    <p class='ocr_par' dir='ltr' id='par_1_31' title="bbox 2024 1637 3584 1717">
     <span class='ocr_line' id='line_1_31' title="bbox 2024 1637 3584 1717; baseline 0.006 -26"><span class='ocrx_word' id='word_1_233' title='bbox 2024 1648 2076 1691; x_wconf 87' lang='lat' dir='ltr'><strong>et</strong></span> <span class='ocrx_word' id='word_1_234' title='bbox 2107 1637 2358 1706; x_wconf 69' lang='lat' dir='ltr'><strong>Epistulae</strong></span> <span class='ocrx_word' id='word_1_235' title='bbox 2390 1638 2560 1703; x_wconf 83' lang='lat' dir='ltr'><strong>Pauli,</strong></span> <span class='ocrx_word' id='word_1_236' title='bbox 2602 1650 2655 1693; x_wconf 91' lang='lat' dir='ltr'><strong>et</strong></span> <span class='ocrx_word' id='word_1_237' title='bbox 2694 1641 2933 1696; x_wconf 86' lang='lat' dir='ltr'><strong>civitates</strong></span> <span class='ocrx_word' id='word_1_238' title='bbox 2980 1643 3243 1697; x_wconf 88' lang='lat' dir='ltr'><strong>mirabilia</strong></span> <span class='ocrx_word' id='word_1_239' title='bbox 3279 1646 3379 1717; x_wconf 80' lang='lat'><strong>(3).</strong></span> <span class='ocrx_word' id='word_1_240' title='bbox 3415 1646 3584 1714; x_wconf 69' lang='lat' dir='ltr'><strong>plenae</strong></span> 
     </span>
    </p>
   </div>
   <div class='ocr_carea' id='block_1_32' title="bbox 2028 1730 3583 1807">
    <p class='ocr_par' dir='ltr' id='par_1_32' title="bbox 2028 1730 3583 1807">
     <span class='ocr_line' id='line_1_32' title="bbox 2028 1730 3583 1807; baseline 0.008 -26"><span class='ocrx_word' id='word_1_241' title='bbox 2028 1738 2154 1782; x_wconf 89' lang='lat' dir='ltr'><strong>sunt</strong></span> <span class='ocrx_word' id='word_1_242' title='bbox 2184 1730 2345 1784; x_wconf 88' lang='lat' dir='ltr'><strong>urbes</strong></span> <span class='ocrx_word' id='word_1_243' title='bbox 2383 1730 2503 1785; x_wconf 87' lang='lat' dir='ltr'><strong>lide.</strong></span> <span class='ocrx_word' id='word_1_244' title='bbox 2546 1731 2687 1785; x_wconf 86' lang='lat' dir='ltr'><strong>Laus</strong></span> <span class='ocrx_word' id='word_1_245' title='bbox 2733 1733 2822 1786; x_wconf 92' lang='lat' dir='ltr'><strong>uni</strong></span> <span class='ocrx_word' id='word_1_246' title='bbox 2860 1750 2963 1788; x_wconf 85' lang='lat' dir='ltr'><strong>non</strong></span> <span class='ocrx_word' id='word_1_247' title='bbox 2996 1744 3123 1789; x_wconf 89' lang='lat' dir='ltr'><strong>nato</strong></span> <span class='ocrx_word' id='word_1_248' title='bbox 3154 1734 3283 1798; x_wconf 87' lang='lat' dir='ltr'><strong>Deo,</strong></span> <span class='ocrx_word' id='word_1_249' title='bbox 3314 1738 3403 1807; x_wconf 90' lang='lat' dir='ltr'><strong>qui</strong></span> <span class='ocrx_word' id='word_1_250' title='bbox 3436 1739 3583 1794; x_wconf 91' lang='lat' dir='ltr'><strong>misit</strong></span> 
     </span>
    </p>
   </div>
   <div class='ocr_carea' id='block_1_33' title="bbox 367 1814 3583 1898">
    <p class='ocr_par' dir='ltr' id='par_1_33' title="bbox 367 1814 3583 1898">
     <span class='ocr_line' id='line_1_33' title="bbox 367 1814 3583 1898; baseline 0.006 -33"><span class='ocrx_word' id='word_1_251' title='bbox 367 1814 587 1882; x_wconf 75' lang='lat' dir='ltr'><strong>laceret,</strong></span> <span class='ocrx_word' id='word_1_252' title='bbox 623 1832 724 1872; x_wconf 89' lang='lat' dir='ltr'><strong>nec</strong></span> <span class='ocrx_word' id='word_1_253' title='bbox 766 1819 1043 1873; x_wconf 89' lang='lat' dir='ltr'><strong>duodecim</strong></span> <span class='ocrx_word' id='word_1_254' title='bbox 1071 1819 1326 1890; x_wconf 82' lang='lat' dir='ltr'><strong>collegit;</strong></span> <span class='ocrx_word' id='word_1_255' title='bbox 1382 1835 1487 1872; x_wconf 88' lang='lat' dir='ltr'><strong>non</strong></span> <span class='ocrx_word' id='word_1_256' title='bbox 1516 1832 1926 1888; x_wconf 85' lang='lat' dir='ltr'><strong>permanserunt</strong></span> <span class='ocrx_word' id='word_1_257' title='bbox 1958 1820 1998 1874; x_wconf 83' lang='grc' dir='ltr'><strong><em>Β</em></strong></span> <span class='ocrx_word' id='word_1_258' title='bbox 2028 1820 2180 1875; x_wconf 86' lang='lat' dir='ltr'><strong>nobis</strong></span> <span class='ocrx_word' id='word_1_259' title='bbox 2227 1836 2390 1875; x_wconf 91' lang='lat' dir='ltr'><strong>unum</strong></span> <span class='ocrx_word' id='word_1_260' title='bbox 2443 1821 2606 1877; x_wconf 89' lang='lat' dir='ltr'><strong>Deum</strong></span> <span class='ocrx_word' id='word_1_261' title='bbox 2655 1825 2981 1895; x_wconf 85' lang='lat' dir='ltr'><strong>unigenitum</strong></span> <span class='ocrx_word' id='word_1_262' title='bbox 3036 1842 3189 1881; x_wconf 92' lang='lat' dir='ltr'><strong>suum</strong></span> <span class='ocrx_word' id='word_1_263' title='bbox 3221 1826 3435 1893; x_wconf 91' lang='lat' dir='ltr'><strong>Filium,</strong></span> <span class='ocrx_word' id='word_1_264' title='bbox 3490 1845 3583 1898; x_wconf 88' lang='lat' dir='ltr'><strong>per</strong></span> 
     </span>
    </p>
   </div>
   <div class='ocr_carea' id='block_1_34' title="bbox 366 1908 1917 1978">
    <p class='ocr_par' dir='ltr' id='par_1_34' title="bbox 366 1908 1917 1978">
     <span class='ocr_line' id='line_1_34' title="bbox 366 1908 1917 1978; baseline 0.003 -18"><span class='ocrx_word' id='word_1_265' title='bbox 366 1908 509 1961; x_wconf 85' lang='lat' dir='ltr'><strong>enim</strong></span> <span class='ocrx_word' id='word_1_266' title='bbox 545 1924 666 1962; x_wconf 90' lang='lat' dir='ltr'><strong>cum</strong></span> <span class='ocrx_word' id='word_1_267' title='bbox 712 1925 797 1967; x_wconf 91' lang='lat' dir='ltr'><strong>eo.</strong></span> <span class='ocrx_word' id='word_1_268' title='bbox 849 1912 989 1966; x_wconf 90' lang='lat' dir='ltr'><strong>Dicit</strong></span> <span class='ocrx_word' id='word_1_269' title='bbox 1031 1913 1171 1966; x_wconf 89' lang='lat' dir='ltr'><strong>enim</strong></span> <span class='ocrx_word' id='word_1_270' title='bbox 1207 1930 1219 1966; x_wconf 92' lang='lat'>:</span> <span class='ocrx_word' id='word_1_271' title='bbox 1251 1913 1382 1978; x_wconf 87' lang='lat' dir='ltr'><strong>Quia</strong></span> <span class='ocrx_word' id='word_1_272' title='bbox 1416 1912 1460 1965; x_wconf 91' lang='lat' dir='ltr'><strong>si</strong></span> <span class='ocrx_word' id='word_1_273' title='bbox 1504 1926 1607 1965; x_wconf 92' lang='lat' dir='ltr'><strong>non</strong></span> <span class='ocrx_word' id='word_1_274' title='bbox 1650 1927 1745 1966; x_wconf 89' lang='lat' dir='ltr'><strong>ero</strong></span> <span class='ocrx_word' id='word_1_275' title='bbox 1779 1927 1917 1965; x_wconf 86' lang='lat' dir='ltr'><strong>mor-</strong></span> 
     </span>
    </p>
   </div>
   <div class='ocr_carea' id='block_1_35' title="bbox 368 2001 1919 2073">
    <p class='ocr_par' dir='ltr' id='par_1_35' title="bbox 368 2001 1919 2073">
     <span class='ocr_line' id='line_1_35' title="bbox 368 2001 1919 2073; baseline 0.005 -24"><span class='ocrx_word' id='word_1_276' title='bbox 368 2007 508 2065; x_wconf 88' lang='lat' dir='ltr'><strong>tuus,</strong></span> <span class='ocrx_word' id='word_1_277' title='bbox 540 2015 642 2054; x_wconf 90' lang='lat' dir='ltr'><strong>non</strong></span> <span class='ocrx_word' id='word_1_278' title='bbox 677 2002 919 2073; x_wconf 83' lang='lat' dir='ltr'><strong>colligam</strong></span> <span class='ocrx_word' id='word_1_279' title='bbox 947 2004 1021 2073; x_wconf 70' lang='lat'><strong>(2)</strong></span> <span class='ocrx_word' id='word_1_280' title='bbox 1048 2017 1063 2056; x_wconf 90' lang='lat'><strong>:</strong></span> <span class='ocrx_word' id='word_1_281' title='bbox 1096 2001 1224 2056; x_wconf 87' lang='lat' dir='ltr'><strong>Cum</strong></span> <span class='ocrx_word' id='word_1_282' title='bbox 1257 2013 1429 2056; x_wconf 88' lang='lat' dir='ltr'><strong>autem</strong></span> <span class='ocrx_word' id='word_1_283' title='bbox 1462 2002 1726 2057; x_wconf 74' lang='lat' dir='ltr'><strong>exaltatus</strong></span> <span class='ocrx_word' id='word_1_284' title='bbox 1768 2003 1919 2071; x_wconf 79' lang='lat' dir='ltr'><strong>fuero</strong></span> 
     </span>
    </p>
   </div>
   <div class='ocr_carea' id='block_1_36' title="bbox 365 2092 1915 2164">
    <p class='ocr_par' dir='ltr' id='par_1_36' title="bbox 365 2092 1915 2164">
     <span class='ocr_line' id='line_1_36' title="bbox 365 2092 1915 2164; baseline 0.012 -25"><span class='ocrx_word' id='word_1_285' title='bbox 365 2103 395 2139; x_wconf 75' lang='grc' dir='ltr'><strong>οι</strong></span> <span class='ocrx_word' id='word_1_286' title='bbox 434 2100 597 2156; x_wconf 86' lang='lat' dir='ltr'><strong>terra,</strong></span> <span class='ocrx_word' id='word_1_287' title='bbox 628 2108 803 2147; x_wconf 70' lang='lat' dir='ltr'><strong>omnes</strong></span> <span class='ocrx_word' id='word_1_288' title='bbox 851 2094 1059 2148; x_wconf 76' lang='lat' dir='ltr'><strong>traham</strong></span> <span class='ocrx_word' id='word_1_289' title='bbox 1104 2097 1175 2148; x_wconf 79' lang='lat' dir='ltr'><strong>ad</strong></span> <span class='ocrx_word' id='word_1_290' title='bbox 1208 2110 1287 2149; x_wconf 89' lang='lat' dir='ltr'><strong>me</strong></span> <span class='ocrx_word' id='word_1_291' title='bbox 1315 2094 1383 2148; x_wconf 67' lang='grc' dir='ltr'><strong>θ’.</strong></span> <span class='ocrx_word' id='word_1_292' title='bbox 1432 2092 1543 2150; x_wconf 83' lang='lat' dir='ltr'><strong>Hoc</strong></span> <span class='ocrx_word' id='word_1_293' title='bbox 1587 2093 1729 2164; x_wconf 78' lang='lat' dir='ltr'><strong>quod</strong></span> <span class='ocrx_word' id='word_1_294' title='bbox 1760 2093 1915 2157; x_wconf 65' lang='lat' dir='ltr'><strong>dixit.</strong></span> 
     </span>
    </p>
   </div>
   <div class='ocr_carea' id='block_1_37' title="bbox 2028 1914 3579 1991">
    <p class='ocr_par' dir='ltr' id='par_1_37' title="bbox 2028 1914 3579 1991">
     <span class='ocr_line' id='line_1_37' title="bbox 2028 1914 3579 1991; baseline 0.007 -28"><span class='ocrx_word' id='word_1_295' title='bbox 2028 1927 2184 1980; x_wconf 91' lang='lat' dir='ltr'><strong>quem</strong></span> <span class='ocrx_word' id='word_1_296' title='bbox 2230 1922 2313 1967; x_wconf 92' lang='lat' dir='ltr'><strong>est</strong></span> <span class='ocrx_word' id='word_1_297' title='bbox 2354 1914 2402 1967; x_wconf 90' lang='lat' dir='ltr'><strong>ei</strong></span> <span class='ocrx_word' id='word_1_298' title='bbox 2439 1916 2628 1983; x_wconf 86' lang='lat' dir='ltr'><strong>gloria,</strong></span> <span class='ocrx_word' id='word_1_299' title='bbox 2661 1921 2850 1984; x_wconf 90' lang='lat' dir='ltr'><strong>honor,</strong></span> <span class='ocrx_word' id='word_1_300' title='bbox 2904 1920 3205 1989; x_wconf 84' lang='lat' dir='ltr'><strong>imperium,</strong></span> <span class='ocrx_word' id='word_1_301' title='bbox 3245 1922 3496 1991; x_wconf 74' lang='lat' dir='ltr'><strong>maiestas</strong></span> <span class='ocrx_word' id='word_1_302' title='bbox 3527 1924 3579 1975; x_wconf 93' lang='lat' dir='ltr'><strong>in</strong></span> 
     </span>
    </p>
   </div>
   <div class='ocr_carea' id='block_1_38' title="bbox 2025 2000 3576 2085">
    <p class='ocr_par' dir='ltr' id='par_1_38' title="bbox 2025 2000 3576 2085">
     <span class='ocr_line' id='line_1_38' title="bbox 2025 2000 3576 2085; baseline 0.008 -30"><span class='ocrx_word' id='word_1_303' title='bbox 2025 2000 2228 2071; x_wconf 91' lang='lat' dir='ltr'><strong>Spiritu</strong></span> <span class='ocrx_word' id='word_1_304' title='bbox 2276 2014 2486 2071; x_wconf 89' lang='lat' dir='ltr'><strong>sancto,</strong></span> <span class='ocrx_word' id='word_1_305' title='bbox 2524 2017 2577 2061; x_wconf 79' lang='lat' dir='ltr'><strong>et</strong></span> <span class='ocrx_word' id='word_1_306' title='bbox 2631 2026 2795 2075; x_wconf 88' lang='lat' dir='ltr'><strong>nunc,</strong></span> <span class='ocrx_word' id='word_1_307' title='bbox 2829 2021 2884 2067; x_wconf 89' lang='lat' dir='ltr'><strong>et</strong></span> <span class='ocrx_word' id='word_1_308' title='bbox 2931 2027 3146 2083; x_wconf 88' lang='lat' dir='ltr'><strong>semper</strong></span> <span class='ocrx_word' id='word_1_309' title='bbox 3175 2022 3228 2068; x_wconf 92' lang='lat' dir='ltr'><strong>et</strong></span> <span class='ocrx_word' id='word_1_310' title='bbox 3262 2028 3357 2085; x_wconf 86' lang='lat' dir='ltr'><strong>per</strong></span> <span class='ocrx_word' id='word_1_311' title='bbox 3398 2030 3576 2069; x_wconf 81' lang='lat' dir='ltr'><strong>omina</strong></span> 
     </span>
    </p>
   </div>
   <div class='ocr_carea' id='block_1_39' title="bbox 2022 2095 2814 2156">
    <p class='ocr_par' dir='ltr' id='par_1_39' title="bbox 2022 2095 2814 2156">
     <span class='ocr_line' id='line_1_39' title="bbox 2022 2095 2814 2156; baseline 0.009 -8"><span class='ocrx_word' id='word_1_312' title='bbox 2022 2095 2214 2149; x_wconf 61' lang='lat' dir='ltr'><strong>saecula</strong></span> <span class='ocrx_word' id='word_1_313' title='bbox 2244 2100 2579 2155; x_wconf 67' lang='lat' dir='ltr'><strong>saaculorum.</strong></span> <span class='ocrx_word' id='word_1_314' title='bbox 2624 2102 2814 2156; x_wconf 86' lang='lat' dir='ltr'><strong>Amen.</strong></span> 
     </span>
    </p>
   </div>
   <div class='ocr_carea' id='block_1_40' title="bbox 391 2230 3557 2256">
    <p class='ocr_par' dir='ltr' id='par_1_40' title="bbox 391 2230 3557 2256">
     <span class='ocr_line' id='line_1_40' title="bbox 391 2230 3557 2256; baseline 0.003 -12"><span class='ocrx_word' id='word_1_315' title='bbox 391 2230 3557 2256; x_wconf 54' lang='lat' dir='ltr'><strong>mw</strong></span> 
     </span>
    </p>
   </div>
   <div class='ocr_carea' id='block_1_41' title="bbox 1304 2393 2622 2511">
    <p class='ocr_par' dir='ltr' id='par_1_41' title="bbox 1304 2393 2622 2511">
     <span class='ocr_line' id='line_1_41' title="bbox 1304 2393 2622 2511; baseline 0.002 -3"><span class='ocrx_word' id='word_1_316' title='bbox 1304 2393 1861 2510; x_wconf 88' lang='lat' dir='ltr'><strong>EUSEBII</strong></span> <span class='ocrx_word' id='word_1_317' title='bbox 1947 2395 2622 2511; x_wconf 89' lang='lat' dir='ltr'><strong>PAMPHlLl</strong></span> 
     </span>
    </p>
   </div>
   <div class='ocr_carea' id='block_1_42' title="bbox 803 2628 3138 2732">
    <p class='ocr_par' dir='ltr' id='par_1_42' title="bbox 803 2628 3138 2732">
     <span class='ocr_line' id='line_1_42' title="bbox 803 2628 3138 2732; baseline 0.003 -13"><span class='ocrx_word' id='word_1_318' title='bbox 803 2632 949 2721; x_wconf 91' lang='lat' dir='ltr'><strong>DE</strong></span> <span class='ocrx_word' id='word_1_319' title='bbox 1028 2628 1839 2724; x_wconf 79' lang='lat' dir='ltr'><strong>INCORPORALI</strong></span> <span class='ocrx_word' id='word_1_320' title='bbox 1911 2632 2066 2720; x_wconf 88' lang='lat' dir='ltr'><strong>ET</strong></span> <span class='ocrx_word' id='word_1_321' title='bbox 2140 2632 2781 2725; x_wconf 86' lang='lat' dir='ltr'><strong>INVISIBILI</strong></span> <span class='ocrx_word' id='word_1_322' title='bbox 2862 2638 3138 2732; x_wconf 82' lang='grc' dir='ltr'><strong>ΠΕΟ.</strong></span> 
     </span>
    </p>
   </div>
   <div class='ocr_carea' id='block_1_43' title="bbox 434 2974 3578 3056">
    <p class='ocr_par' dir='ltr' id='par_1_43' title="bbox 434 2974 3578 3056">
     <span class='ocr_line' id='line_1_43' title="bbox 434 2974 3578 3056; baseline 0.002 -19"><span class='ocrx_word' id='word_1_323' title='bbox 434 2980 827 3053; x_wconf 78' lang='lat' dir='ltr'><strong>incorporalem</strong></span> <span class='ocrx_word' id='word_1_324' title='bbox 860 2995 978 3037; x_wconf 85' lang='lat' dir='ltr'><strong>esse</strong></span> <span class='ocrx_word' id='word_1_325' title='bbox 1007 2982 1166 3038; x_wconf 91' lang='lat' dir='ltr'><strong>Deum</strong></span> <span class='ocrx_word' id='word_1_326' title='bbox 1194 2996 1323 3038; x_wconf 91' lang='lat' dir='ltr'><strong>voce</strong></span> <span class='ocrx_word' id='word_1_327' title='bbox 1355 2997 1546 3051; x_wconf 79' lang='lat' dir='ltr'><strong>magna</strong></span> <span class='ocrx_word' id='word_1_328' title='bbox 1582 2983 1904 3050; x_wconf 90' lang='lat' dir='ltr'><strong>clamemus,</strong></span> <span class='ocrx_word' id='word_1_329' title='bbox 1939 2986 1986 3050; x_wconf 78' lang='grc' dir='ltr'>ο</span> <span class='ocrx_word' id='word_1_330' title='bbox 2014 2984 2105 3055; x_wconf 91' lang='lat' dir='ltr'><strong>qui</strong></span> <span class='ocrx_word' id='word_1_331' title='bbox 2148 2993 2201 3040; x_wconf 82' lang='lat' dir='ltr'><strong>et</strong></span> <span class='ocrx_word' id='word_1_332' title='bbox 2241 2984 2437 3040; x_wconf 87' lang='lat' dir='ltr'><strong>animis</strong></span> <span class='ocrx_word' id='word_1_333' title='bbox 2490 2984 2672 3040; x_wconf 90' lang='lat' dir='ltr'><strong>tribuit</strong></span> <span class='ocrx_word' id='word_1_334' title='bbox 2714 2994 2770 3040; x_wconf 90' lang='lat' dir='ltr'><strong>et</strong></span> <span class='ocrx_word' id='word_1_335' title='bbox 2829 2974 3334 3056; x_wconf 85' lang='lat' dir='ltr'><strong>incorporalitalem.</strong></span> <span class='ocrx_word' id='word_1_336' title='bbox 3382 2988 3578 3047; x_wconf 83' lang='lat' dir='ltr'><strong>Paulus</strong></span> 
     </span>
    </p>
   </div>
   <div class='ocr_carea' id='block_1_44' title="bbox 363 3075 1915 3145">
    <p class='ocr_par' dir='ltr' id='par_1_44' title="bbox 363 3075 1915 3145">
     <span class='ocr_line' id='line_1_44' title="bbox 363 3075 1915 3145; baseline 0.002 -16"><span class='ocrx_word' id='word_1_337' title='bbox 363 3086 417 3129; x_wconf 88' lang='lat' dir='ltr'><strong>et</strong></span> <span class='ocrx_word' id='word_1_338' title='bbox 448 3078 499 3130; x_wconf 92' lang='lat' dir='ltr'><strong>in</strong></span> <span class='ocrx_word' id='word_1_339' title='bbox 528 3088 752 3144; x_wconf 88' lang='lat' dir='ltr'><strong>corpore</strong></span> <span class='ocrx_word' id='word_1_340' title='bbox 776 3075 1072 3141; x_wconf 88' lang='lat' dir='ltr'><strong>constituti,</strong></span> <span class='ocrx_word' id='word_1_341' title='bbox 1096 3085 1150 3129; x_wconf 89' lang='lat' dir='ltr'><strong>et</strong></span> <span class='ocrx_word' id='word_1_342' title='bbox 1175 3091 1203 3128; x_wconf 90' lang='lat' dir='ltr'><strong>a</strong></span> <span class='ocrx_word' id='word_1_343' title='bbox 1233 3076 1549 3145; x_wconf 90' lang='lat' dir='ltr'><strong>corporibus</strong></span> <span class='ocrx_word' id='word_1_344' title='bbox 1581 3080 1915 3134; x_wconf 87' lang='lat' dir='ltr'><strong>recedentes.</strong></span> 
     </span>
    </p>
   </div>
   <div class='ocr_carea' id='block_1_45' title="bbox 364 3164 1917 3239">
    <p class='ocr_par' dir='ltr' id='par_1_45' title="bbox 364 3164 1917 3239">
     <span class='ocr_line' id='line_1_45' title="bbox 364 3164 1917 3239; baseline 0.007 -24"><span class='ocrx_word' id='word_1_345' title='bbox 364 3164 558 3222; x_wconf 74' lang='lat' dir='ltr'><strong>Vit-ent</strong></span> <span class='ocrx_word' id='word_1_346' title='bbox 595 3167 737 3222; x_wconf 90' lang='lat' dir='ltr'><strong>enim</strong></span> <span class='ocrx_word' id='word_1_347' title='bbox 769 3169 959 3221; x_wconf 70' lang='lat' dir='ltr'><strong>anima:</strong></span> <span class='ocrx_word' id='word_1_348' title='bbox 995 3168 1419 3238; x_wconf 88' lang='lat' dir='ltr'><strong>incorporaliter,</strong></span> <span class='ocrx_word' id='word_1_349' title='bbox 1450 3178 1503 3224; x_wconf 90' lang='lat' dir='ltr'><strong>et</strong></span> <span class='ocrx_word' id='word_1_350' title='bbox 1538 3179 1658 3239; x_wconf 86' lang='lat' dir='ltr'><strong>post</strong></span> <span class='ocrx_word' id='word_1_351' title='bbox 1691 3179 1917 3226; x_wconf 88' lang='lat' dir='ltr'><strong>mortem</strong></span> 
     </span>
    </p>
   </div>
   <div class='ocr_carea' id='block_1_46' title="bbox 364 3258 1920 3331">
    <p class='ocr_par' dir='ltr' id='par_1_46' title="bbox 364 3258 1920 3331">
     <span class='ocr_line' id='line_1_46' title="bbox 364 3258 1920 3331; baseline 0.003 -18"><span class='ocrx_word' id='word_1_352' title='bbox 364 3261 747 3330; x_wconf 88' lang='lat' dir='ltr'><strong>incorporalem</strong></span> <span class='ocrx_word' id='word_1_353' title='bbox 776 3260 869 3331; x_wconf 68' lang='lat'><strong>(4),</strong></span> <span class='ocrx_word' id='word_1_354' title='bbox 900 3271 953 3315; x_wconf 81' lang='lat' dir='ltr'><strong>et</strong></span> <span class='ocrx_word' id='word_1_355' title='bbox 981 3258 1357 3330; x_wconf 66' lang='lat' dir='ltr'><strong>necdurn&#39;qute</strong></span> <span class='ocrx_word' id='word_1_356' title='bbox 1383 3277 1413 3316; x_wconf 89' lang='lat' dir='ltr'><strong>a</strong></span> <span class='ocrx_word' id='word_1_357' title='bbox 1447 3260 1554 3318; x_wconf 91' lang='lat' dir='ltr'><strong>Deo</strong></span> <span class='ocrx_word' id='word_1_358' title='bbox 1583 3272 1763 3318; x_wconf 89' lang='lat' dir='ltr'><strong>creata</strong></span> <span class='ocrx_word' id='word_1_359' title='bbox 1795 3272 1920 3320; x_wconf 90' lang='lat' dir='ltr'><strong>sunt</strong></span> 
     </span>
    </p>
   </div>
   <div class='ocr_carea' id='block_1_47' title="bbox 365 3352 1920 3425">
    <p class='ocr_par' dir='ltr' id='par_1_47' title="bbox 365 3352 1920 3425">
     <span class='ocr_line' id='line_1_47' title="bbox 365 3352 1920 3425; baseline 0.006 -23"><span class='ocrx_word' id='word_1_360' title='bbox 365 3360 560 3404; x_wconf 82' lang='lat' dir='ltr'><strong>tantam</strong></span> <span class='ocrx_word' id='word_1_361' title='bbox 601 3353 796 3407; x_wconf 88' lang='lat' dir='ltr'><strong>habent</strong></span> <span class='ocrx_word' id='word_1_362' title='bbox 833 3352 1169 3422; x_wconf 90' lang='lat' dir='ltr'><strong>dignitatem.</strong></span> <span class='ocrx_word' id='word_1_363' title='bbox 1200 3353 1316 3423; x_wconf 88' lang='lat' dir='ltr'><strong>Ipse</strong></span> <span class='ocrx_word' id='word_1_364' title='bbox 1358 3364 1537 3410; x_wconf 90' lang='lat' dir='ltr'><strong>autem</strong></span> <span class='ocrx_word' id='word_1_365' title='bbox 1580 3356 1668 3425; x_wconf 91' lang='lat' dir='ltr'><strong>qui</strong></span> <span class='ocrx_word' id='word_1_366' title='bbox 1708 3371 1836 3425; x_wconf 89' lang='lat' dir='ltr'><strong>pura</strong></span> <span class='ocrx_word' id='word_1_367' title='bbox 1868 3367 1920 3413; x_wconf 93' lang='lat' dir='ltr'><strong>et</strong></span> 
     </span>
    </p>
   </div>
   <div class='ocr_carea' id='block_1_48' title="bbox 359 3443 1919 3519">
    <p class='ocr_par' dir='ltr' id='par_1_48' title="bbox 359 3443 1919 3519">
     <span class='ocr_line' id='line_1_48' title="bbox 359 3443 1919 3519; baseline 0.004 -22"><span class='ocrx_word' id='word_1_368' title='bbox 359 3443 638 3514; x_wconf 84' lang='lat' dir='ltr'><strong>perspicua</strong></span> <span class='ocrx_word' id='word_1_369' title='bbox 663 3455 911 3514; x_wconf 81' lang='lat' dir='ltr'><strong>operatus</strong></span> <span class='ocrx_word' id='word_1_370' title='bbox 933 3456 1045 3512; x_wconf 89' lang='lat' dir='ltr'><strong>est;</strong></span> <span class='ocrx_word' id='word_1_371' title='bbox 1075 3446 1430 3516; x_wconf 85' lang='lat' dir='ltr'><strong>incorporalia</strong></span> <span class='ocrx_word' id='word_1_372' title='bbox 1459 3456 1612 3517; x_wconf 88' lang='lat' dir='ltr'><strong>putas</strong></span> <span class='ocrx_word' id='word_1_373' title='bbox 1645 3451 1919 3519; x_wconf 86' lang='lat' dir='ltr'><strong>operietur</strong></span> 
     </span>
    </p>
   </div>
   <div class='ocr_carea' id='block_1_49' title="bbox 360 3536 1917 3609">
    <p class='ocr_par' dir='ltr' id='par_1_49' title="bbox 360 3536 1917 3609">
     <span class='ocr_line' id='line_1_49' title="bbox 360 3536 1917 3609; baseline 0.004 -22"><span class='ocrx_word' id='word_1_374' title='bbox 360 3545 538 3590; x_wconf 90' lang='lat' dir='ltr'><strong>mente</strong></span> <span class='ocrx_word' id='word_1_375' title='bbox 583 3536 950 3606; x_wconf 90' lang='lat' dir='ltr'><strong>insipientium</strong></span> <span class='ocrx_word' id='word_1_376' title='bbox 998 3537 1262 3606; x_wconf 85' lang='lat' dir='ltr'><strong>corpore?</strong></span> <span class='ocrx_word' id='word_1_377' title='bbox 1322 3537 1707 3608; x_wconf 77' lang='lat' dir='ltr'><strong>Consiguemus</strong></span> <span class='ocrx_word' id='word_1_378' title='bbox 1756 3540 1917 3609; x_wconf 87' lang='lat' dir='ltr'><strong>igitur</strong></span> 
     </span>
    </p>
   </div>
   <div class='ocr_carea' id='block_1_50' title="bbox 358 3629 1913 3701">
    <p class='ocr_par' dir='ltr' id='par_1_50' title="bbox 358 3629 1913 3701">
     <span class='ocr_line' id='line_1_50' title="bbox 358 3629 1913 3701; baseline 0.001 -18"><span class='ocrx_word' id='word_1_379' title='bbox 358 3636 573 3683; x_wconf 86' lang='lat' dir='ltr'><strong>nostros</strong></span> <span class='ocrx_word' id='word_1_380' title='bbox 619 3629 883 3700; x_wconf 83' lang='lat' dir='ltr'><strong>cogitatus</strong></span> <span class='ocrx_word' id='word_1_381' title='bbox 927 3645 957 3683; x_wconf 89' lang='lat' dir='ltr'><strong>a</strong></span> <span class='ocrx_word' id='word_1_382' title='bbox 993 3630 1184 3684; x_wconf 86' lang='lat' dir='ltr'><strong>divinis</strong></span> <span class='ocrx_word' id='word_1_383' title='bbox 1217 3630 1529 3701; x_wconf 83' lang='lat' dir='ltr'><strong>Scripturis.</strong></span> <span class='ocrx_word' id='word_1_384' title='bbox 1584 3632 1717 3700; x_wconf 83' lang='lat' dir='ltr'><strong>Quia</strong></span> <span class='ocrx_word' id='word_1_385' title='bbox 1773 3633 1913 3688; x_wconf 84' lang='lat' dir='ltr'><strong>enim</strong></span> 
     </span>
    </p>
   </div>
   <div class='ocr_carea' id='block_1_51' title="bbox 359 3718 1915 3791">
    <p class='ocr_par' dir='ltr' id='par_1_51' title="bbox 359 3718 1915 3791">
     <span class='ocr_line' id='line_1_51' title="bbox 359 3718 1915 3791; baseline 0.005 -19"><span class='ocrx_word' id='word_1_386' title='bbox 359 3718 483 3774; x_wconf 89' lang='lat' dir='ltr'><strong>inde</strong></span> <span class='ocrx_word' id='word_1_387' title='bbox 534 3730 816 3776; x_wconf 89' lang='lat' dir='ltr'><strong>moventur</strong></span> <span class='ocrx_word' id='word_1_388' title='bbox 864 3723 1217 3791; x_wconf 76' lang='lat' dir='ltr'><strong>qutestiones,</strong></span> <span class='ocrx_word' id='word_1_389' title='bbox 1265 3723 1385 3776; x_wconf 83' lang='lat' dir='ltr'><strong>inde</strong></span> <span class='ocrx_word' id='word_1_390' title='bbox 1410 3724 1624 3779; x_wconf 89' lang='lat' dir='ltr'><strong>veniant</strong></span> <span class='ocrx_word' id='word_1_391' title='bbox 1672 3735 1728 3779; x_wconf 89' lang='lat' dir='ltr'><strong>et</strong></span> <span class='ocrx_word' id='word_1_392' title='bbox 1769 3727 1915 3780; x_wconf 89' lang='lat' dir='ltr'><strong>solu-</strong></span> 
     </span>
    </p>
   </div>
   <div class='ocr_carea' id='block_1_52' title="bbox 360 3814 1918 3888">
    <p class='ocr_par' dir='ltr' id='par_1_52' title="bbox 360 3814 1918 3888">
     <span class='ocr_line' id='line_1_52' title="bbox 360 3814 1918 3888; baseline 0.004 -23"><span class='ocrx_word' id='word_1_393' title='bbox 360 3814 549 3868; x_wconf 89' lang='lat' dir='ltr'><strong>tiones.</strong></span> <span class='ocrx_word' id='word_1_394' title='bbox 581 3814 771 3868; x_wconf 84' lang='lat' dir='ltr'><strong>Anima</strong></span> <span class='ocrx_word' id='word_1_395' title='bbox 803 3815 1117 3870; x_wconf 87' lang='lat' dir='ltr'><strong>immortalis</strong></span> <span class='ocrx_word' id='word_1_396' title='bbox 1156 3824 1259 3879; x_wconf 87' lang='lat' dir='ltr'><strong>est,</strong></span> <span class='ocrx_word' id='word_1_397' title='bbox 1284 3824 1337 3867; x_wconf 91' lang='lat' dir='ltr'><strong>et</strong></span> <span class='ocrx_word' id='word_1_398' title='bbox 1370 3816 1643 3881; x_wconf 88' lang='lat' dir='ltr'><strong>passiones</strong></span> <span class='ocrx_word' id='word_1_399' title='bbox 1678 3819 1918 3888; x_wconf 91' lang='lat' dir='ltr'><strong>corporis</strong></span> 
     </span>
    </p>
   </div>
   <div class='ocr_carea' id='block_1_53' title="bbox 360 3906 1915 3979">
    <p class='ocr_par' dir='ltr' id='par_1_53' title="bbox 360 3906 1915 3979">
     <span class='ocr_line' id='line_1_53' title="bbox 360 3906 1915 3979; baseline 0.003 -21"><span class='ocrx_word' id='word_1_400' title='bbox 360 3921 464 3961; x_wconf 92' lang='lat' dir='ltr'><strong>non</strong></span> <span class='ocrx_word' id='word_1_401' title='bbox 517 3908 737 3960; x_wconf 89' lang='lat' dir='ltr'><strong>veniunt</strong></span> <span class='ocrx_word' id='word_1_402' title='bbox 779 3908 843 3960; x_wconf 90' lang='lat' dir='ltr'><strong>ad</strong></span> <span class='ocrx_word' id='word_1_403' title='bbox 891 3922 1030 3961; x_wconf 88' lang='lat' dir='ltr'><strong>eam.</strong></span> <span class='ocrx_word' id='word_1_404' title='bbox 1080 3906 1183 3962; x_wconf 88' lang='lat' dir='ltr'><strong>Per</strong></span> <span class='ocrx_word' id='word_1_405' title='bbox 1230 3923 1349 3960; x_wconf 89' lang='lat' dir='ltr'><strong>eum</strong></span> <span class='ocrx_word' id='word_1_406' title='bbox 1418 3908 1558 3961; x_wconf 91' lang='lat' dir='ltr'><strong>enim</strong></span> <span class='ocrx_word' id='word_1_407' title='bbox 1613 3923 1707 3978; x_wconf 88' lang='lat' dir='ltr'><strong>per</strong></span> <span class='ocrx_word' id='word_1_408' title='bbox 1757 3924 1915 3979; x_wconf 91' lang='lat' dir='ltr'><strong>quem</strong></span> 
     </span>
    </p>
   </div>
   <div class='ocr_carea' id='block_1_54' title="bbox 359 3998 1919 4069">
    <p class='ocr_par' dir='ltr' id='par_1_54' title="bbox 359 3998 1919 4069">
     <span class='ocr_line' id='line_1_54' title="bbox 359 3998 1919 4069; baseline 0.004 -18"><span class='ocrx_word' id='word_1_409' title='bbox 359 3998 534 4051; x_wconf 90' lang='lat' dir='ltr'><strong>omnia</strong></span> <span class='ocrx_word' id='word_1_410' title='bbox 571 3999 709 4052; x_wconf 78' lang='lat' dir='ltr'><strong>facta</strong></span> <span class='ocrx_word' id='word_1_411' title='bbox 754 4009 900 4063; x_wconf 82' lang='lat' dir='ltr'><strong>sunt,</strong></span> <span class='ocrx_word' id='word_1_412' title='bbox 937 4009 990 4053; x_wconf 89' lang='lat' dir='ltr'><strong>et</strong></span> <span class='ocrx_word' id='word_1_413' title='bbox 1018 4000 1209 4053; x_wconf 63' lang='lat' dir='ltr'><strong>animae</strong></span> <span class='ocrx_word' id='word_1_414' title='bbox 1248 4007 1444 4052; x_wconf 71' lang='lat' dir='ltr'><strong>creatae</strong></span> <span class='ocrx_word' id='word_1_415' title='bbox 1487 4009 1634 4053; x_wconf 90' lang='lat' dir='ltr'><strong>sunt.</strong></span> <span class='ocrx_word' id='word_1_416' title='bbox 1668 3999 1783 4069; x_wconf 88' lang='lat' dir='ltr'><strong>Ipse</strong></span> <span class='ocrx_word' id='word_1_417' title='bbox 1818 4003 1919 4057; x_wconf 86' lang='lat' dir='ltr'><strong>hoc</strong></span> 
     </span>
    </p>
   </div>
   <div class='ocr_carea' id='block_1_55' title="bbox 361 4089 1916 4157">
    <p class='ocr_par' dir='ltr' id='par_1_55' title="bbox 361 4089 1916 4157">
     <span class='ocr_line' id='line_1_55' title="bbox 361 4089 1916 4157; baseline 0.004 -16"><span class='ocrx_word' id='word_1_418' title='bbox 361 4092 719 4157; x_wconf 89' lang='lat' dir='ltr'><strong>pronuntiavit</strong></span> <span class='ocrx_word' id='word_1_419' title='bbox 766 4091 1019 4145; x_wconf 90' lang='lat' dir='ltr'><strong>Dominus</strong></span> <span class='ocrx_word' id='word_1_420' title='bbox 1061 4101 1113 4144; x_wconf 93' lang='lat' dir='ltr'><strong>et</strong></span> <span class='ocrx_word' id='word_1_421' title='bbox 1157 4090 1290 4143; x_wconf 76' lang='lat' dir='ltr'><strong>dixit</strong></span> <span class='ocrx_word' id='word_1_422' title='bbox 1332 4109 1346 4145; x_wconf 86' lang='lat'><strong>:</strong></span> <span class='ocrx_word' id='word_1_423' title='bbox 1394 4089 1570 4143; x_wconf 84' lang='lat' dir='ltr'><strong>Nolite</strong></span> <span class='ocrx_word' id='word_1_424' title='bbox 1615 4095 1791 4146; x_wconf 82' lang='lat' dir='ltr'><strong>timere</strong></span> <span class='ocrx_word' id='word_1_425' title='bbox 1830 4109 1916 4147; x_wconf 75' lang='lat' dir='ltr'><strong>eos</strong></span> 
     </span>
    </p>
   </div>
   <div class='ocr_carea' id='block_1_56' title="bbox 358 4182 1916 4256">
    <p class='ocr_par' dir='ltr' id='par_1_56' title="bbox 358 4182 1916 4256">
     <span class='ocr_line' id='line_1_56' title="bbox 358 4182 1916 4256; baseline 0.003 -21"><span class='ocrx_word' id='word_1_426' title='bbox 358 4182 445 4249; x_wconf 84' lang='lat' dir='ltr'><strong>qui</strong></span> <span class='ocrx_word' id='word_1_427' title='bbox 497 4185 739 4237; x_wconf 81' lang='lat' dir='ltr'><strong>occidunt</strong></span> <span class='ocrx_word' id='word_1_428' title='bbox 790 4199 1001 4245; x_wconf 70' lang='lat' dir='ltr'><strong>coruus.</strong></span> <span class='ocrx_word' id='word_1_429' title='bbox 1054 4185 1283 4238; x_wconf 84' lang='lat' dir='ltr'><strong>animum</strong></span> <span class='ocrx_word' id='word_1_430' title='bbox 1327 4194 1500 4237; x_wconf 84' lang='lat' dir='ltr'><strong>autem</strong></span> <span class='ocrx_word' id='word_1_431' title='bbox 1557 4201 1659 4239; x_wconf 86' lang='lat' dir='ltr'><strong>non</strong></span> <span class='ocrx_word' id='word_1_432' title='bbox 1700 4195 1916 4256; x_wconf 78' lang='lat' dir='ltr'><strong>possunt</strong></span> 
     </span>
    </p>
   </div>
   <div class='ocr_carea' id='block_1_57' title="bbox 360 4275 1911 4344">
    <p class='ocr_par' dir='ltr' id='par_1_57' title="bbox 360 4275 1911 4344">
     <span class='ocr_line' id='line_1_57' title="bbox 360 4275 1911 4344; baseline 0.004 -15"><span class='ocrx_word' id='word_1_433' title='bbox 360 4277 588 4331; x_wconf 81' lang='lat' dir='ltr'><strong>occidere</strong></span> <span class='ocrx_word' id='word_1_434' title='bbox 643 4280 685 4331; x_wconf 82' lang='lat'><strong>&#39;.</strong></span> <span class='ocrx_word' id='word_1_435' title='bbox 735 4277 848 4333; x_wconf 81' lang='lat' dir='ltr'><strong>Non</strong></span> <span class='ocrx_word' id='word_1_436' title='bbox 896 4278 1029 4331; x_wconf 78' lang='lat' dir='ltr'><strong>dixit</strong></span> <span class='ocrx_word' id='word_1_437' title='bbox 1081 4276 1204 4344; x_wconf 86' lang='lat' dir='ltr'><strong>quia</strong></span> <span class='ocrx_word' id='word_1_438' title='bbox 1255 4275 1437 4330; x_wconf 90' lang='lat' dir='ltr'><strong>nolunt</strong></span> <span class='ocrx_word' id='word_1_439' title='bbox 1485 4279 1765 4343; x_wconf 89' lang='lat' dir='ltr'><strong>occidere,</strong></span> <span class='ocrx_word' id='word_1_440' title='bbox 1817 4279 1911 4335; x_wconf 89' lang='lat' dir='ltr'><strong>sed</strong></span> 
     </span>
    </p>
   </div>
   <div class='ocr_carea' id='block_1_58' title="bbox 358 4368 1912 4438">
    <p class='ocr_par' dir='ltr' id='par_1_58' title="bbox 358 4368 1912 4438">
     <span class='ocr_line' id='line_1_58' title="bbox 358 4368 1912 4438; baseline 0.003 -16"><span class='ocrx_word' id='word_1_441' title='bbox 358 4370 478 4438; x_wconf 90' lang='lat' dir='ltr'><strong>quia</strong></span> <span class='ocrx_word' id='word_1_442' title='bbox 524 4386 626 4423; x_wconf 91' lang='lat' dir='ltr'><strong>nou</strong></span> <span class='ocrx_word' id='word_1_443' title='bbox 664 4378 915 4438; x_wconf 90' lang='lat' dir='ltr'><strong>possunt,</strong></span> <span class='ocrx_word' id='word_1_444' title='bbox 959 4370 1166 4438; x_wconf 90' lang='lat' dir='ltr'><strong>inquit,</strong></span> <span class='ocrx_word' id='word_1_445' title='bbox 1200 4369 1464 4424; x_wconf 88' lang='lat' dir='ltr'><strong>occidere.</strong></span> <span class='ocrx_word' id='word_1_446' title='bbox 1516 4368 1734 4425; x_wconf 66' lang='lat' dir='ltr'><strong>Natura:</strong></span> <span class='ocrx_word' id='word_1_447' title='bbox 1770 4373 1912 4427; x_wconf 90' lang='lat' dir='ltr'><strong>enim</strong></span> 
     </span>
    </p>
   </div>
   <div class='ocr_carea' id='block_1_59' title="bbox 358 4461 1915 4533">
    <p class='ocr_par' dir='ltr' id='par_1_59' title="bbox 358 4461 1915 4533">
     <span class='ocr_line' id='line_1_59' title="bbox 358 4461 1915 4533; baseline 0.001 -18"><span class='ocrx_word' id='word_1_448' title='bbox 358 4462 548 4516; x_wconf 64' lang='lat' dir='ltr'><strong>anima:</strong></span> <span class='ocrx_word' id='word_1_449' title='bbox 587 4462 879 4532; x_wconf 88' lang='lat' dir='ltr'><strong>potentiam</strong></span> <span class='ocrx_word' id='word_1_450' title='bbox 926 4461 1121 4530; x_wconf 89' lang='lat' dir='ltr'><strong>posuit,</strong></span> <span class='ocrx_word' id='word_1_451' title='bbox 1160 4470 1213 4516; x_wconf 90' lang='lat' dir='ltr'><strong>et</strong></span> <span class='ocrx_word' id='word_1_452' title='bbox 1257 4478 1358 4516; x_wconf 90' lang='lat' dir='ltr'><strong>non</strong></span> <span class='ocrx_word' id='word_1_453' title='bbox 1398 4462 1725 4533; x_wconf 91' lang='lat' dir='ltr'><strong>propositum</strong></span> <span class='ocrx_word' id='word_1_454' title='bbox 1775 4464 1915 4517; x_wconf 88' lang='lat' dir='ltr'><strong>deci-</strong></span> 
     </span>
    </p>
   </div>
   <div class='ocr_carea' id='block_1_60' title="bbox 354 4554 1913 4624">
    <p class='ocr_par' dir='ltr' id='par_1_60' title="bbox 354 4554 1913 4624">
     <span class='ocr_line' id='line_1_60' title="bbox 354 4554 1913 4624; baseline 0 -17"><span class='ocrx_word' id='word_1_455' title='bbox 354 4555 634 4624; x_wconf 80' lang='lat' dir='ltr'><strong>pientium.</strong></span> <span class='ocrx_word' id='word_1_456' title='bbox 681 4554 735 4607; x_wconf 91' lang='lat' dir='ltr'><strong>Si</strong></span> <span class='ocrx_word' id='word_1_457' title='bbox 778 4554 937 4623; x_wconf 83' lang='lat' dir='ltr'><strong>igitur</strong></span> <span class='ocrx_word' id='word_1_458' title='bbox 984 4563 1179 4609; x_wconf 66' lang='lat' dir='ltr'><strong>nostra:</strong></span> <span class='ocrx_word' id='word_1_459' title='bbox 1217 4554 1432 4617; x_wconf 65' lang='lat' dir='ltr'><strong>animae,</strong></span> <span class='ocrx_word' id='word_1_460' title='bbox 1471 4570 1588 4623; x_wconf 84' lang='lat' dir='ltr'><strong>quae</strong></span> <span class='ocrx_word' id='word_1_461' title='bbox 1628 4554 1679 4607; x_wconf 91' lang='lat' dir='ltr'><strong>in</strong></span> <span class='ocrx_word' id='word_1_462' title='bbox 1721 4567 1913 4623; x_wconf 86' lang='lat' dir='ltr'><strong>corpo-</strong></span> 
     </span>
    </p>
   </div>
   <div class='ocr_carea' id='block_1_61' title="bbox 356 4646 1913 4716">
    <p class='ocr_par' dir='ltr' id='par_1_61' title="bbox 356 4646 1913 4716">
     <span class='ocr_line' id='line_1_61' title="bbox 356 4646 1913 4716; baseline 0.001 -17"><span class='ocrx_word' id='word_1_463' title='bbox 356 4646 501 4701; x_wconf 86' lang='lat' dir='ltr'><strong>ribus</strong></span> <span class='ocrx_word' id='word_1_464' title='bbox 550 4657 605 4701; x_wconf 90' lang='lat' dir='ltr'><strong>et</strong></span> <span class='ocrx_word' id='word_1_465' title='bbox 645 4647 789 4701; x_wconf 89' lang='lat' dir='ltr'><strong>circa</strong></span> <span class='ocrx_word' id='word_1_466' title='bbox 843 4661 1062 4713; x_wconf 86' lang='lat' dir='ltr'><strong>corpora</strong></span> <span class='ocrx_word' id='word_1_467' title='bbox 1116 4647 1398 4712; x_wconf 88' lang='lat' dir='ltr'><strong>habentur,</strong></span> <span class='ocrx_word' id='word_1_468' title='bbox 1447 4664 1730 4716; x_wconf 87' lang='lat' dir='ltr'><strong>corporum</strong></span> <span class='ocrx_word' id='word_1_469' title='bbox 1792 4663 1913 4715; x_wconf 86' lang='lat' dir='ltr'><strong>pas-</strong></span> 
     </span>
    </p>
   </div>
   <div class='ocr_carea' id='block_1_62' title="bbox 354 4738 1913 4807">
    <p class='ocr_par' dir='ltr' id='par_1_62' title="bbox 354 4738 1913 4807">
     <span class='ocr_line' id='line_1_62' title="bbox 354 4738 1913 4807; baseline -0.001 -14"><span class='ocrx_word' id='word_1_470' title='bbox 354 4741 533 4793; x_wconf 82' lang='lat' dir='ltr'><strong>siones</strong></span> <span class='ocrx_word' id='word_1_471' title='bbox 562 4755 665 4794; x_wconf 92' lang='lat' dir='ltr'><strong>non</strong></span> <span class='ocrx_word' id='word_1_472' title='bbox 705 4739 1015 4800; x_wconf 89' lang='lat' dir='ltr'><strong>admittunt,</strong></span> <span class='ocrx_word' id='word_1_473' title='bbox 1051 4739 1211 4791; x_wconf 90' lang='lat' dir='ltr'><strong>etiam</strong></span> <span class='ocrx_word' id='word_1_474' title='bbox 1247 4739 1373 4791; x_wconf 92' lang='lat' dir='ltr'><strong>dum</strong></span> <span class='ocrx_word' id='word_1_475' title='bbox 1410 4739 1603 4792; x_wconf 90' lang='lat' dir='ltr'><strong>adsunt</strong></span> <span class='ocrx_word' id='word_1_476' title='bbox 1640 4738 1692 4793; x_wconf 88' lang='lat' dir='ltr'><strong>iu</strong></span> <span class='ocrx_word' id='word_1_477' title='bbox 1723 4753 1913 4807; x_wconf 83' lang='lat' dir='ltr'><strong>corpo-</strong></span> 
     </span>
    </p>
   </div>
   <div class='ocr_carea' id='block_1_63' title="bbox 354 4829 1911 4900">
    <p class='ocr_par' dir='ltr' id='par_1_63' title="bbox 354 4829 1911 4900">
     <span class='ocr_line' id='line_1_63' title="bbox 354 4829 1911 4900; baseline 0.001 -17"><span class='ocrx_word' id='word_1_478' title='bbox 354 4832 537 4894; x_wconf 83' lang='lat' dir='ltr'><strong>ribus;</strong></span> <span class='ocrx_word' id='word_1_479' title='bbox 582 4840 783 4900; x_wconf 86' lang='lat' dir='ltr'><strong>quanto</strong></span> <span class='ocrx_word' id='word_1_480' title='bbox 818 4831 986 4899; x_wconf 81' lang='lat' dir='ltr'><strong>magis</strong></span> <span class='ocrx_word' id='word_1_481' title='bbox 1018 4830 1093 4900; x_wconf 74' lang='grc' dir='ltr'><strong>(ὅ)</strong></span> <span class='ocrx_word' id='word_1_482' title='bbox 1126 4830 1209 4884; x_wconf 88' lang='lat' dir='ltr'><strong>his</strong></span> <span class='ocrx_word' id='word_1_483' title='bbox 1250 4830 1340 4899; x_wconf 91' lang='lat' dir='ltr'><strong>qui</strong></span> <span class='ocrx_word' id='word_1_484' title='bbox 1380 4829 1661 4885; x_wconf 89' lang='lat' dir='ltr'><strong>honoravit</strong></span> <span class='ocrx_word' id='word_1_485' title='bbox 1705 4831 1911 4885; x_wconf 88' lang='lat' dir='ltr'><strong>animas</strong></span> 
     </span>
    </p>
   </div>
   <div class='ocr_carea' id='block_1_64' title="bbox 357 4922 1910 4994">
    <p class='ocr_par' dir='ltr' id='par_1_64' title="bbox 357 4922 1910 4994">
     <span class='ocr_line' id='line_1_64' title="bbox 357 4922 1910 4994; baseline 0.001 -18"><span class='ocrx_word' id='word_1_486' title='bbox 357 4924 679 4994; x_wconf 85' lang='lat' dir='ltr'><strong>incorporali</strong></span> <span class='ocrx_word' id='word_1_487' title='bbox 730 4934 943 4988; x_wconf 89' lang='lat' dir='ltr'><strong>natura,</strong></span> <span class='ocrx_word' id='word_1_488' title='bbox 992 4925 1101 4994; x_wconf 85' lang='lat' dir='ltr'><strong>ipse</strong></span> <span class='ocrx_word' id='word_1_489' title='bbox 1138 4924 1307 4993; x_wconf 85' lang='lat' dir='ltr'><strong>magis</strong></span> <span class='ocrx_word' id='word_1_490' title='bbox 1335 4931 1415 4976; x_wconf 88' lang='lat' dir='ltr'><strong>est</strong></span> <span class='ocrx_word' id='word_1_491' title='bbox 1444 4922 1812 4992; x_wconf 87' lang='lat' dir='ltr'><strong>incorporalis,</strong></span> <span class='ocrx_word' id='word_1_492' title='bbox 1856 4933 1910 4978; x_wconf 84' lang='lat' dir='ltr'><strong>et</strong></span> 
     </span>
    </p>
   </div>
   <div class='ocr_carea' id='block_1_65' title="bbox 357 5013 1909 5087">
    <p class='ocr_par' dir='ltr' id='par_1_65' title="bbox 357 5013 1909 5087">
     <span class='ocr_line' id='line_1_65' title="bbox 357 5013 1909 5087; baseline 0 -19"><span class='ocrx_word' id='word_1_493' title='bbox 357 5031 458 5068; x_wconf 90' lang='lat' dir='ltr'><strong>non</strong></span> <span class='ocrx_word' id='word_1_494' title='bbox 494 5017 566 5071; x_wconf 85' lang='lat' dir='ltr'><strong>ita</strong></span> <span class='ocrx_word' id='word_1_495' title='bbox 607 5017 956 5087; x_wconf 87' lang='lat' dir='ltr'><strong>incorporalis</strong></span> <span class='ocrx_word' id='word_1_496' title='bbox 1000 5026 1057 5070; x_wconf 89' lang='lat' dir='ltr'><strong>ut</strong></span> <span class='ocrx_word' id='word_1_497' title='bbox 1093 5015 1318 5069; x_wconf 69' lang='lat' dir='ltr'><strong>animae?</strong></span> <span class='ocrx_word' id='word_1_498' title='bbox 1355 5013 1487 5068; x_wconf 88' lang='lat' dir='ltr'><strong>Cum</strong></span> <span class='ocrx_word' id='word_1_499' title='bbox 1532 5016 1674 5068; x_wconf 91' lang='lat' dir='ltr'><strong>enim</strong></span> <span class='ocrx_word' id='word_1_500' title='bbox 1716 5015 1780 5067; x_wconf 90' lang='lat' dir='ltr'><strong>de</strong></span> <span class='ocrx_word' id='word_1_501' title='bbox 1828 5015 1909 5068; x_wconf 90' lang='lat' dir='ltr'><strong>his</strong></span> 
     </span>
    </p>
   </div>
   <div class='ocr_carea' id='block_1_66' title="bbox 356 5106 1908 5177">
    <p class='ocr_par' dir='ltr' id='par_1_66' title="bbox 356 5106 1908 5177">
     <span class='ocr_line' id='line_1_66' title="bbox 356 5106 1908 5177; baseline -0.001 -16"><span class='ocrx_word' id='word_1_502' title='bbox 356 5112 679 5163; x_wconf 73' lang='lat' dir='ltr'><strong>rmvet-imus</strong></span> <span class='ocrx_word' id='word_1_503' title='bbox 726 5126 1058 5175; x_wconf 88' lang='lat' dir='ltr'><strong>sermonem,</strong></span> <span class='ocrx_word' id='word_1_504' title='bbox 1102 5106 1597 5177; x_wconf 81' lang='lat' dir='ltr'><strong>et&#39;inquisierimus</strong></span> <span class='ocrx_word' id='word_1_505' title='bbox 1644 5106 1908 5175; x_wconf 89' lang='lat' dir='ltr'><strong>quomodo</strong></span> 
     </span>
    </p>
   </div>
   <div class='ocr_carea' id='block_1_67' title="bbox 356 5195 1903 5268">
    <p class='ocr_par' dir='ltr' id='par_1_67' title="bbox 356 5195 1903 5268">
     <span class='ocr_line' id='line_1_67' title="bbox 356 5195 1903 5268; baseline -0.002 -17"><span class='ocrx_word' id='word_1_506' title='bbox 356 5199 704 5266; x_wconf 85' lang='lat' dir='ltr'><strong>incorporalis</strong></span> <span class='ocrx_word' id='word_1_507' title='bbox 740 5200 807 5253; x_wconf 89' lang='lat' dir='ltr'><strong>ab</strong></span> <span class='ocrx_word' id='word_1_508' title='bbox 865 5198 1288 5268; x_wconf 89' lang='lat' dir='ltr'><strong>incorporalibus</strong></span> <span class='ocrx_word' id='word_1_509' title='bbox 1347 5195 1563 5263; x_wconf 82' lang='lat' dir='ltr'><strong>differt;</strong></span> <span class='ocrx_word' id='word_1_510' title='bbox 1611 5205 1734 5249; x_wconf 89' lang='lat' dir='ltr'><strong>tunc</strong></span> <span class='ocrx_word' id='word_1_511' title='bbox 1787 5210 1903 5248; x_wconf 84' lang='lat' dir='ltr'><strong>cum</strong></span> 
     </span>
    </p>
   </div>
   <div class='ocr_carea' id='block_1_68' title="bbox 353 5287 1908 5363">
    <p class='ocr_par' dir='ltr' id='par_1_68' title="bbox 353 5287 1908 5363">
     <span class='ocr_line' id='line_1_68' title="bbox 353 5287 1908 5363; baseline -0.004 -20"><span class='ocrx_word' id='word_1_512' title='bbox 353 5290 463 5358; x_wconf 87' lang='lat' dir='ltr'><strong>ipse</strong></span> <span class='ocrx_word' id='word_1_513' title='bbox 493 5289 631 5345; x_wconf 86' lang='lat' dir='ltr'><strong>Deus</strong></span> <span class='ocrx_word' id='word_1_514' title='bbox 661 5293 977 5363; x_wconf 89' lang='lat' dir='ltr'><strong>impertierit</strong></span> <span class='ocrx_word' id='word_1_515' title='bbox 1003 5292 1067 5346; x_wconf 89' lang='lat' dir='ltr'><strong>de</strong></span> <span class='ocrx_word' id='word_1_516' title='bbox 1098 5292 1182 5345; x_wconf 91' lang='lat' dir='ltr'><strong>his</strong></span> <span class='ocrx_word' id='word_1_517' title='bbox 1223 5291 1523 5359; x_wconf 89' lang='lat' dir='ltr'><strong>loquemur.</strong></span> <span class='ocrx_word' id='word_1_518' title='bbox 1567 5287 1780 5341; x_wconf 89' lang='lat' dir='ltr'><strong>Interim</strong></span> <span class='ocrx_word' id='word_1_519' title='bbox 1812 5301 1908 5340; x_wconf 85' lang='lat' dir='ltr'><strong>au-</strong></span> 
     </span>
    </p>
   </div>
   <div class='ocr_carea' id='block_1_69' title="bbox 351 5380 1908 5453">
    <p class='ocr_par' dir='ltr' id='par_1_69' title="bbox 351 5380 1908 5453">
     <span class='ocr_line' id='line_1_69' title="bbox 351 5380 1908 5453; baseline -0.004 -17"><span class='ocrx_word' id='word_1_520' title='bbox 351 5391 459 5438; x_wconf 90' lang='lat' dir='ltr'><strong>tem</strong></span> <span class='ocrx_word' id='word_1_521' title='bbox 493 5397 666 5440; x_wconf 87' lang='lat' dir='ltr'><strong>motus</strong></span> <span class='ocrx_word' id='word_1_522' title='bbox 704 5395 784 5441; x_wconf 90' lang='lat' dir='ltr'><strong>est</strong></span> <span class='ocrx_word' id='word_1_523' title='bbox 829 5400 1040 5447; x_wconf 87' lang='lat' dir='ltr'><strong>sermo,</strong></span> <span class='ocrx_word' id='word_1_524' title='bbox 1067 5383 1191 5453; x_wconf 88' lang='lat' dir='ltr'><strong>quia</strong></span> <span class='ocrx_word' id='word_1_525' title='bbox 1236 5382 1373 5436; x_wconf 89' lang='lat' dir='ltr'><strong>Deus</strong></span> <span class='ocrx_word' id='word_1_526' title='bbox 1424 5380 1773 5449; x_wconf 83' lang='lat' dir='ltr'><strong>incorporalis</strong></span> <span class='ocrx_word' id='word_1_527' title='bbox 1803 5388 1908 5442; x_wconf 84' lang='lat' dir='ltr'><strong>est,</strong></span> 
     </span>
    </p>
   </div>
   <div class='ocr_carea' id='block_1_70' title="bbox 418 5471 1380 5541">
    <p class='ocr_par' dir='ltr' id='par_1_70' title="bbox 418 5471 1380 5541">
     <span class='ocr_line' id='line_1_70' title="bbox 418 5471 1380 5541; baseline -0.007 -11"><span class='ocrx_word' id='word_1_528' title='bbox 418 5479 464 5510; x_wconf 79' lang='grc'><strong>⁸⁸</strong></span> <span class='ocrx_word' id='word_1_529' title='bbox 487 5473 641 5529; x_wconf 82' lang='lat' dir='ltr'><strong>Joan.</strong></span> <span class='ocrx_word' id='word_1_530' title='bbox 690 5490 785 5541; x_wconf 81' lang='lat' dir='ltr'><strong>xtl,</strong></span> <span class='ocrx_word' id='word_1_531' title='bbox 818 5474 909 5528; x_wconf 66' lang='lat'><strong>24.</strong></span> <span class='ocrx_word' id='word_1_532' title='bbox 1023 5474 1068 5505; x_wconf 85' lang='lat'><strong>”</strong></span> <span class='ocrx_word' id='word_1_533' title='bbox 1108 5473 1235 5527; x_wconf 83' lang='lat' dir='ltr'><strong>ibid.</strong></span> <span class='ocrx_word' id='word_1_534' title='bbox 1294 5471 1380 5528; x_wconf 77' lang='grc'><strong>51.</strong></span> 
     </span>
    </p>
   </div>
   <div class='ocr_carea' id='block_1_71' title="bbox 349 5546 778 5609">
    <p class='ocr_par' dir='ltr' id='par_1_71' title="bbox 349 5546 778 5609">
     <span class='ocr_line' id='line_1_71' title="bbox 349 5546 778 5609; baseline -0.005 -8"><span class='ocrx_word' id='word_1_535' title='bbox 349 5546 373 5579; x_wconf 89' lang='grc'><strong><em>⁸</em></strong></span> <span class='ocrx_word' id='word_1_536' title='bbox 413 5547 602 5601; x_wconf 79' lang='lat' dir='ltr'><strong>Matth.</strong></span> <span class='ocrx_word' id='word_1_537' title='bbox 638 5562 690 5609; x_wconf 88' lang='lat' dir='ltr'><strong>v,</strong></span> <span class='ocrx_word' id='word_1_538' title='bbox 728 5548 778 5601; x_wconf 90' lang='grc'><strong>8.</strong></span> 
     </span>
    </p>
   </div>
   <div class='ocr_carea' id='block_1_72' title="bbox 378 5630 1908 5717">
    <p class='ocr_par' dir='ltr' id='par_1_72' title="bbox 422 5630 1908 5705">
     <span class='ocr_line' id='line_1_72' title="bbox 422 5630 1908 5705; baseline -0.005 -16"><span class='ocrx_word' id='word_1_539' title='bbox 422 5638 500 5704; x_wconf 75' lang='lat'><strong>(2)</strong></span> <span class='ocrx_word' id='word_1_540' title='bbox 540 5636 634 5689; x_wconf 77' lang='lat' dir='ltr'><strong>Ms.</strong></span> <span class='ocrx_word' id='word_1_541' title='bbox 672 5635 835 5702; x_wconf 86' lang='lat' dir='ltr'><strong>Dicit,</strong></span> <span class='ocrx_word' id='word_1_542' title='bbox 863 5636 987 5705; x_wconf 81' lang='lat' dir='ltr'><strong>quia</strong></span> <span class='ocrx_word' id='word_1_543' title='bbox 1039 5634 1082 5687; x_wconf 78' lang='lat' dir='ltr'><strong>si</strong></span> <span class='ocrx_word' id='word_1_544' title='bbox 1116 5649 1216 5687; x_wconf 80' lang='lat' dir='ltr'><strong>non</strong></span> <span class='ocrx_word' id='word_1_545' title='bbox 1248 5648 1338 5685; x_wconf 82' lang='lat' dir='ltr'><strong>ero</strong></span> <span class='ocrx_word' id='word_1_546' title='bbox 1380 5641 1629 5696; x_wconf 78' lang='lat' dir='ltr'><strong>mortuus,</strong></span> <span class='ocrx_word' id='word_1_547' title='bbox 1667 5647 1766 5683; x_wconf 87' lang='lat' dir='ltr'><strong>non</strong></span> <span class='ocrx_word' id='word_1_548' title='bbox 1808 5630 1908 5681; x_wconf 83' lang='lat' dir='ltr'><strong>cul-</strong></span> 
     </span>
    </p>
   </div>
   <div class='ocr_carea' id='block_1_73' title="bbox 353 5710 1332 5835">
    <p class='ocr_par' dir='ltr' id='par_1_73' title="bbox 353 5710 1332 5835">
     <span class='ocr_line' id='line_1_73' title="bbox 353 5710 1169 5780; baseline -0.01 -19"><span class='ocrx_word' id='word_1_549' title='bbox 353 5710 528 5778; x_wconf 71' lang='lat' dir='ltr'><strong>ligmn.</strong></span> <span class='ocrx_word' id='word_1_550' title='bbox 1164 5774 1169 5780; x_wconf 74' lang='lat'><strong><em>_</em></strong></span> 
     </span>
     <span class='ocr_line' id='line_1_74' title="bbox 422 5771 1332 5835; baseline -0.009 0"><span class='ocrx_word' id='word_1_551' title='bbox 422 5778 497 5835; x_wconf 72' lang='grc' dir='ltr'><strong>(ὅ)</strong></span> <span class='ocrx_word' id='word_1_552' title='bbox 538 5774 825 5831; x_wconf 73' lang='lat' dir='ltr'><strong>Mirabilia.</strong></span> <span class='ocrx_word' id='word_1_553' title='bbox 857 5775 961 5833; x_wconf 84' lang='lat' dir='ltr'><strong>Pro</strong></span> <span class='ocrx_word' id='word_1_554' title='bbox 991 5771 1332 5827; x_wconf 67' lang='lat' dir='ltr'><strong>mirabalibus.</strong></span> 
     </span>
    </p>
   </div>
   <div class='ocr_carea' id='block_1_74' title="bbox 1471 5468 1969 5535">
    <p class='ocr_par' dir='ltr' id='par_1_74' title="bbox 1471 5468 1969 5535">
     <span class='ocr_line' id='line_1_75' title="bbox 1471 5468 1969 5535; baseline -0.004 -11"><span class='ocrx_word' id='word_1_555' title='bbox 1471 5471 1485 5501; x_wconf 80' lang='grc'>⁸</span> <span class='ocrx_word' id='word_1_556' title='bbox 1525 5468 1678 5524; x_wconf 80' lang='lat' dir='ltr'><strong>Joan.</strong></span> <span class='ocrx_word' id='word_1_557' title='bbox 1713 5484 1838 5535; x_wconf 85' lang='lat' dir='ltr'><strong>vm,</strong></span> <span class='ocrx_word' id='word_1_558' title='bbox 1878 5468 1969 5525; x_wconf 75' lang='lat'><strong>28.</strong></span> 
     </span>
    </p>
   </div>
   <div class='ocr_carea' id='block_1_75' title="bbox 2020 3079 3576 3148">
    <p class='ocr_par' dir='ltr' id='par_1_75' title="bbox 2020 3079 3576 3148">
     <span class='ocr_line' id='line_1_76' title="bbox 2020 3079 3576 3148; baseline 0.006 -17"><span class='ocrx_word' id='word_1_559' title='bbox 2020 3087 2196 3133; x_wconf 88' lang='lat' dir='ltr'><strong>autem</strong></span> <span class='ocrx_word' id='word_1_560' title='bbox 2228 3090 2281 3134; x_wconf 91' lang='lat' dir='ltr'><strong>et</strong></span> <span class='ocrx_word' id='word_1_561' title='bbox 2331 3080 2382 3133; x_wconf 94' lang='lat' dir='ltr'><strong>in</strong></span> <span class='ocrx_word' id='word_1_562' title='bbox 2431 3094 2655 3148; x_wconf 86' lang='lat' dir='ltr'><strong>corpore</strong></span> <span class='ocrx_word' id='word_1_563' title='bbox 2706 3079 3048 3147; x_wconf 90' lang='lat' dir='ltr'><strong>constitutus,</strong></span> <span class='ocrx_word' id='word_1_564' title='bbox 3089 3091 3144 3135; x_wconf 91' lang='lat' dir='ltr'><strong>et</strong></span> <span class='ocrx_word' id='word_1_565' title='bbox 3196 3080 3249 3135; x_wconf 88' lang='lat' dir='ltr'><strong>in</strong></span> <span class='ocrx_word' id='word_1_566' title='bbox 3298 3097 3459 3141; x_wconf 83' lang='lat' dir='ltr'><strong>carne</strong></span> <span class='ocrx_word' id='word_1_567' title='bbox 3500 3085 3576 3139; x_wconf 77' lang='lat' dir='ltr'><strong>vi-</strong></span> 
     </span>
    </p>
   </div>
   <div class='ocr_carea' id='block_1_76' title="bbox 2019 3170 3581 3237">
    <p class='ocr_par' dir='ltr' id='par_1_76' title="bbox 2019 3170 3581 3237">
     <span class='ocr_line' id='line_1_77' title="bbox 2019 3170 3581 3237; baseline 0.003 -12"><span class='ocrx_word' id='word_1_568' title='bbox 2019 3187 2171 3237; x_wconf 77' lang='lat' dir='ltr'><strong>vens,</strong></span> <span class='ocrx_word' id='word_1_569' title='bbox 2204 3187 2309 3226; x_wconf 92' lang='lat' dir='ltr'><strong>non</strong></span> <span class='ocrx_word' id='word_1_570' title='bbox 2338 3170 2551 3227; x_wconf 82' lang='lat' dir='ltr'><strong>volebat</strong></span> <span class='ocrx_word' id='word_1_571' title='bbox 2594 3172 2647 3226; x_wconf 93' lang='lat' dir='ltr'><strong>in</strong></span> <span class='ocrx_word' id='word_1_572' title='bbox 2677 3186 2841 3228; x_wconf 88' lang='lat' dir='ltr'><strong>carne</strong></span> <span class='ocrx_word' id='word_1_573' title='bbox 2881 3187 3017 3228; x_wconf 85' lang='lat' dir='ltr'><strong>esse.</strong></span> <span class='ocrx_word' id='word_1_574' title='bbox 3062 3173 3195 3227; x_wconf 91' lang='lat' dir='ltr'><strong>Dicit</strong></span> <span class='ocrx_word' id='word_1_575' title='bbox 3244 3174 3429 3231; x_wconf 90' lang='lat' dir='ltr'><strong>enim:</strong></span> <span class='ocrx_word' id='word_1_576' title='bbox 3470 3175 3581 3229; x_wconf 80' lang='lat' dir='ltr'><strong>Au-</strong></span> 
     </span>
    </p>
   </div>
   <div class='ocr_carea' id='block_1_77' title="bbox 2018 3264 3579 3336">
    <p class='ocr_par' dir='ltr' id='par_1_77' title="bbox 2018 3264 3579 3336">
     <span class='ocr_line' id='line_1_78' title="bbox 2018 3264 3579 3336; baseline 0.003 -18"><span class='ocrx_word' id='word_1_577' title='bbox 2018 3265 2144 3318; x_wconf 89' lang='lat' dir='ltr'><strong>dent</strong></span> <span class='ocrx_word' id='word_1_578' title='bbox 2170 3266 2387 3334; x_wconf 89' lang='lat' dir='ltr'><strong>quidam</strong></span> <span class='ocrx_word' id='word_1_579' title='bbox 2420 3273 2669 3334; x_wconf 86' lang='lat' dir='ltr'><strong>putantes</strong></span> <span class='ocrx_word' id='word_1_580' title='bbox 2703 3279 2801 3319; x_wconf 79' lang='lat' dir='ltr'><strong>nos</strong></span> <span class='ocrx_word' id='word_1_581' title='bbox 2832 3264 2881 3319; x_wconf 92' lang='lat' dir='ltr'><strong>in</strong></span> <span class='ocrx_word' id='word_1_582' title='bbox 2909 3280 3068 3320; x_wconf 90' lang='lat' dir='ltr'><strong>carne</strong></span> <span class='ocrx_word' id='word_1_583' title='bbox 3103 3265 3322 3333; x_wconf 85' lang='lat' dir='ltr'><strong>vivere;</strong></span> <span class='ocrx_word' id='word_1_584' title='bbox 3363 3276 3417 3320; x_wconf 92' lang='lat' dir='ltr'><strong>et</strong></span> <span class='ocrx_word' id='word_1_585' title='bbox 3451 3267 3579 3336; x_wconf 89' lang='lat' dir='ltr'><strong>quia</strong></span> 
     </span>
    </p>
   </div>
   <div class='ocr_carea' id='block_1_78' title="bbox 2018 3354 3579 3427">
    <p class='ocr_par' dir='ltr' id='par_1_78' title="bbox 2018 3354 3579 3427">
     <span class='ocr_line' id='line_1_79' title="bbox 2018 3354 3579 3427; baseline 0.003 -18"><span class='ocrx_word' id='word_1_586' title='bbox 2018 3357 2231 3411; x_wconf 88' lang='lat' dir='ltr'><strong>vivebat</strong></span> <span class='ocrx_word' id='word_1_587' title='bbox 2264 3357 2314 3410; x_wconf 92' lang='lat' dir='ltr'><strong>in</strong></span> <span class='ocrx_word' id='word_1_588' title='bbox 2345 3371 2527 3420; x_wconf 86' lang='lat' dir='ltr'><strong>carne,</strong></span> <span class='ocrx_word' id='word_1_589' title='bbox 2567 3356 2712 3409; x_wconf 91' lang='lat' dir='ltr'><strong>addit</strong></span> <span class='ocrx_word' id='word_1_590' title='bbox 2745 3374 2759 3410; x_wconf 90' lang='lat'><strong>:</strong></span> <span class='ocrx_word' id='word_1_591' title='bbox 2796 3354 2851 3409; x_wconf 84' lang='lat' dir='ltr'><strong>In</strong></span> <span class='ocrx_word' id='word_1_592' title='bbox 2892 3371 3051 3411; x_wconf 89' lang='lat' dir='ltr'><strong>carne</strong></span> <span class='ocrx_word' id='word_1_593' title='bbox 3085 3357 3232 3411; x_wconf 77' lang='lat' dir='ltr'><strong>enim</strong></span> <span class='ocrx_word' id='word_1_594' title='bbox 3273 3360 3579 3427; x_wconf 87' lang='lat' dir='ltr'><strong>constituti,</strong></span> 
     </span>
    </p>
   </div>
   <div class='ocr_carea' id='block_1_79' title="bbox 2019 3448 3576 3521">
    <p class='ocr_par' dir='ltr' id='par_1_79' title="bbox 2019 3448 3576 3521">
     <span class='ocr_line' id='line_1_80' title="bbox 2019 3448 3576 3521; baseline 0.003 -18"><span class='ocrx_word' id='word_1_595' title='bbox 2019 3465 2123 3505; x_wconf 91' lang='lat' dir='ltr'><strong>non</strong></span> <span class='ocrx_word' id='word_1_596' title='bbox 2154 3464 2214 3503; x_wconf 91' lang='lat' dir='ltr'><strong>ea</strong></span> <span class='ocrx_word' id='word_1_597' title='bbox 2258 3464 2376 3517; x_wconf 72' lang='lat' dir='ltr'><strong>qua:</strong></span> <span class='ocrx_word' id='word_1_598' title='bbox 2404 3448 2586 3503; x_wconf 82' lang='lat' dir='ltr'><strong>carnis</strong></span> <span class='ocrx_word' id='word_1_599' title='bbox 2625 3456 2749 3502; x_wconf 91' lang='lat' dir='ltr'><strong>sunt</strong></span> <span class='ocrx_word' id='word_1_600' title='bbox 2790 3462 3075 3515; x_wconf 72' lang='lat' dir='ltr'><strong>operantur</strong></span> <span class='ocrx_word' id='word_1_601' title='bbox 3101 3450 3142 3503; x_wconf 86' lang='grc'><strong>³.</strong></span> <span class='ocrx_word' id='word_1_602' title='bbox 3179 3449 3233 3504; x_wconf 92' lang='lat' dir='ltr'><strong>Si</strong></span> <span class='ocrx_word' id='word_1_603' title='bbox 3281 3452 3444 3519; x_wconf 80' lang='lat' dir='ltr'><strong>igitur</strong></span> <span class='ocrx_word' id='word_1_604' title='bbox 3484 3454 3576 3521; x_wconf 90' lang='lat' dir='ltr'><strong>qui</strong></span> 
     </span>
    </p>
   </div>
   <div class='ocr_carea' id='block_1_80' title="bbox 2017 3538 3581 3610">
    <p class='ocr_par' dir='ltr' id='par_1_80' title="bbox 2017 3538 3581 3610">
     <span class='ocr_line' id='line_1_81' title="bbox 2017 3538 3581 3610; baseline 0 -15"><span class='ocrx_word' id='word_1_605' title='bbox 2017 3552 2133 3596; x_wconf 87' lang='lat' dir='ltr'><strong>erat</strong></span> <span class='ocrx_word' id='word_1_606' title='bbox 2170 3542 2222 3594; x_wconf 92' lang='lat' dir='ltr'><strong>in</strong></span> <span class='ocrx_word' id='word_1_607' title='bbox 2260 3556 2422 3595; x_wconf 85' lang='lat' dir='ltr'><strong>carne</strong></span> <span class='ocrx_word' id='word_1_608' title='bbox 2461 3540 2794 3594; x_wconf 89' lang='lat' dir='ltr'><strong>alacritatem</strong></span> <span class='ocrx_word' id='word_1_609' title='bbox 2831 3538 3116 3595; x_wconf 79' lang='lat' dir='ltr'><strong>refundens</strong></span> <span class='ocrx_word' id='word_1_610' title='bbox 3164 3540 3215 3593; x_wconf 92' lang='lat' dir='ltr'><strong>in</strong></span> <span class='ocrx_word' id='word_1_611' title='bbox 3256 3541 3444 3610; x_wconf 76' lang='lat' dir='ltr'><strong>Spiritu</strong></span> <span class='ocrx_word' id='word_1_612' title='bbox 3495 3557 3581 3596; x_wconf 87' lang='lat' dir='ltr'><strong>re-</strong></span> 
     </span>
    </p>
   </div>
   <div class='ocr_carea' id='block_1_81' title="bbox 2018 3631 3578 3702">
    <p class='ocr_par' dir='ltr' id='par_1_81' title="bbox 2018 3631 3578 3702">
     <span class='ocr_line' id='line_1_82' title="bbox 2018 3631 3578 3702; baseline -0.004 -12"><span class='ocrx_word' id='word_1_613' title='bbox 2018 3635 2158 3690; x_wconf 90' lang='lat' dir='ltr'><strong>cedit</strong></span> <span class='ocrx_word' id='word_1_614' title='bbox 2194 3652 2222 3687; x_wconf 90' lang='lat' dir='ltr'><strong>a</strong></span> <span class='ocrx_word' id='word_1_615' title='bbox 2260 3649 2508 3702; x_wconf 86' lang='lat' dir='ltr'><strong>corpore,</strong></span> <span class='ocrx_word' id='word_1_616' title='bbox 2540 3641 2738 3700; x_wconf 83' lang='lat' dir='ltr'><strong>quanto</strong></span> <span class='ocrx_word' id='word_1_617' title='bbox 2773 3631 2940 3699; x_wconf 87' lang='lat' dir='ltr'><strong>magis</strong></span> <span class='ocrx_word' id='word_1_618' title='bbox 2980 3632 3319 3686; x_wconf 90' lang='lat' dir='ltr'><strong>immaculata</strong></span> <span class='ocrx_word' id='word_1_619' title='bbox 3343 3642 3398 3686; x_wconf 90' lang='lat' dir='ltr'><strong>et</strong></span> <span class='ocrx_word' id='word_1_620' title='bbox 3430 3632 3578 3685; x_wconf 83' lang='lat' dir='ltr'><strong>inac-</strong></span> 
     </span>
    </p>
   </div>
   <div class='ocr_carea' id='block_1_82' title="bbox 2017 3724 3575 3795">
    <p class='ocr_par' dir='ltr' id='par_1_82' title="bbox 2017 3724 3575 3795">
     <span class='ocr_line' id='line_1_83' title="bbox 2017 3724 3575 3795; baseline -0.003 -13"><span class='ocrx_word' id='word_1_621' title='bbox 2017 3728 2281 3783; x_wconf 87' lang='lat' dir='ltr'><strong>cessibilis</strong></span> <span class='ocrx_word' id='word_1_622' title='bbox 2317 3735 2370 3781; x_wconf 90' lang='lat' dir='ltr'><strong>et</strong></span> <span class='ocrx_word' id='word_1_623' title='bbox 2409 3741 2537 3795; x_wconf 89' lang='lat' dir='ltr'><strong>pura</strong></span> <span class='ocrx_word' id='word_1_624' title='bbox 2585 3725 2669 3777; x_wconf 90' lang='lat' dir='ltr'><strong>illa</strong></span> <span class='ocrx_word' id='word_1_625' title='bbox 2715 3734 2903 3778; x_wconf 89' lang='lat' dir='ltr'><strong>natura</strong></span> <span class='ocrx_word' id='word_1_626' title='bbox 2938 3724 3041 3779; x_wconf 90' lang='lat' dir='ltr'><strong>hoc</strong></span> <span class='ocrx_word' id='word_1_627' title='bbox 3072 3725 3176 3778; x_wconf 91' lang='lat' dir='ltr'><strong>erit</strong></span> <span class='ocrx_word' id='word_1_628' title='bbox 3214 3733 3270 3778; x_wconf 89' lang='lat' dir='ltr'><strong>et</strong></span> <span class='ocrx_word' id='word_1_629' title='bbox 3308 3738 3575 3791; x_wconf 88' lang='lat' dir='ltr'><strong>sermone,</strong></span> 
     </span>
    </p>
   </div>
   <div class='ocr_carea' id='block_1_83' title="bbox 2015 3815 3575 3891">
    <p class='ocr_par' dir='ltr' id='par_1_83' title="bbox 2015 3815 3575 3891">
     <span class='ocr_line' id='line_1_84' title="bbox 2015 3815 3575 3891; baseline -0.003 -18"><span class='ocrx_word' id='word_1_630' title='bbox 2015 3822 2156 3891; x_wconf 90' lang='lat' dir='ltr'><strong>quod</strong></span> <span class='ocrx_word' id='word_1_631' title='bbox 2193 3830 2276 3875; x_wconf 86' lang='lat' dir='ltr'><strong>est</strong></span> <span class='ocrx_word' id='word_1_632' title='bbox 2313 3822 2371 3875; x_wconf 72' lang='lat' dir='ltr'><strong>’et</strong></span> <span class='ocrx_word' id='word_1_633' title='bbox 2432 3818 2666 3873; x_wconf 81' lang='lat' dir='ltr'><strong>natura?</strong></span> <span class='ocrx_word' id='word_1_634' title='bbox 2718 3817 2984 3873; x_wconf 82' lang='lat' dir='ltr'><strong>Habemus</strong></span> <span class='ocrx_word' id='word_1_635' title='bbox 3028 3834 3157 3872; x_wconf 90' lang='lat' dir='ltr'><strong>sane</strong></span> <span class='ocrx_word' id='word_1_636' title='bbox 3197 3827 3251 3869; x_wconf 80' lang='lat' dir='ltr'><strong>et</strong></span> <span class='ocrx_word' id='word_1_637' title='bbox 3298 3818 3349 3871; x_wconf 94' lang='lat' dir='ltr'><strong>in</strong></span> <span class='ocrx_word' id='word_1_638' title='bbox 3397 3815 3575 3870; x_wconf 85' lang='lat' dir='ltr'><strong>Evan-</strong></span> 
     </span>
    </p>
   </div>
   <div class='ocr_carea' id='block_1_84' title="bbox 2018 3909 3575 3983">
    <p class='ocr_par' dir='ltr' id='par_1_84' title="bbox 2018 3909 3575 3983">
     <span class='ocr_line' id='line_1_85' title="bbox 2018 3909 3575 3983; baseline -0.003 -16"><span class='ocrx_word' id='word_1_639' title='bbox 2018 3914 2168 3983; x_wconf 86' lang='lat' dir='ltr'><strong>geliis</strong></span> <span class='ocrx_word' id='word_1_640' title='bbox 2194 3914 2476 3983; x_wconf 89' lang='lat' dir='ltr'><strong>scriptum,</strong></span> <span class='ocrx_word' id='word_1_641' title='bbox 2506 3913 2620 3982; x_wconf 91' lang='lat' dir='ltr'><strong>ipso</strong></span> <span class='ocrx_word' id='word_1_642' title='bbox 2648 3910 2926 3966; x_wconf 85' lang='lat' dir='ltr'><strong>Salvatore</strong></span> <span class='ocrx_word' id='word_1_643' title='bbox 2955 3911 3164 3966; x_wconf 89' lang='lat' dir='ltr'><strong>dicente</strong></span> <span class='ocrx_word' id='word_1_644' title='bbox 3189 3928 3202 3964; x_wconf 93' lang='lat'>:</span> <span class='ocrx_word' id='word_1_645' title='bbox 3234 3909 3397 3964; x_wconf 82' lang='lat' dir='ltr'><strong>Deum</strong></span> <span class='ocrx_word' id='word_1_646' title='bbox 3426 3925 3575 3963; x_wconf 87' lang='lat' dir='ltr'><strong>nemo</strong></span> 
     </span>
    </p>
   </div>
   <div class='ocr_carea' id='block_1_85' title="bbox 2018 4001 3573 4073">
    <p class='ocr_par' dir='ltr' id='par_1_85' title="bbox 2018 4001 3573 4073">
     <span class='ocr_line' id='line_1_86' title="bbox 2018 4001 3573 4073; baseline 0.001 -16"><span class='ocrx_word' id='word_1_647' title='bbox 2018 4005 2141 4057; x_wconf 81' lang='lat' dir='ltr'><strong>vidit</strong></span> <span class='ocrx_word' id='word_1_648' title='bbox 2200 4020 2428 4057; x_wconf 86' lang='lat' dir='ltr'><strong>unauam</strong></span> <span class='ocrx_word' id='word_1_649' title='bbox 2460 4003 2504 4058; x_wconf 72' lang='lat'><strong>‘.</strong></span> <span class='ocrx_word' id='word_1_650' title='bbox 2568 4003 2792 4069; x_wconf 85' lang='lat' dir='ltr'><strong>Nullus,</strong></span> <span class='ocrx_word' id='word_1_651' title='bbox 2852 4004 3056 4073; x_wconf 88' lang='lat' dir='ltr'><strong>inquit.</strong></span> <span class='ocrx_word' id='word_1_652' title='bbox 3110 4018 3342 4071; x_wconf 88' lang='lat' dir='ltr'><strong>unquam</strong></span> <span class='ocrx_word' id='word_1_653' title='bbox 3395 4001 3573 4058; x_wconf 88' lang='lat' dir='ltr'><strong>vidit:</strong></span> 
     </span>
    </p>
   </div>
   <div class='ocr_carea' id='block_1_86' title="bbox 2015 4093 3570 4167">
    <p class='ocr_par' dir='ltr' id='par_1_86' title="bbox 2015 4093 3570 4167">
     <span class='ocr_line' id='line_1_87' title="bbox 2015 4093 3570 4167; baseline -0.005 -16"><span class='ocrx_word' id='word_1_654' title='bbox 2015 4112 2202 4151; x_wconf 89' lang='lat' dir='ltr'><strong>omnes</strong></span> <span class='ocrx_word' id='word_1_655' title='bbox 2238 4113 2494 4167; x_wconf 87' lang='lat' dir='ltr'><strong>personas</strong></span> <span class='ocrx_word' id='word_1_656' title='bbox 2527 4096 2971 4163; x_wconf 85' lang='lat' dir='ltr'><strong>comprehendit:</strong></span> <span class='ocrx_word' id='word_1_657' title='bbox 3000 4094 3176 4148; x_wconf 87' lang='lat' dir='ltr'><strong>omnia</strong></span> <span class='ocrx_word' id='word_1_658' title='bbox 3220 4108 3324 4147; x_wconf 89' lang='lat' dir='ltr'><strong>non</strong></span> <span class='ocrx_word' id='word_1_659' title='bbox 3371 4093 3570 4160; x_wconf 88' lang='lat' dir='ltr'><strong>simul,</strong></span> 
     </span>
    </p>
   </div>
   <div class='ocr_carea' id='block_1_87' title="bbox 2018 4185 3575 4259">
    <p class='ocr_par' dir='ltr' id='par_1_87' title="bbox 2018 4185 3575 4259">
     <span class='ocr_line' id='line_1_88' title="bbox 2018 4185 3575 4259; baseline -0.003 -17"><span class='ocrx_word' id='word_1_660' title='bbox 2018 4206 2121 4243; x_wconf 94' lang='lat' dir='ltr'><strong>non</strong></span> <span class='ocrx_word' id='word_1_661' title='bbox 2148 4192 2478 4259; x_wconf 75' lang='lat' dir='ltr'><strong>separatim;</strong></span> <span class='ocrx_word' id='word_1_662' title='bbox 2511 4203 2747 4258; x_wconf 88' lang='lat' dir='ltr'><strong>unquam</strong></span> <span class='ocrx_word' id='word_1_663' title='bbox 2777 4187 3013 4258; x_wconf 81' lang='lat' dir='ltr'><strong>potuisse</strong></span> <span class='ocrx_word' id='word_1_664' title='bbox 3042 4186 3223 4240; x_wconf 77' lang='lat' dir='ltr'><strong>videre</strong></span> <span class='ocrx_word' id='word_1_665' title='bbox 3257 4185 3422 4240; x_wconf 87' lang='lat' dir='ltr'><strong>Deum</strong></span> <span class='ocrx_word' id='word_1_666' title='bbox 3454 4200 3575 4253; x_wconf 78' lang='lat' dir='ltr'><strong>pro-</strong></span> 
     </span>
    </p>
   </div>
   <div class='ocr_carea' id='block_1_88' title="bbox 2020 4278 3575 4350">
    <p class='ocr_par' dir='ltr' id='par_1_88' title="bbox 2020 4278 3575 4350">
     <span class='ocr_line' id='line_1_89' title="bbox 2020 4278 3575 4350; baseline 0 -17"><span class='ocrx_word' id='word_1_667' title='bbox 2020 4283 2319 4337; x_wconf 77' lang='lat' dir='ltr'><strong>nuntiavit?</strong></span> <span class='ocrx_word' id='word_1_668' title='bbox 2344 4283 2522 4336; x_wconf 90' lang='lat' dir='ltr'><strong>omnia</strong></span> <span class='ocrx_word' id='word_1_669' title='bbox 2559 4282 2729 4350; x_wconf 88' lang='lat' dir='ltr'><strong>spatia</strong></span> <span class='ocrx_word' id='word_1_670' title='bbox 2766 4281 3212 4349; x_wconf 75' lang='lat' dir='ltr'><strong>cowpreheudit:</strong></span> <span class='ocrx_word' id='word_1_671' title='bbox 3249 4288 3307 4333; x_wconf 91' lang='lat' dir='ltr'><strong>ut</strong></span> <span class='ocrx_word' id='word_1_672' title='bbox 3340 4294 3406 4334; x_wconf 90' lang='lat' dir='ltr'><strong>ne</strong></span> <span class='ocrx_word' id='word_1_673' title='bbox 3456 4278 3575 4347; x_wconf 89' lang='lat' dir='ltr'><strong>quis</strong></span> 
     </span>
    </p>
   </div>
   <div class='ocr_carea' id='block_1_89' title="bbox 2018 4369 3575 4441">
    <p class='ocr_par' dir='ltr' id='par_1_89' title="bbox 2018 4369 3575 4441">
     <span class='ocr_line' id='line_1_90' title="bbox 2018 4369 3575 4441; baseline -0.003 -15"><span class='ocrx_word' id='word_1_674' title='bbox 2018 4373 2243 4438; x_wconf 88' lang='lat' dir='ltr'><strong>diceret,</strong></span> <span class='ocrx_word' id='word_1_675' title='bbox 2280 4374 2550 4441; x_wconf 90' lang='lat' dir='ltr'><strong>prophetis</strong></span> <span class='ocrx_word' id='word_1_676' title='bbox 2583 4371 2850 4441; x_wconf 87' lang='lat' dir='ltr'><strong>apparuit,</strong></span> <span class='ocrx_word' id='word_1_677' title='bbox 2881 4381 2972 4424; x_wconf 89' lang='lat' dir='ltr'><strong>aut</strong></span> <span class='ocrx_word' id='word_1_678' title='bbox 3003 4369 3435 4441; x_wconf 79' lang='lat' dir='ltr'><strong>legislalori,_attt</strong></span> <span class='ocrx_word' id='word_1_679' title='bbox 3471 4370 3575 4422; x_wconf 89' lang='lat' dir='ltr'><strong>alio</strong></span> 
     </span>
    </p>
   </div>
   <div class='ocr_carea' id='block_1_90' title="bbox 2016 4461 3573 4532">
    <p class='ocr_par' dir='ltr' id='par_1_90' title="bbox 2016 4461 3573 4532">
     <span class='ocr_line' id='line_1_91' title="bbox 2016 4461 3573 4532; baseline -0.003 -14"><span class='ocrx_word' id='word_1_680' title='bbox 2016 4466 2197 4519; x_wconf 90' lang='lat' dir='ltr'><strong>alicui.</strong></span> <span class='ocrx_word' id='word_1_681' title='bbox 2235 4463 2373 4530; x_wconf 83' lang='lat' dir='ltr'><strong>Quid</strong></span> <span class='ocrx_word' id='word_1_682' title='bbox 2418 4463 2586 4531; x_wconf 86' lang='lat' dir='ltr'><strong>ergo?</strong></span> <span class='ocrx_word' id='word_1_683' title='bbox 2636 4465 2962 4516; x_wconf 89' lang='lat' dir='ltr'><strong>mentiuntur</strong></span> <span class='ocrx_word' id='word_1_684' title='bbox 3006 4461 3294 4530; x_wconf 73' lang='lat' dir='ltr'><strong>Scriptura:</strong></span> <span class='ocrx_word' id='word_1_685' title='bbox 3324 4475 3445 4532; x_wconf 65' lang='lat' dir='ltr'><strong>qua:</strong></span> <span class='ocrx_word' id='word_1_686' title='bbox 3494 4461 3573 4513; x_wconf 82' lang='lat' dir='ltr'><strong>di-</strong></span> 
     </span>
    </p>
   </div>
   <div class='ocr_carea' id='block_1_91' title="bbox 2015 4553 3574 4618">
    <p class='ocr_par' dir='ltr' id='par_1_91' title="bbox 2015 4553 3574 4618">
     <span class='ocr_line' id='line_1_92' title="bbox 2015 4553 3574 4618; baseline -0.003 -8"><span class='ocrx_word' id='word_1_687' title='bbox 2015 4567 2180 4612; x_wconf 90' lang='lat' dir='ltr'><strong>cunt:</strong></span> <span class='ocrx_word' id='word_1_688' title='bbox 2219 4557 2347 4610; x_wconf 85' lang='lat' dir='ltr'><strong>Veni</strong></span> <span class='ocrx_word' id='word_1_689' title='bbox 2386 4565 2439 4609; x_wconf 87' lang='lat' dir='ltr'><strong>et</strong></span> <span class='ocrx_word' id='word_1_690' title='bbox 2466 4554 2604 4618; x_wconf 90' lang='lat' dir='ltr'><strong>vidi,</strong></span> <span class='ocrx_word' id='word_1_691' title='bbox 2632 4562 2686 4609; x_wconf 91' lang='lat' dir='ltr'><strong>et</strong></span> <span class='ocrx_word' id='word_1_692' title='bbox 2716 4555 2925 4609; x_wconf 78' lang='lat' dir='ltr'><strong>audivi?</strong></span> <span class='ocrx_word' id='word_1_693' title='bbox 2953 4553 3198 4608; x_wconf 82' lang='lat' dir='ltr'><strong>Vultibus</strong></span> <span class='ocrx_word' id='word_1_694' title='bbox 3240 4568 3342 4605; x_wconf 93' lang='lat' dir='ltr'><strong>non</strong></span> <span class='ocrx_word' id='word_1_695' title='bbox 3383 4562 3465 4607; x_wconf 87' lang='lat' dir='ltr'><strong>est</strong></span> <span class='ocrx_word' id='word_1_696' title='bbox 3500 4554 3574 4606; x_wconf 81' lang='lat' dir='ltr'><strong>vi-</strong></span> 
     </span>
    </p>
   </div>
   <div class='ocr_carea' id='block_1_92' title="bbox 2016 4644 3572 4716">
    <p class='ocr_par' dir='ltr' id='par_1_92' title="bbox 2016 4644 3572 4716">
     <span class='ocr_line' id='line_1_93' title="bbox 2016 4644 3572 4716; baseline -0.004 -14"><span class='ocrx_word' id='word_1_697' title='bbox 2016 4648 2188 4702; x_wconf 87' lang='lat' dir='ltr'><strong>sibilis</strong></span> <span class='ocrx_word' id='word_1_698' title='bbox 2223 4648 2380 4703; x_wconf 84' lang='lat' dir='ltr'><strong>Deus.</strong></span> <span class='ocrx_word' id='word_1_699' title='bbox 2422 4647 2882 4713; x_wconf 87' lang='lat' dir='ltr'><strong>Quemadmodum</strong></span> <span class='ocrx_word' id='word_1_700' title='bbox 2906 4662 3033 4715; x_wconf 86' lang='lat' dir='ltr'><strong>ergo</strong></span> <span class='ocrx_word' id='word_1_701' title='bbox 3069 4644 3447 4716; x_wconf 82' lang='lat' dir='ltr'><strong>agnoscibilis?</strong></span> <span class='ocrx_word' id='word_1_702' title='bbox 3475 4645 3572 4710; x_wconf 91' lang='lat' dir='ltr'><strong>Qui</strong></span> 
     </span>
    </p>
   </div>
   <div class='ocr_carea' id='block_1_93' title="bbox 2014 4734 3573 4807">
    <p class='ocr_par' dir='ltr' id='par_1_93' title="bbox 2014 4734 3573 4807">
     <span class='ocr_line' id='line_1_94' title="bbox 2014 4734 3573 4807; baseline -0.004 -13"><span class='ocrx_word' id='word_1_703' title='bbox 2014 4750 2190 4794; x_wconf 88' lang='lat' dir='ltr'><strong>autem</strong></span> <span class='ocrx_word' id='word_1_704' title='bbox 2229 4742 2374 4795; x_wconf 86' lang='lat' dir='ltr'><strong>solus</strong></span> <span class='ocrx_word' id='word_1_705' title='bbox 2412 4741 2557 4794; x_wconf 92' lang='lat' dir='ltr'><strong>novit</strong></span> <span class='ocrx_word' id='word_1_706' title='bbox 2586 4755 2708 4795; x_wconf 81' lang='lat' dir='ltr'><strong>eum</strong></span> <span class='ocrx_word' id='word_1_707' title='bbox 2752 4739 2842 4807; x_wconf 90' lang='lat' dir='ltr'><strong>qui</strong></span> <span class='ocrx_word' id='word_1_708' title='bbox 2890 4753 2948 4793; x_wconf 91' lang='lat' dir='ltr'><strong>se</strong></span> <span class='ocrx_word' id='word_1_709' title='bbox 2988 4739 3190 4804; x_wconf 81' lang='lat' dir='ltr'><strong>genuit,</strong></span> <span class='ocrx_word' id='word_1_710' title='bbox 3223 4738 3390 4790; x_wconf 90' lang='lat' dir='ltr'><strong>dicit:</strong></span> <span class='ocrx_word' id='word_1_711' title='bbox 3426 4734 3573 4788; x_wconf 81' lang='lat' dir='ltr'><strong>Beati</strong></span> 
     </span>
    </p>
   </div>
   <div class='ocr_carea' id='block_1_94' title="bbox 2016 4827 3570 4899">
    <p class='ocr_par' dir='ltr' id='par_1_94' title="bbox 2016 4827 3570 4899">
     <span class='ocr_line' id='line_1_95' title="bbox 2016 4827 3570 4899; baseline -0.003 -13"><span class='ocrx_word' id='word_1_712' title='bbox 2016 4834 2207 4886; x_wconf 84' lang='lat' dir='ltr'><strong>mundo</strong></span> <span class='ocrx_word' id='word_1_713' title='bbox 2240 4835 2416 4899; x_wconf 85' lang='lat' dir='ltr'><strong>corde,</strong></span> <span class='ocrx_word' id='word_1_714' title='bbox 2464 4835 2707 4898; x_wconf 85' lang='lat' dir='ltr'><strong>quoniam</strong></span> <span class='ocrx_word' id='word_1_715' title='bbox 2764 4834 2861 4891; x_wconf 70' lang='lat' dir='ltr'><strong>ipsi</strong></span> <span class='ocrx_word' id='word_1_716' title='bbox 2915 4829 3080 4884; x_wconf 82' lang='lat' dir='ltr'><strong>Deum</strong></span> <span class='ocrx_word' id='word_1_717' title='bbox 3134 4830 3372 4883; x_wconf 84' lang='lat' dir='ltr'><strong>videbunt</strong></span> <span class='ocrx_word' id='word_1_718' title='bbox 3416 4829 3459 4881; x_wconf 87' lang='grc'><strong>⁸.</strong></span> <span class='ocrx_word' id='word_1_719' title='bbox 3516 4827 3570 4881; x_wconf 92' lang='lat' dir='ltr'><strong>Si</strong></span> 
     </span>
    </p>
   </div>
   <div class='ocr_carea' id='block_1_95' title="bbox 2013 4919 3553 4995">
    <p class='ocr_par' dir='ltr' id='par_1_95' title="bbox 2013 4919 3553 4995">
     <span class='ocr_line' id='line_1_96' title="bbox 2013 4919 3553 4995; baseline -0.006 -14"><span class='ocrx_word' id='word_1_720' title='bbox 2013 4927 2157 4981; x_wconf 90' lang='lat' dir='ltr'><strong>enim</strong></span> <span class='ocrx_word' id='word_1_721' title='bbox 2205 4927 2454 4993; x_wconf 78' lang='lat' dir='ltr'><strong>dixisset,</strong></span> <span class='ocrx_word' id='word_1_722' title='bbox 2501 4927 2645 4980; x_wconf 86' lang='lat' dir='ltr'><strong>Beati</strong></span> <span class='ocrx_word' id='word_1_723' title='bbox 2689 4925 2779 4995; x_wconf 92' lang='lat' dir='ltr'><strong>qui</strong></span> <span class='ocrx_word' id='word_1_724' title='bbox 2827 4924 2968 4977; x_wconf 90' lang='lat' dir='ltr'><strong>acuti</strong></span> <span class='ocrx_word' id='word_1_725' title='bbox 3017 4932 3139 4976; x_wconf 90' lang='lat' dir='ltr'><strong>sunt</strong></span> <span class='ocrx_word' id='word_1_726' title='bbox 3175 4920 3365 4979; x_wconf 87' lang='lat' dir='ltr'><strong>oculis.</strong></span> <span class='ocrx_word' id='word_1_727' title='bbox 3406 4919 3553 4973; x_wconf 88' lang='lat' dir='ltr'><strong>dice—</strong></span> 
     </span>
    </p>
   </div>
   <div class='ocr_carea' id='block_1_96' title="bbox 2014 5012 3567 5088">
    <p class='ocr_par' dir='ltr' id='par_1_96' title="bbox 2014 5012 3567 5088">
     <span class='ocr_line' id='line_1_97' title="bbox 2014 5012 3567 5088; baseline -0.007 -16"><span class='ocrx_word' id='word_1_728' title='bbox 2014 5034 2195 5073; x_wconf 88' lang='lat' dir='ltr'><strong>remus</strong></span> <span class='ocrx_word' id='word_1_729' title='bbox 2240 5020 2359 5088; x_wconf 89' lang='lat' dir='ltr'><strong>quia</strong></span> <span class='ocrx_word' id='word_1_730' title='bbox 2410 5019 2581 5074; x_wconf 92' lang='lat' dir='ltr'><strong>oculis</strong></span> <span class='ocrx_word' id='word_1_731' title='bbox 2644 5016 2977 5084; x_wconf 84' lang='lat' dir='ltr'><strong>iuancipavit</strong></span> <span class='ocrx_word' id='word_1_732' title='bbox 3028 5015 3224 5069; x_wconf 88' lang='lat' dir='ltr'><strong>visum.</strong></span> <span class='ocrx_word' id='word_1_733' title='bbox 3282 5012 3337 5066; x_wconf 92' lang='lat' dir='ltr'><strong>Si</strong></span> <span class='ocrx_word' id='word_1_734' title='bbox 3393 5022 3567 5064; x_wconf 91' lang='lat' dir='ltr'><strong>autem</strong></span> 
     </span>
    </p>
   </div>
   <div class='ocr_carea' id='block_1_97' title="bbox 2017 5102 3569 5179">
    <p class='ocr_par' dir='ltr' id='par_1_97' title="bbox 2017 5102 3569 5179">
     <span class='ocr_line' id='line_1_98' title="bbox 2017 5102 3569 5179; baseline -0.006 -17"><span class='ocrx_word' id='word_1_735' title='bbox 2017 5110 2154 5163; x_wconf 88' lang='lat' dir='ltr'><strong>sicut</strong></span> <span class='ocrx_word' id='word_1_736' title='bbox 2182 5112 2366 5165; x_wconf 90' lang='lat' dir='ltr'><strong>oculus</strong></span> <span class='ocrx_word' id='word_1_737' title='bbox 2396 5126 2560 5179; x_wconf 86' lang='lat' dir='ltr'><strong>purus</strong></span> <span class='ocrx_word' id='word_1_738' title='bbox 2601 5110 2742 5163; x_wconf 89' lang='lat' dir='ltr'><strong>videt</strong></span> <span class='ocrx_word' id='word_1_739' title='bbox 2768 5124 2887 5175; x_wconf 71' lang='lat' dir='ltr'><strong>quae</strong></span> <span class='ocrx_word' id='word_1_740' title='bbox 2919 5107 3084 5161; x_wconf 85' lang='lat' dir='ltr'><strong>oculis</strong></span> <span class='ocrx_word' id='word_1_741' title='bbox 3129 5113 3253 5159; x_wconf 92' lang='lat' dir='ltr'><strong>sunt</strong></span> <span class='ocrx_word' id='word_1_742' title='bbox 3284 5102 3569 5166; x_wconf 88' lang='lat' dir='ltr'><strong>naturalia,</strong></span> 
     </span>
    </p>
   </div>
   <div class='ocr_carea' id='block_1_98' title="bbox 2017 5199 3569 5267">
    <p class='ocr_par' dir='ltr' id='par_1_98' title="bbox 2017 5199 3569 5267">
     <span class='ocr_line' id='line_1_99' title="bbox 2017 5199 3569 5267; baseline -0.003 -16"><span class='ocrx_word' id='word_1_743' title='bbox 2017 5200 2087 5253; x_wconf 90' lang='lat' dir='ltr'><strong>ita</strong></span> <span class='ocrx_word' id='word_1_744' title='bbox 2137 5211 2191 5254; x_wconf 90' lang='lat' dir='ltr'><strong>et</strong></span> <span class='ocrx_word' id='word_1_745' title='bbox 2223 5202 2398 5256; x_wconf 90' lang='lat' dir='ltr'><strong>anima</strong></span> <span class='ocrx_word' id='word_1_746' title='bbox 2459 5200 2651 5255; x_wconf 90' lang='lat' dir='ltr'><strong>munda</strong></span> <span class='ocrx_word' id='word_1_747' title='bbox 2699 5201 2844 5255; x_wconf 87' lang='lat' dir='ltr'><strong>videt</strong></span> <span class='ocrx_word' id='word_1_748' title='bbox 2915 5214 3031 5267; x_wconf 61' lang='lat' dir='ltr'><strong>qua</strong></span> <span class='ocrx_word' id='word_1_749' title='bbox 3076 5207 3201 5253; x_wconf 92' lang='lat' dir='ltr'><strong>sunt</strong></span> <span class='ocrx_word' id='word_1_750' title='bbox 3243 5212 3401 5265; x_wconf 81' lang='lat' dir='ltr'><strong>supra</strong></span> <span class='ocrx_word' id='word_1_751' title='bbox 3451 5199 3569 5248; x_wconf 89' lang='lat' dir='ltr'><strong>ani-</strong></span> 
     </span>
    </p>
   </div>
   <div class='ocr_carea' id='block_1_99' title="bbox 2016 5287 3569 5362">
    <p class='ocr_par' dir='ltr' id='par_1_99' title="bbox 2016 5287 3569 5362">
     <span class='ocr_line' id='line_1_100' title="bbox 2016 5287 3569 5362; baseline -0.003 -17"><span class='ocrx_word' id='word_1_752' title='bbox 2016 5306 2194 5355; x_wconf 85' lang='lat' dir='ltr'><strong>mam;</strong></span> <span class='ocrx_word' id='word_1_753' title='bbox 2230 5292 2321 5362; x_wconf 88' lang='lat' dir='ltr'><strong>qui</strong></span> <span class='ocrx_word' id='word_1_754' title='bbox 2354 5292 2515 5348; x_wconf 90' lang='lat' dir='ltr'><strong>corde</strong></span> <span class='ocrx_word' id='word_1_755' title='bbox 2548 5292 2778 5356; x_wconf 90' lang='lat' dir='ltr'><strong>videtur,</strong></span> <span class='ocrx_word' id='word_1_756' title='bbox 2819 5290 2987 5344; x_wconf 89' lang='lat' dir='ltr'><strong>oculis</strong></span> <span class='ocrx_word' id='word_1_757' title='bbox 3019 5306 3120 5343; x_wconf 92' lang='lat' dir='ltr'><strong>non</strong></span> <span class='ocrx_word' id='word_1_758' title='bbox 3167 5287 3416 5342; x_wconf 87' lang='lat' dir='ltr'><strong>videtur:</strong></span> <span class='ocrx_word' id='word_1_759' title='bbox 3453 5302 3569 5356; x_wconf 65' lang='lat' dir='ltr'><strong>quae</strong></span> 
     </span>
    </p>
   </div>
   <div class='ocr_carea' id='block_1_100' title="bbox 2017 5381 3567 5450">
    <p class='ocr_par' dir='ltr' id='par_1_100' title="bbox 2017 5381 3567 5450">
     <span class='ocr_line' id='line_1_101' title="bbox 2017 5381 3567 5450; baseline -0.001 -17"><span class='ocrx_word' id='word_1_760' title='bbox 2017 5393 2195 5438; x_wconf 88' lang='lat' dir='ltr'><strong>autem</strong></span> <span class='ocrx_word' id='word_1_761' title='bbox 2228 5386 2398 5441; x_wconf 89' lang='lat' dir='ltr'><strong>oculis</strong></span> <span class='ocrx_word' id='word_1_762' title='bbox 2428 5384 2699 5447; x_wconf 85' lang='lat' dir='ltr'><strong>videntur,</strong></span> <span class='ocrx_word' id='word_1_763' title='bbox 2744 5381 3020 5450; x_wconf 76' lang='lat' dir='ltr'><strong>subiacent</strong></span> <span class='ocrx_word' id='word_1_764' title='bbox 3055 5382 3376 5437; x_wconf 90' lang='lat' dir='ltr'><strong>motionibus</strong></span> <span class='ocrx_word' id='word_1_765' title='bbox 3421 5397 3567 5435; x_wconf 85' lang='lat' dir='ltr'><strong>men-</strong></span> 
     </span>
    </p>
   </div>
   <div class='ocr_carea' id='block_1_101' title="bbox 2063 5472 3561 5543">
    <p class='ocr_par' dir='ltr' id='par_1_101' title="bbox 2063 5472 3561 5543">
     <span class='ocr_line' id='line_1_102' title="bbox 2063 5472 3561 5543; baseline -0.001 -16"><span class='ocrx_word' id='word_1_766' title='bbox 2063 5475 2082 5505; x_wconf 74' lang='grc' dir='ltr'><strong><em>ι</em></strong></span> <span class='ocrx_word' id='word_1_767' title='bbox 2123 5474 2307 5529; x_wconf 84' lang='lat' dir='ltr'><strong>Matth.</strong></span> <span class='ocrx_word' id='word_1_768' title='bbox 2344 5473 2491 5537; x_wconf 76' lang='lat' dir='ltr'><strong>x,28.</strong></span> <span class='ocrx_word' id='word_1_769' title='bbox 2578 5474 2599 5505; x_wconf 76' lang='grc'>³</span> <span class='ocrx_word' id='word_1_770' title='bbox 2638 5473 2680 5528; x_wconf 86' lang='grc' dir='ltr'>ιι</span> <span class='ocrx_word' id='word_1_771' title='bbox 2704 5474 2827 5530; x_wconf 84' lang='lat' dir='ltr'><strong>Cor.</strong></span> <span class='ocrx_word' id='word_1_772' title='bbox 2873 5492 2924 5543; x_wconf 72' lang='grc' dir='ltr'><strong>ς,</strong></span> <span class='ocrx_word' id='word_1_773' title='bbox 2971 5475 3025 5531; x_wconf 75' lang='lat'><strong>5.</strong></span> <span class='ocrx_word' id='word_1_774' title='bbox 3122 5474 3143 5506; x_wconf 70' lang='grc' dir='ltr'><strong>ι</strong></span> <span class='ocrx_word' id='word_1_775' title='bbox 3177 5473 3331 5529; x_wconf 82' lang='lat' dir='ltr'><strong>Joan.</strong></span> <span class='ocrx_word' id='word_1_776' title='bbox 3388 5490 3428 5540; x_wconf 85' lang='grc' dir='ltr'><strong>ι,</strong></span> <span class='ocrx_word' id='word_1_777' title='bbox 3477 5472 3561 5527; x_wconf 87' lang='lat' dir='ltr'><strong>l8.</strong></span> 
     </span>
    </p>
   </div>
   <div class='ocr_carea' id='block_1_102' title="bbox 2086 5627 3494 5699">
    <p class='ocr_par' dir='ltr' id='par_1_102' title="bbox 2086 5627 3494 5699">
     <span class='ocr_line' id='line_1_103' title="bbox 2086 5627 3494 5699; baseline -0.001 -19"><span class='ocrx_word' id='word_1_778' title='bbox 2086 5628 2164 5694; x_wconf 67' lang='grc'><strong>(4)</strong></span> <span class='ocrx_word' id='word_1_779' title='bbox 2212 5627 2309 5699; x_wconf 60' lang='lat' dir='ltr'><strong>his.</strong></span> <span class='ocrx_word' id='word_1_780' title='bbox 2349 5636 2398 5699; x_wconf 68' lang='lat' dir='ltr'><strong>et</strong></span> <span class='ocrx_word' id='word_1_781' title='bbox 2435 5637 2547 5693; x_wconf 75' lang='lat' dir='ltr'><strong>post</strong></span> <span class='ocrx_word' id='word_1_782' title='bbox 2596 5638 2812 5683; x_wconf 81' lang='lat' dir='ltr'><strong>mortem</strong></span> <span class='ocrx_word' id='word_1_783' title='bbox 2857 5641 3065 5699; x_wconf 75' lang='lat' dir='ltr'><strong>propter</strong></span> <span class='ocrx_word' id='word_1_784' title='bbox 3095 5627 3494 5697; x_wconf 70' lang='lat' dir='ltr'><strong>incorporalem.</strong></span> 
     </span>
    </p>
   </div>
   <div class='ocr_carea' id='block_1_103' title="bbox 2084 5696 2534 5766">
    <p class='ocr_par' dir='ltr' id='par_1_103' title="bbox 2084 5696 2534 5766">
     <span class='ocr_line' id='line_1_104' title="bbox 2084 5696 2534 5766; baseline 0.004 -17"><span class='ocrx_word' id='word_1_785' title='bbox 2084 5699 2157 5766; x_wconf 75' lang='grc'><strong>(5)</strong></span> <span class='ocrx_word' id='word_1_786' title='bbox 2198 5696 2314 5752; x_wconf 78' lang='lat' dir='ltr'><strong>llis.</strong></span> <span class='ocrx_word' id='word_1_787' title='bbox 2352 5697 2451 5752; x_wconf 81' lang='lat' dir='ltr'><strong>Pro</strong></span> <span class='ocrx_word' id='word_1_788' title='bbox 2472 5700 2534 5751; x_wconf 75' lang='lat' dir='ltr'><strong>is.</strong></span> 
     </span>
    </p>
   </div>
  </div>
