4050 6206
464 393 603 451 ‘lllS

1135 385 1406 443 EUSEBII
1444 381 1917 441 CESARIENSIS
1954 378 2100 437 OPP.
2144 378 2319 434 PARS
2360 376 2448 433 Ν.
2488 410 2556 422 -—-
2593 374 3008 433 DOGMATICA.

3571 371 3715 425 1H6

398 498 407 509 ’
462 518 553 567 tis.
602 514 795 566 Iterum
838 509 981 565 enim
1032 508 1228 563 Paulus
1266 509 1396 562 dicit
1430 526 1442 561 :
1484 507 1649 571 Quem
1702 486 2025 558 nemoividit
2053 508 2097 563 Α
2127 503 2321 556 mundo
2352 508 2489 564 erat,
2530 499 2796 569 quomodo
2831 497 2976 550 venit
3010 494 3063 547 in
3122 493 3413 546 mundum?
3445 492 3583 546 Cum
3618 508 3717 547 au-

461 605 751 667 hominum,
785 618 874 655 nec
903 601 1076 655 videre
1106 611 1269 670 potest
1296 602 1337 655 ‘.
1375 599 1509 666 Quia
1540 598 1682 653 enim
1712 604 1884 667 potest
1914 596 2027 649 fieri
2115 579 2236 646 'tem
2286 590 2521 646 audieris
2562 590 2684 658 quia
2720 586 2855 641 Deus
2900 584 3131 638 ambulat
3162 586 3217 637 in
3254 584 3509 653 paradiso
3536 583 3602 647 “,
3634 586 3710 638 ita

462 714 585 751 eum
634 698 721 764 qui
780 695 925 749 audit
980 710 1043 747 ea
1080 710 1199 763 qua:
1247 708 1351 747 non
1399 692 1545 747 videt
1591 692 1858 761 cogitare;
1906 689 2028 757 quia

466 806 571 843 non
615 790 895 857 pervenit,
941 798 1033 841 aut
1074 787 1372 855 prohibitus
1417 796 1517 845 est.
1568 795 1657 837 aut
1693 784 1888 837 caelum
1926 797 2027 835 non

463 880 739 947 permisit;
787 887 1071 947 amputans
1128 891 1340 931 onmem
1392 875 1754 945 suspicionem
1801 876 2030 942 Aposto-

466 974 573 1036 lus,
606 985 659 1027 et
692 972 1111 1025 invisibilitatem
1145 970 1251 1024 Deo
1292 969 1597 1023 custodiens
1637 966 1776 1035 quod
1809 966 2031 1035 conjun-

464 1078 607 1121 ctum
650 1076 731 1119 est
765 1064 1118 1134 iucorporali,
1158 1079 1259 1117 non
1293 1063 1462 1117 solum
1491 1062 1651 1123 dixit,
1692 1076 1840 1113 nemo
1875 1060 2030 1123 vidit,

464 1160 559 1211 sed
600 1174 689 1210 nec
738 1159 935 1220 videre,
984 1156 1185 1224 inquit,
1235 1166 1420 1223 potest.
1464 1154 1527 1207 Et
1576 1154 1716 1207 sicut
1764 1154 2033 1216 animam,

470 1264 576 1302 non
612 1249 734 1317 quia
765 1250 1040 1310 nolebant,
1073 1247 1165 1300 sed
1205 1247 1328 1314 quia
1373 1262 1476 1299 non
1509 1256 1756 1313 poterant
1787 1244 2035 1297 occidere

467 1352 683 1412 prapter
736 1352 1001 1403 naturam,
1054 1342 1120 1394 ita
1172 1350 1226 1394 et
1274 1340 1397 1393 istic
1433 1340 1635 1392 dictum
1684 1347 1801 1402 est,
1865 1352 2037 1404 neque

466 1432 651 1485 videre
698 1441 956 1502 possunt:
985 1432 1106 1499 quia
1143 1446 1246 1483 non
1288 1430 1480 1483 Ctelum
1522 1427 1807 1482 obumbrat
1848 1441 1913 1481 ne
1958 1427 2041 1480 vi-

469 1524 678 1587 deatur,
711 1525 801 1577 sed
846 1534 1037 1577 natura
1078 1538 1180 1576 non
1234 1521 1728 1591 comprehenditur.
1762 1519 1831 1575 Ut
1858 1528 2035 1573 autem

469 1617 609 1671 scias
658 1616 785 1684 quia
831 1614 1025 1670 cmlum
1072 1629 1177 1667 non
1225 1614 1399 1682 operit
1454 1627 1546 1666 cos
1591 1626 1656 1665 nc
1688 1611 1906 1666 videant
1949 1608 2039 1678 qui

470 1710 650 1761 videre
695 1724 796 1759 non
842 1717 1089 1775 possunt;
1136 1708 1355 1760 adverte
1401 1705 1527 1774 quid
1562 1705 1639 1758 ait
1690 1705 1805 1773 ipse
1852 1703 2037 1757 Deus:

472 1797 661 1851 Nonne
689 1797 871 1851 caelum
899 1807 947 1849 et
980 1806 1176 1849 terram
1217 1812 1307 1864 ego
1342 1794 1530 1861 impleo
1552 1794 1614 1847 7?
1664 1792 1873 1847 Intuere
1913 1790 2036 1861 quia

2130 685 2250 739 audi
2285 693 2337 738 et
2364 684 2431 737 de
2458 681 2594 736 Filio
2633 681 2759 751 quia
2791 680 2955 734 venit.
2997 678 3136 747 Ergo
3161 685 3216 730 et
3246 692 3370 729 cum
3404 677 3642 731 audieris
3679 693 3708 729 a

2131 778 2440 847 propheta:
2490 774 2620 840 Quis
2667 782 2743 827 est
2802 774 2890 843 qui
2936 772 3073 825 venit
3119 787 3183 824 ea:
3232 767 3402 822 Edom
3440 770 3515 823 "l
3566 771 3714 824 sicut

2131 867 2279 919 venit
2320 868 2404 934 qui
2440 868 2591 919 adest
2635 864 2686 917 in
2728 865 2954 926 mundo,
2999 863 3072 916 ita
3113 860 3260 916 venit
3308 862 3397 929 qui
3446 861 3599 915 venit
3640 876 3711 914 ex

2134 960 2322 1014 Edom.
2350 960 2537 1014 Vestes
2565 968 2746 1011 autem
2780 956 2829 1009 ei
2872 956 3064 1010 rubras
3111 954 3361 1023 imposuit
3392 954 3711 1023 prophetia,

2134 1067 2256 1106 cum
2289 1050 2473 1105 Daniel
2508 1049 2706 1103 dixerit
2736 1048 2855 1102 alba
2884 1063 3004 1102 esse
3040 1046 3156 1115 ejus
3192 1046 3526 1100 vestimenta.
3558 1045 3713 1099 Mota

2135 1153 2312 1198 autem
2358 1143 2509 1195 nobis
2545 1141 2718 1197 fuerat
2751 1142 2854 1196 ista
2896 1140 3121 1210 quaestio
3148 1149 3202 1193 et
3236 1138 3302 1193 de
3335 1139 3562 1193 vestibus
3594 1155 3609 1191 :
3645 1146 3715 1191 et

2136 1238 2183 1293 si
2220 1254 2322 1291 non
2364 1236 2549 1292 fuisset
2585 1246 2762 1301 mota,
2792 1234 3017 1289 rationis
3057 1242 3174 1289 erat
3214 1248 3318 1287 non
3358 1246 3473 1285 eam
3514 1241 3707 1285 trans-

2139 1331 2239 1384 ire.
2272 1330 2659 1384 Condiscamus
2696 1328 2821 1397 quid
2852 1336 2935 1381 est
2971 1327 3111 1396 quod
3154 1325 3352 1379 dicitur
3385 1332 3555 1377 vestes
3593 1324 3664 1377 ha
3690 1354 3706 1364 -

2140 1420 2269 1474 bere
2314 1418 2510 1483 Deum,
2549 1426 2603 1472 et
2645 1419 2743 1472 bas
2783 1418 2940 1471 modo
2981 1417 3195 1478 rubras,
3236 1414 3396 1469 modo
3428 1423 3599 1467 autem
3632 1415 3708 1467 al-

2140 1512 2257 1565 bas.
2301 1510 2413 1565 Non
2462 1511 2603 1565 enim
2634 1514 2894 1580 jactatum
2928 1508 3102 1562 dicam
3140 1508 3301 1561 Deum
3345 1505 3399 1558 in
3445 1504 3709 1570 vestibus,

2139 1610 2195 1655 et
2236 1615 2376 1655 nunc
2404 1600 2619 1670 quidem
2668 1601 2737 1653 ita
2779 1597 2983 1663 vestiri,
3021 1612 3164 1652 nunc
3207 1606 3385 1651 autem
3421 1597 3549 1663 alia,
3598 1608 3719 1651 tan-

2140 1708 2299 1763 quam
2348 1692 2659 1747 obsoletatis
2711 1691 3010 1760 prioribus.
3074 1700 3166 1743 aut
3214 1704 3319 1743 non
3378 1689 3717 1743 obsoletatis.

2143 1784 2370 1851 Quidam
2402 1784 2494 1837 sed
2524 1783 2707 1836 volunt
2738 1784 2904 1836 Deum
2929 1782 2980 1835 in
3018 1780 3257 1834 vestibus
3294 1779 3558 1846 jactatum
3588 1794 3714 1835 esse

471 1891 625 1943 adest
668 1891 906 1958 quidem,
940 1905 1041 1942 non
1072 1889 1281 1942 videtur
1310 1900 1486 1941 autem
1524 1888 1645 1955 quia
1680 1896 1731 1939 ct
1768 1887 1936 1939 adest.
1966 1884 2039 1937 lta

2151 1884 2197 1929 et
2223 1874 2425 1927 clarum
2460 1875 2656 1938 videri,
2702 1883 2954 1941 tanquam
3008 1886 3114 1925 non
3160 1869 3390 1925 sufﬁciat
3429 1871 3479 1925 ei
3526 1881 3721 1925 natura

471 1983 667 2034 iterum
702 1982 839 2035 idem
872 1981 1160 2048 Apostolus
1191 1982 1256 2034 de
1290 1982 1569 2050 unigenito
1596 1980 1731 2032 Filio
1756 1980 1832 2032 ait
1859 2002 1868 2033 :
1899 1978 2038 2044 Quia

472 2086 547 2128 est
588 2075 758 2143 imago
801 2074 1078 2126 invisibilis
1110 2073 1205 2125 Dei
1224 2074 1267 2126 ⁸.
1303 2071 1357 2125 Si
1387 2074 1531 2125 enim
1573 2072 1800 2125 dixisset
1850 2070 2042 2140 imagi-

475 2181 594 2217 nem
628 2174 851 2227 tanlum,
881 2178 1243 2230 titimreremus
1290 2163 1582 2216 secundum
1616 2163 1739 2231 quid
1778 2178 1919 2215 nunc
1951 2176 2041 2215 ac—

471 2256 616 2323 cepit
668 2254 1090 2307 similitudinem.
1146 2253 1204 2307 Si
1258 2261 1435 2305 autem
1490 2253 1654 2306 addat
1708 2253 2038 2322 imaginem,

472 2346 765 2401 secundum
812 2345 938 2414 quid
983 2345 1189 2414 accepit
1247 2343 1701 2397 similitudinem?
1751 2342 2038 2397 manifeste

473 2436 704 2488 dicens:
756 2432 1047 2487 invisibilis
1087 2444 1171 2488 est
1216 2434 1394 2498 Pater,
1444 2433 1729 2487 invisibilis
1778 2444 1831 2487 et
1874 2432 2042 2488 Filius

475 2524 671 2582 Patris.
726 2525 876 2580 Sicut
924 2526 1065 2579 enim
1117 2526 1169 2580 in
1220 2525 1405 2580 Genesi
1452 2526 1710 2594 scriptum
1758 2536 1884 2578 est:
1932 2523 2045 2578 Fa-

475 2619 673 2670 ciamus
706 2617 961 2670 hominem
996 2620 1063 2670 ad
1105 2618 1384 2686 imaginem
1420 2626 1467 2669 et
1502 2617 1903 2670 similitudinem
1951 2632 2045 2669 no-

476 2707 706 2769 stram”,
738 2716 790 2761 et
826 2710 876 2759 in
919 2707 1266 2775 sequentibus
1308 2705 1544 2759 ostendit
1585 2706 1877 2759 secundum
1918 2704 2047 2774 quid

476 2796 904 2851 similitudinem.
948 2798 1037 2850 Ait
1084 2797 1267 2850 enim:
1304 2794 1374 2847 Et
1407 2798 1707 2849 dominetur
1740 2813 1897 2861 supra
1939 2808 2044 2849 ter-

476 2905 587 2941 ram
632 2888 871 2943 omnibus
918 2890 1145 2955 piscibus
1196 2890 1376 2952 maris,
1409 2898 1456 2941 et
1496 2888 1788 2941 volatilibus
1820 2888 1967 2954 caeli,
1998 2897 2049 2941 et

476 2980 792 3033 animalibus
826 2991 978 3032 terra:
1008 2978 1071 3029 “.
1121 2978 1187 3030 Et
1224 2977 1485 3046 accipitur
1527 2975 1820 3030 secundum
1866 2976 2051 3045 imagi-

459 3072 598 3124 nem
640 3087 741 3125 non
773 3070 913 3123 aliud
942 3070 1040 3122 nisi
1064 3069 1152 3136 qui
1185 3085 1212 3119 a
1238 3082 1361 3133 rege
1390 3068 1499 3121 Deo
1555 3066 1805 3120 omnibus
1844 3067 2047 3121 c0nsti-

480 3172 595 3215 tuto
631 3178 721 3215 rex
769 3162 859 3215 fiet
913 3170 967 3213 et
1015 3161 1174 3213 homo
1215 3172 1403 3211 eorum
1468 3172 1586 3226 qua:
1635 3172 1799 3226 supra
1850 3167 2047 3211 terram

479 3263 622 3307 sunt.
666 3252 730 3305 Et
768 3252 1081 3306 «lcininante
1118 3251 1223 3303 Deo
1262 3248 1510 3304 omnibus
1544 3249 1626 3304 his
1662 3264 1780 3319 quae
1822 3248 1949 3303 fecit
1996 3250 2050 3303 in

480 3342 620 3399 rtelo
646 3353 700 3397 et
727 3343 779 3396 in
817 3352 981 3405 terra,
1009 3341 1371 3395 dominabitur
1400 3351 1455 3394 et
1494 3341 1653 3395 homo
1689 3340 1939 3395 omnibus
1968 3340 2053 3394 his

479 3450 615 3504 quos
647 3435 968 3504 susceperit.
1000 3433 1153 3487 Sicut
1199 3434 1342 3486 enim
1388 3432 1497 3487 illic
1536 3432 1831 3488 similitudo
1861 3447 2053 3487 secun-

481 3528 606 3580 dutn
650 3526 939 3595 imaginem
998 3526 1240 3579 salvatur
1282 3524 1335 3577 in
1382 3524 1839 3589 dominationem;
1889 3525 1963 3578 ita
2001 3534 2054 3577 et

481 3618 601 3673 istic
645 3618 784 3687 quod
826 3618 1060 3680 dicitur,
1107 3617 1197 3687 qui
1236 3626 1319 3671 est
1368 3616 1541 3684 imago
1593 3616 1878 3671 invisibilis
1925 3616 2055 3683 Dei,

481 3712 767 3763 confitetur
811 3710 938 3778 quia
984 3709 1124 3763 sicut
1171 3707 1335 3764 Pater
1390 3708 1673 3762 invisibilis
1718 3720 1831 3774 est,
1888 3709 1957 3761 ita
2000 3717 2056 3763 et

482 3801 650 3857 Filius
686 3804 801 3866 Dei,
835 3804 924 3872 qui
970 3811 1053 3857 est
1097 3804 1274 3870 imago
1317 3801 1491 3855 Patris
1537 3802 1842 3865 invisibilis,
1877 3802 2046 3855 habe-

484 3906 591 3948 tur.
620 3895 797 3965 lmago
827 3896 969 3948 enim
1001 3894 1406 3948 similitudinem
1447 3894 1686 3948 exhibet.
1720 3894 1785 3947 Et
1820 3893 1959 3947 sicut
1988 3893 2054 3947 de

484 3987 643 4042 Patre
687 3989 884 4041 dictum
913 3997 1012 4049 est,
1052 3986 1159 4040 imo
1189 3988 1255 4042 ab
1285 3988 1387 4040 isto
1416 3987 1609 4042 Patre:
1644 3985 1839 4041 Caluus
1871 3996 1916 4039 et
1955 3998 2055 4041 ter-

483 4096 595 4133 ram
625 4096 715 4149 ego
756 4080 941 4147 impleo
970 4080 1031 4141 ιι,
1066 4090 1119 4133 et
1153 4096 1273 4133 cum
1324 4080 1477 4134 adest
1514 4082 1764 4134 omnibus
1816 4099 1917 4135 non
1974 4082 2056 4134 vi-

482 4173 681 4225 detur:
722 4172 793 4223 ita
828 4179 881 4224 et
911 4171 977 4224 de
1014 4168 1149 4223 Filio
1181 4172 1383 4224 dictum
1424 4180 1542 4224 est:
1580 4169 1646 4224 In
1686 4171 1882 4224 mundo
1921 4182 2054 4235 erat,

482 4272 532 4315 et
563 4263 783 4314 mundus
810 4279 924 4315 eum
956 4278 1055 4315 non
1084 4264 1320 4331 cognovit
1350 4264 1417 4316 ".
1447 4260 1512 4315 Et
1542 4274 1688 4316 certe
1722 4264 1854 4317 dicit
1888 4264 2059 4316 Eran-

485 4354 679 4423 gelium
718 4373 730 4407 :
770 4355 894 4407 Erat
943 4356 1115 4407 lumen
1154 4370 1330 4407 verum
1360 4354 1421 4407 ¹³.
1464 4354 1675 4408 Lumen
1737 4364 1915 4408 autem
1978 4357 2058 4409 vi—

485 4451 642 4502 detur
685 4448 1022 4501 conducibile
1055 4463 1173 4502 esse
1223 4452 1412 4506 oculis.
1464 4449 1716 4502 Naturale
1769 4450 1912 4503 enim
1970 4460 2055 4503 est

2139 1983 2233 2023 sua
2265 1985 2277 2019 :
2311 1978 2365 2020 ut
2408 1981 2548 2020 nunc
2583 1967 2795 2035 quidem
2837 1964 2958 2019 aliis
2994 1964 3233 2019 vestibus
3280 1965 3531 2029 indutus,
3565 1966 3726 2019 nobis

2142 2058 2325 2114 sedeat
2372 2058 2666 2111 secundum
2720 2055 3016 2119 Danielem,
3067 2070 3209 2109 nunc
3253 2063 3434 2108 autem
3480 2054 3602 2109 aliis
3632 2055 3723 2107 in-

2141 2145 2300 2201 dutus
2330 2147 2509 2202 veniat
2546 2148 2839 2200 secundum
2886 2146 3099 2201 Isaiam.
3140 2145 3246 2200 Sed
3282 2146 3364 2199 ha:
3408 2146 3537 2214 ipsa:
3576 2161 3727 2215 quae-

2142 2240 2341 2295 stioues
2384 2242 2552 2311 magis
2594 2242 2746 2294 nobis
2798 2241 3223 2310 interpretantur
3274 2251 3541 2295 naturam.
3590 2239 3726 2305 Quis

2144 2332 2309 2395 enim,
2345 2331 2538 2399 inquit,
2571 2342 2644 2384 est
2676 2332 2765 2401 qui
2792 2332 2926 2385 venit
2955 2347 3021 2385 ea:
3054 2329 3243 2394 Edam,
3274 2332 3568 2401 interrogat
3599 2348 3729 2403 pro-

2145 2424 2336 2491 pheta,
2384 2424 2541 2476 rubra
2587 2425 2888 2477 vestimenta
2939 2423 3133 2477 habens
3185 2439 3251 2476 ex
3299 2421 3571 2477 Basor"?
3613 2424 3721 2477 lsta

2144 2516 2286 2568 enim
2324 2513 2463 2568 illius
2500 2514 2732 2568 nationis
2765 2513 3079 2583 metropolis
3118 2523 3254 2568 erat.
3284 2513 3571 2581 Respondit
3619 2528 3722 2583 per

2148 2612 2250 2667 hoc
2294 2613 2515 2681 spiritus
2566 2612 2840 2681 prophetae
2882 2611 2973 2680 qui
3030 2610 3453 2680 interrogaverat
3491 2628 3506 2662 ι
3544 2610 3726 2677 magis

2147 2716 2327 2759 autem
2368 2705 2587 2773 spiritus
2622 2705 2759 2758 Deus
2794 2714 3019 2773 utraque
3059 2703 3187 2758 facit
3221 2717 3235 2766 ;
3272 2712 3325 2757 et
3365 2703 3726 2772 interrogavit

2149 2796 2429 2865 prOpheta,
2473 2804 2524 2847 et
2556 2794 2842 2861 respondet
2884 2803 2942 2848 ut
2984 2794 3123 2848 Deus
3170 2810 3183 2846 :
3220 2790 3353 2862 Ego,
3389 2793 3598 2861 inquit,
3635 2793 3733 2861 qui

2150 2886 2332 2955 loquor
2366 2884 2632 2953 justitiam
2668 2884 2728 2939 ³⁸.
2772 2884 2901 2949 Cur,
2963 2885 3170 2952 inquit,
3218 2886 3394 2937 rubra:
3449 2892 3579 2937 sunt
3626 2892 3735 2937 tua:

2152 2976 2362 3031 vestes?
2401 2976 2564 3030 Dicit:
2586 2975 2841 3030 Torcular
2872 2976 3069 3030 calcavi
3095 2977 3240 3030 solus
3266 2977 3332 3029 ¹⁹.
3374 2975 3431 3031 Si
3470 2986 3734 3045 quantum

2152 3068 2217 3120 ad
2251 3068 2450 3121 dictum
2482 3077 2719 3135 spectat,
2764 3067 2888 3136 quia
2929 3080 3207 3120 sermones
3252 3066 3407 3121 nobis
3452 3066 3736 3135 proferunt

2155 3160 2354 3213 inimici
2409 3179 2423 3212 :
2470 3159 2821 3229 incorporalis
2856 3159 3111 3223 torcular,
3150 3159 3351 3227 inquit,
3397 3158 3641 3223 caleavi;
3680 3167 3737 3210 et

2156 3252 2297 3308 sicut
2341 3252 2631 3307 toreularia
2692 3268 2877 3321 sparsa
2924 3261 3047 3308 sunt
3098 3252 3432 3306 vestimenta
3487 3251 3634 3320 ejus,
3677 3262 3734 3303 et

2156 3344 2385 3400 rubredo
2437 3345 2715 3414 quaadam,
2756 3360 2859 3398 non
2909 3354 3086 3399 tamen
3134 3343 3359 3407 fucatio,
3400 3353 3522 3397 erat
3566 3342 3731 3394 vesti-

2157 3446 2454 3490 mentorum
2499 3437 2797 3501 naturalis,
2847 3452 3023 3506 neque
3076 3436 3165 3489 tlla
3231 3451 3352 3504 quae
3390 3450 3457 3489 ex
3507 3434 3730 3487 artificio

2158 3528 2272 3582 fieri
2322 3529 2620 3582 consuevit.
2671 3528 2775 3582 Sed
2827 3529 2955 3598 quid
3012 3527 3209 3583 erant?
3253 3527 3589 3596 aspersiones
3626 3526 3731 3578 uti-

2155 3633 2278 3687 que,
2307 3627 2419 3671 uta
2452 3618 2705 3672 torculari
2742 3619 2855 3674 fieri
2899 3620 3035 3673 solet
3068 3634 3453 3688 nonnunquam
3493 3619 3620 3673 vino
3647 3618 3732 3685 ja-

2157 3719 2382 3763 etatum.
2413 3708 2549 3774 Quid
2596 3725 2724 3781 ergo
2768 3710 2819 3765 in
2864 3710 3033 3766 Edom
3081 3711 3240 3765 habet
3276 3712 3415 3765 Deus
3464 3710 3741 3765 torcular?

2157 3801 2213 3855 Si
2245 3803 2366 3871 quis
2398 3812 2575 3857 autem
2622 3804 2911 3860 calcaverit
2959 3806 3215 3872 torcular,
3248 3805 3515 3874 justitiam
3562 3806 3741 3875 loqui-

2159 3902 2261 3946 tur.
2293 3893 2349 3947 Si
2397 3903 2573 3949 autem
2616 3897 3017 3953 considerantes
3060 3898 3429 3953 invenerimus
3456 3913 3577 3967 quae
3620 3907 3743 3952 erat

2159 3986 2257 4039 ista
2290 4001 2441 4055 gens,
2470 3999 2524 4040 et
2553 4002 2657 4056 qua
2688 3989 3032 4044 damnatione
3063 3990 3292 4044 dehitrix
3329 3991 3653 4056 habebatur,
3684 4003 3742 4045 et

2158 4094 2316 4146 quam
2357 4078 2647 4133 vindictam
2690 4078 2756 4133 de
2798 4080 2986 4135 eadem
3023 4081 3146 4135 fecit
3189 4081 3361 4146 Deus,
3407 4091 3460 4137 et
3497 4096 3605 4149 quo
3651 4082 3738 4134 in-

2162 4169 2760 4239 terficiunturjudicio:
2804 4188 3157 4243 agnoscamus
3186 4175 3308 4243 quia
3344 4174 3574 4228 torcular
3609 4188 3720 4226 non

2157 4272 2239 4318 est
2295 4263 2518 4317 torcular
2548 4304 2563 4327 ,
2610 4267 2702 4319 sed
2760 4265 2996 4319 vindicta
3047 4281 3143 4335 per
3213 4266 3541 4334 sanguinem.
3586 4264 3738 4319 Esau

2159 4364 2339 4408 autem
2386 4356 2455 4409 ob
2501 4356 2706 4411 ventris
2770 4357 3089 4410 edacitatem
3147 4358 3449 4411 distrahens
3504 4368 3732 4425 propter

2160 4454 2401 4499 ventrem
2454 4454 2662 4497 natura:
2705 4445 3005 4513 primitias;
3048 4445 3170 4513 quia
3216 4444 3361 4498 enim
3420 4443 3522 4497 hoc
3559 4445 3736 4511 ipsum

485 4538 694 4603 lumini,
722 4551 776 4591 ut
808 4556 902 4608 per
936 4555 1059 4593 eum
1105 4540 1331 4594 visibilia
1373 4540 1675 4594 vidcantur.
1709 4539 1811 4595 Sed
1850 4543 1892 4595 si
1929 4540 2058 4594 sim-
2092 4560 2135 4613 ο
2162 4537 2541 4591 iucoutinentia
2583 4545 2694 4591 eral
2718 4582 2731 4603 ,
2776 4552 2842 4591 ex
2885 4538 3014 4590 vitio
3060 4538 3246 4591 habuit
3287 4549 3339 4591 et
3379 4536 3737 4605 nuncupatio—

484 4632 694 4701 plieiter
733 4632 910 4687 lumen
950 4634 1207 4697 dixisset,
1251 4636 1533 4704 oportebat
1579 4650 1674 4689 nos
1722 4637 1788 4689 de
1832 4636 1933 4689 hoc
1977 4636 2053 4688 lu-

486 4724 631 4780 mine
663 4726 924 4794 suspieari
954 4726 1177 4789 dictum,
1219 4736 1271 4781 et
1312 4728 1378 4782 de
1409 4728 1524 4783 istis
1558 4729 1746 4782 oculis.
1792 4729 1896 4783 Sed
1936 4729 2060 4797 quia

487 4833 592 4870 non
626 4816 943 4885 simpliciter
975 4817 1107 4870 dicit
1157 4818 1334 4872 lumen
1366 4837 1379 4872 :
1414 4820 1509 4874 sed
1551 4831 1694 4886 erat,
1741 4821 1945 4891 inquit,
1978 4821 2061 4877 lu-

485 4928 601 4965 men
634 4928 808 4965 verum
835 4910 916 4962 ‘5:
961 4910 1109 4980 pellit
1144 4912 1281 4964 istud
1318 4910 1495 4965 lumen
1536 4914 1677 4981 quod
1722 4928 1906 4966 verum
1956 4929 2059 4967 nou

486 5014 587 5057 est.
640 5001 769 5055 Erat
819 5002 992 5054 lumen
1030 5018 1202 5054 verum
1247 5002 1453 5061 veniens
1500 5002 1555 5054 in
1604 5001 1739 5055 hunc
1784 5005 2056 5056 mundum.

486 5094 619 5158 Quia
663 5096 806 5147 enim
843 5094 977 5147 dixit
1006 5094 1238 5159 veniens,
1269 5094 1504 5163 suspicio
1534 5104 1648 5148 erat
1678 5094 1801 5163 quia
1839 5096 2059 5150 veniens

488 5185 721 5241 nondum
752 5184 1063 5237 advenerat.
1092 5182 1338 5237 Incideris
1382 5193 1560 5237 autem
1604 5186 1867 5238 sermonis
1907 5185 2057 5238 infir-

487 5276 725 5330 mitatem
761 5278 1101 5331 confirmavit
1130 5278 1326 5331 mentis
1371 5276 1717 5331 intellectum.
1748 5278 1880 5342 Quia
1911 5280 2054 5331 enim

485 5366 653 5431 dixit,
706 5366 835 5421 Erat
884 5368 1058 5423 lumen
1113 5384 1298 5423 verum
1350 5368 1569 5421 veniens
1610 5369 1661 5420 in
1710 5368 1849 5420 hunc
1899 5384 2056 5420 mun-

486 5457 613 5508 dum
655 5472 669 5508 :
713 5467 770 5509 ut
814 5473 917 5511 non
966 5466 1211 5527 putares,
1259 5458 1384 5527 quia
1431 5474 1533 5511 non
1584 5458 1768 5512 aderat
1817 5473 2053 5527 prteseus

486 5557 775 5614 antequam
825 5552 1065 5614 veniret,
1110 5562 1168 5604 ut
1200 5552 1398 5605 dicitur
1432 5567 1459 5602 a
1507 5550 1854 5618 quibusdam,
1903 5550 2051 5606 addit

484 5638 763 5708 corrigens
810 5654 1149 5698 sermonem:
1181 5641 1247 5696 In
1294 5641 1491 5697 mundo
1529 5654 1660 5696 erat.
1697 5643 1752 5698 Si
1790 5644 1955 5713 igitur
1991 5644 2044 5697 in

558 5798 579 5829 ‘
618 5800 633 5853 Ι
684 5796 791 5852 Γίιιι
846 5814 913 5859 vt,
953 5801 1033 5852 lli.
1124 5802 1141 5829 ⁷
1185 5801 1327 5855 lher.
1360 5819 1519 5866 um,
1561 5802 1649 5857 ει.

491 5872 529 5910 ι’
568 5870 721 5927 Joan.
752 5887 788 5936 I,
824 5871 905 5923 l0.
984 5872 1025 5899 ¹³
1067 5870 1263 5927 ibid.9.
1345 5876 1384 5904 ”
1425 5876 1554 5928 ibid.
1635 5876 1675 5904 ”
1718 5874 1850 5929 Gen.
1881 5890 1960 5942 ιιι,
1997 5878 2050 5929 8.

1727 5806 1746 5831 ⁸
1787 5805 1991 5858 Culoss‘.
2025 5821 2064 5869 ι,
2108 5804 2189 5857 ΗΞ.
2268 5805 2289 5833 ⁹
2328 5804 2464 5857 Ceu.
2505 5820 2547 5857 l.

1727 5874 1850 5929 Gen.
1881 5890 1960 5930 ιιι.
1997 5878 2050 5929 8.
2131 5875 2170 5905 ’⁸
2210 5876 2312 5930 lsa.
2344 5890 2494 5930 LXIII.
2532 5879 2547 5929 ι

2235 5892 2312 5929 sa.
2344 5890 2494 5943 mu,
2532 5890 2575 5929 ι.

2169 4644 2309 4683 nent.
2342 4629 2407 4683 Et
2447 4639 2530 4683 est
2562 4629 2725 4683 Edom
2760 4629 2900 4697 quod
2945 4629 3329 4698 interpretatur
3370 4630 3617 4682 avaritia.
3662 4626 3741 4681 Es

2168 4722 2271 4774 isto
2315 4720 2477 4789 igitur
2524 4719 2661 4773 Esau
2710 4718 2849 4774 facta
2907 4732 2990 4775 est
3042 4735 3170 4787 gens
3212 4722 3584 4775 Idumzeorum.
3631 4720 3740 4773 Ista

2167 4824 2331 4879 gens,
2367 4809 2489 4878 quia
2542 4819 2596 4863 et
2636 4809 2773 4865 Esau
2818 4821 2934 4864 erat
2983 4810 3149 4865 frater
3191 4810 3380 4878 Iacob,
3412 4810 3598 4880 utique
3647 4813 3743 4861 de-

2168 4902 2279 4954 buit
2318 4902 2575 4971 :Pqualem
2619 4902 2911 4957 fraternam
2943 4904 3229 4970 quamdam
3274 4902 3608 4956 affectionem
3640 4904 3741 4955 ha-

2167 4993 2292 5046 bere
2334 4995 2400 5046 ad
2448 4994 2720 5062 populum.
2770 4992 2869 5060 Qui
2919 5007 3043 5047 cum
3093 5011 3197 5048 non
3248 4996 3506 5059 haberet,
3557 4996 3740 5047 incre-

2166 5093 2326 5150 patur
2352 5082 2400 5135 ei
2441 5098 2471 5135 a
2507 5083 2614 5137 Deo
2644 5085 2768 5151 quia
2802 5098 2906 5136 non
2948 5085 3187 5137 servavit
3223 5095 3437 5153 pactum
3481 5082 3743 5137 fraterni-

2167 5176 2294 5228 tatis
2349 5179 2414 5229 ad
2468 5176 2745 5243 populum.
2804 5174 2941 5243 Quid
2998 5190 3127 5244 ergo
3176 5175 3551 5244 praevaricavit
3606 5189 3737 5229 con-

2164 5268 2387 5322 scientia
2421 5269 2488 5321 ad
2522 5268 2764 5332 fratrem,
2792 5278 2845 5323 et
2872 5270 3048 5323 erexit
3074 5268 3307 5338 judicem
3348 5267 3608 5321 adversus
3638 5266 3743 5320 se?

2167 5358 2431 5427 Propheta
2468 5369 2645 5413 autem
2694 5361 2991 5430 pr:evidens
3026 5359 3263 5415 futurum
3304 5362 3370 5415 de
3409 5360 3613 5415 eisdem
3655 5360 3742 5428 ju-

2162 5458 2360 5513 dicium
2399 5465 2455 5511 et
2496 5445 2811 5521 vindictam,
2843 5467 2900 5512 ut
2945 5458 3201 5512 lsraelita:
3239 5460 3305 5513 de
3334 5456 3581 5511 ldnmaais
3626 5458 3742 5510 vin-

2159 5549 2491 5612 dicarentur,
2521 5556 2807 5616 antequam
2841 5548 2994 5603 fieret
3020 5549 3255 5603 vindicta
3283 5548 3740 5616 videtjudiciutn,

2152 5656 2210 5700 et
2247 5642 2374 5698 dicit
2416 5655 2432 5694 :
2495 5640 2627 5708 Quis
2661 5651 2735 5695 est
2790 5642 2878 5711 qui
2923 5642 3053 5696 venit
3105 5658 3169 5696 ea:
3214 5641 3434 5697 Edam?
3476 5641 3543 5696 Et
3596 5651 3740 5696 cert.-

2777 5804 2819 5833 ¹⁰
2862 5803 2989 5858 ibid.
3071 5804 3107 5834 "
3151 5803 3240 5856 .ler

2777 5876 2867 5929 nd.
2951 5876 2989 5905 ”
3030 5874 3153 5929 ibid.
3191 5874 3244 5929 5.

3071 5804 3107 5834 "
3151 5802 3257 5856 .ler.
3303 5817 3477 5863 nm,
3523 5800 3618 5854 24.

3071 5875 3153 5926 nd.
3191 5874 3244 5926 5.
3326 5873 3366 5902 ’⁸
3405 5871 3534 5926 ibid.

2268 5805 2289 5833 ⁹
2328 5804 2464 5857 Ceu.
2505 5820 2558 5869 l,
2599 5806 2687 5858 ‘26.
2777 5804 2819 5833 ¹⁰

2268 5892 2312 5929 a.
2344 5890 2494 5929 LXIII.
2532 5879 2575 5929 ι.
2656 5879 2696 5913 ¹⁷
2741 5874 2847 5929 ibid

2799 5893 2867 5931 lu.
