4050 6206
401 337 537 390 1117

1386 330 1472 382 DE
1511 328 1973 384 INCORPORALI
2011 324 2101 380 ET
2140 325 2479 383 lNVlSlBlLl
2511 326 2663 382 DEO.

3500 330 3636 385 1118

396 464 661 523 quantum
716 451 781 505 ad
828 464 936 505 rem
984 448 1213 502 necdum
1259 448 1361 503 hoc
1400 450 1623 503 scierat.
1670 448 1726 502 Si
1785 457 1967 503 autem
1994 447 2044 506 A
2072 462 2266 516 capere
2320 448 2505 503 volunt
2550 446 2870 515 strepitibus
2914 446 3237 515 quihusdam
3285 453 3339 498 et
3383 449 3547 511 sonis,
3582 460 3638 504 et

396 547 629 601 necdum
660 543 802 597 facto
831 540 1037 607 judicio
1079 550 1335 609 tanquam
1370 540 1481 607 jam
1522 540 1759 605 fecisset,
1786 548 1840 593 et
1881 552 1970 594 ve—

396 636 519 692 nire
552 636 760 689 videtur
799 646 921 686 cum
965 630 1166 685 dicitur
1207 645 1497 699 apparere,
1536 630 1761 684 necdum
1808 643 1972 697 appa-

398 736 503 793 ret,
538 742 641 780 non
684 722 806 792 quia
847 730 1072 791 apparet
1112 730 1400 789 antequam
1443 721 1623 776 veniat
1653 735 1720 774 ex
1752 720 1919 774 Edom
1950 735 1966 786 ;

397 822 513 875 viso
550 819 687 873 enim
724 830 830 869 non
863 814 1074 868 videtur
1100 812 1193 882 qui
1241 813 1500 880 praevenit
1532 812 1829 873 visionem,
1881 824 1973 863 ne-

398 926 502 980 que
530 908 849 963 vestimenta
885 907 1067 969 habet,
1096 903 1279 973 qualia
1313 902 1565 972 apparuit
1594 902 1796 956 habens
1824 920 1837 956 :
1876 901 1971 956 sed

396 1004 517 1072 quia
554 999 667 1053 vult
700 999 865 1053 veluti
910 998 1122 1068 aspergi
1168 1012 1260 1051 sua
1291 996 1608 1050 vestimenta
1654 1008 1681 1046 a
1715 994 1974 1062 sanguine

394 1109 574 1149 eorum
605 1094 697 1163 qui
734 1092 881 1161 digni
926 1102 1051 1144 sunt
1092 1098 1288 1144 morte.
1324 1087 1438 1142 Non
1488 1086 1633 1141 enim
1670 1086 1735 1139 ad
1778 1085 1971 1140 celum

396 1183 780 1237 transmittitur
834 1180 1273 1235 interﬁcientium
1328 1177 1588 1248 sanguis,
1628 1177 1723 1231 sed
1762 1191 1829 1229 ex
1875 1176 1975 1230 hoc

394 1273 630 1326 maxime
670 1271 979 1340 agnoscitur
1010 1268 1134 1337 quia
1183 1264 1541 1335 incorporalis
1585 1271 1668 1317 est
1708 1260 1883 1324 Deus,
1920 1268 1977 1314 et

393 1361 736 1418 veStimeutis
780 1375 885 1414 non
934 1358 1156 1425 indiget.
1204 1357 1341 1423 Quia
1379 1368 1499 1425 quae
1548 1360 1771 1421 apparet
1815 1351 1973 1405 indu-

394 1465 507 1518 tus,
533 1450 853 1523 signiﬁcatio
885 1459 970 1504 est
1001 1448 1168 1517 magis
1199 1446 1497 1503 efﬁcientia:
1527 1460 1686 1513 quam
1718 1443 1977 1498 exhibitio

395 1555 626 1600 naturae.
665 1544 799 1597 Cum
846 1541 1053 1611 jndicat
1085 1541 1247 1595 habet
1290 1545 1506 1600 sedem,
1547 1544 1601 1589 et
1643 1534 1732 1604 qui
1771 1533 1976 1604 judicat

395 1637 691 1700 mundum,
740 1633 890 1687 albas
932 1632 1048 1700 ejus
1098 1645 1216 1685 esse
1267 1640 1444 1685 vestes
1496 1626 1771 1695 Scriptura
1824 1622 1974 1679 dicit.

396 1728 530 1785 Cum
585 1735 764 1781 autem
818 1727 1014 1780 iterum
1063 1723 1303 1778 vindicta
1351 1722 1673 1791 completur,
1710 1730 1965 1787 tanquam

2078 540 2433 611 thymiamate
2463 539 2710 594 volantes
2737 539 3017 593 detinent:
3045 538 3118 592 ita
3150 547 3202 592 et
3240 539 3496 592 immundi
3538 541 3641 608 spi-

2072 632 2213 687 ritus
2247 633 2393 687 circa
2425 632 2699 687 immunda
2740 640 3027 702 vagantur,
3065 641 3120 687 et
3148 642 3393 702 quaerunt
3417 650 3521 687 non
3550 634 3639 689 ubi

2075 739 2242 794 purus
2278 732 2361 778 est
2408 722 2526 790 flos,
2582 725 2675 779 sed
2723 723 2811 778 ubi
2864 725 3278 786 contaminatio,
3311 724 3399 778 ubi
3446 726 3642 780 fabulas

2075 816 2390 879 mendaces,
2442 816 2536 870 ubi
2570 817 2743 887 imago
2795 816 2926 870 false
2960 818 3204 886 figurata,
3235 818 3323 871 ubi
3375 818 3639 871 sacrificia

2076 907 2364 974 malitiosa,
2408 907 2497 961 ubi
2539 908 2792 963 mulieres
2833 909 3135 977 impudicae,
3180 910 3268 962 ubi
3312 910 3411 962 viri
3461 910 3637 975 incisi,

2074 996 2164 1050 ubi
2197 996 2281 1051 dei
2314 996 2545 1051 adulteri
2580 998 2680 1068 (7),
2718 999 2809 1051 ubi
2841 999 2953 1052 deae
2996 997 3349 1061 fornicantes,
3386 999 3472 1053 ubi
3516 1014 3642 1053 san-

2073 1087 2195 1157 guis
2240 1096 2293 1142 et
2309 1088 2550 1157 pollutio,
2580 1089 2667 1142 ubi
2702 1090 2866 1154 tibiae,
2898 1089 2988 1142 ubi
3019 1090 3254 1153 saltatio,
3284 1091 3371 1143 ubi
3405 1091 3638 1154 auditas,

2075 1180 2164 1234 ubi
2195 1181 2374 1234 omnis
2408 1181 2704 1250 turpitudo.
2735 1181 2794 1235 ln
2843 1182 3141 1236 istiusmodi
3186 1182 3447 1237 immundi
3482 1186 3640 1253 spiri—

2077 1278 2161 1325 tus
2190 1272 2553 1341 requiescunt.
2584 1272 2638 1327 Si
2672 1285 2858 1329 autem
2894 1275 3094 1329 viderit
3120 1274 3355 1345 aliquem
3386 1277 3436 1329 in
3455 1276 3639 1330 habitu

2074 1364 2268 1433 pudico
2289 1375 2367 1443 .et
2406 1367 2659 1435 honesto,
2688 1369 2935 1421 indutum
2973 1382 3093 1421 esse
3126 1369 3407 1422 Dominum
3435 1367 3642 1430 Jesum,

2074 1455 2257 1508 statim
2305 1454 2467 1520 dicit;
2517 1471 2638 1524 quae
2688 1456 2822 1510 dicit
2892 1457 3191 1525 permitte:
3224 1459 3352 1527 quid
3396 1459 3548 1513 nobis
3589 1466 3644 1512 et

2078 1546 2211 1600 tibi?
2253 1545 2368 1601 Non
2409 1557 2492 1602 est
2528 1556 2711 1617 aptum
2757 1548 2934 1602 lumen
2979 1550 3062 1603 his
3091 1550 3186 1619 qui
3221 1550 3331 1605 laasi
3368 1561 3494 1605 sunt
3518 1569 3647 1606 ocu-

2076 1638 2174 1703 lis;
2224 1639 2289 1694 ad
2326 1639 2577 1694 tenebras
2606 1640 2751 1694 enim
2773 1650 3183 1706 convertentur,
3215 1644 3464 1697 tenebras
3502 1644 3644 1698 inse-

2077 1739 2330 1799 quentur,
2358 1731 2412 1784 in
2455 1730 2696 1785 tenebris
2742 1731 3112 1801 requiescunt.
3146 1732 3277 1788 Cum
3312 1742 3488 1788 autem
3532 1736 3643 1803 spi-

398 1820 709 1891 regrediens
739 1818 901 1873 rubra
943 1819 1062 1890 ejus
1090 1818 1221 1873 dicit
1264 1831 1384 1886 qua“:
1430 1829 1536 1869 non
1586 1821 1744 1868 erant
1774 1813 1966 1876 rubra,
1998 1793 2041 1847 Β
2071 1821 2210 1875 ritus
2235 1822 2545 1876 immundus
2571 1823 2851 1891 quaesierit
2887 1824 2940 1875 in
2975 1824 3204 1879 desertis
3233 1836 3289 1879 et
3320 1826 3485 1880 aridis
3511 1825 3642 1882 locis

396 1925 453 1969 et
481 1915 802 1969 vestimenta
844 1926 963 1983 qua:
1008 1927 1114 1967 non
1148 1917 1304 1965 erant
1337 1907 1653 1962 vestimenta
1694 1922 1708 1958 :
1746 1911 1805 1957 ut
1848 1912 1973 1958 ante

395 2007 605 2062 audiret
651 2005 874 2077 populus
917 2005 1041 2075 quia
1085 2002 1371 2057 vindictam
1430 1998 1580 2054 facit.
1635 1997 1746 2065 Ego
1793 2003 1972 2050 autem

397 2098 680 2152 audiebam
730 2097 1048 2165 pr0phetam
1111 2094 1375 2148 dicentem
1426 2105 1529 2144 non
1578 2088 1642 2143 de
1681 2086 1791 2141 Deo
1835 2085 1971 2149 solo,

398 2190 491 2245 sed
534 2197 588 2244 et
633 2190 697 2243 de
734 2189 1032 2251 sacerdote,
1080 2186 1262 2241 nescio
1307 2198 1433 2254 quo,
1466 2182 1557 2252 qui
1592 2180 1811 2261 indutus
1858 2185 1976 2232 erat

396 2284 711 2340 vestimenta
745 2283 882 2337 sicut
911 2280 1182 2334 induimur
1224 2288 1279 2333 et
1316 2292 1433 2331 nos.
1466 2275 1595 2342 Qua:
1636 2282 1813 2325 autem
1842 2269 1976 2323 vidit

397 2374 660 2445 propheta
696 2372 1041 2435 vestimenta,
1076 2377 1130 2423 et
1168 2382 1287 2437 qua:
1332 2362 1639 2419 immutavit
1679 2360 1933 2414 visionem
1957 2396 1973 2422 ,

396 2482 501 2520 non
550 2472 674 2520 sunt
720 2464 822 2519 ista
878 2462 1203 2517 vestimenta
1258 2474 1379 2527 quae
1415 2471 1514 2510 nos
1571 2454 1863 2510 induimur.
1915 2450 1974 2505 Si

396 2570 572 2612 autem
618 2559 708 2625 qui
755 2554 993 2608 induitur
1041 2552 1144 2606 ista
1197 2550 1516 2604 vestimenta
1561 2548 1719 2602 homo
1761 2544 1976 2613 conspi-

397 2651 540 2705 citur
591 2649 810 2703 indutus
865 2656 921 2701 et
984 2655 1230 2709 mutans,
1281 2652 1335 2697 et
1391 2640 1693 2711 patiebatur
1756 2640 1972 2709 quidem

399 2744 492 2800 ille
532 2742 661 2797 nihil
702 2756 888 2796 eorum
930 2754 1052 2809 quae
1096 2740 1228 2792 vidit
1272 2737 1561 2806 propheta,
1612 2732 1753 2789 facta
1796 2743 1973 2787 autem

400 2847 560 2898 sunt,
598 2849 716 2903 quae
753 2832 897 2886 videt
933 2831 1191 2899 propheta
1236 2827 1311 2898 (6)
1346 2848 1358 2882 :
1405 2827 1447 2881 si
1492 2826 1557 2880 de
1602 2824 1819 2879 homine
1854 2824 1974 2887 ista,

403 2936 607 2997 quanto
638 2925 807 2994 magis
845 2925 910 2980 de
967 2922 1120 2977 Deo?
1183 2920 1386 2975 Dicitur
1436 2919 1488 2973 in
1550 2918 1811 2972 Zacharia
1851 2932 1975 2986 pro-

405 3022 602 3088 pheta:
643 3017 879 3072 Ostendit
912 3017 1041 3071 mihi
1085 3014 1226 3069 Deus
1269 3013 1453 3068 Jesum
1499 3027 1762 3067 summum
1799 3026 1972 3064 sacer-

405 3114 576 3166 dotem
612 3112 655 3144 ”
702 3130 716 3165 :
768 3110 946 3165 Jesum
998 3110 1181 3164 dicens
1242 3107 1611 3169 sacerdotem,
1663 3121 1770 3160 non
1826 3104 1972 3158 illmu
2001 3142 2044 3201 G

403 3205 635 3259 ostendit
681 3204 956 3257 Dominum
1014 3201 1193 3256 Jesum
1224 3202 1315 3270 qui
1351 3211 1434 3254 est
1465 3199 1703 3266 pontifex
1756 3196 1973 3267 pontiﬁ-

404 3313 523 3350 cum
559 3305 609 3350 et
638 3295 887 3350 sacerdos
910 3294 1269 3349 sacerdotum.
1292 3291 1367 3344 ‘Et
1393 3294 1506 3355 iste,
1540 3288 1742 3359 inquit,'
1759 3292 1973 3344 vestitus

401 3391 511 3436 erat
544 3384 844 3435 vestimenta
888 3382 1138 3444 sordida,
1172 3390 1219 3435 et
1258 3380 1431 3434 stabat
1472 3378 1715 3432 diabolus
1756 3395 1788 3431 a
1840 3379 1972 3431 dea:-

401 3474 497 3527 tris
540 3474 653 3542 ejus
707 3474 919 3542 cupiens
956 3491 1073 3527 eum
1127 3490 1310 3527 nocere
1330 3473 1399 3528 ²¹.
1452 3473 1620 3528 Erant
1666 3471 1809 3528 enim
1860 3474 1975 3540 ejus

403 3566 617 3619 sordida
659 3566 997 3620 vestimenta.
1041 3565 1195 3620 Sicut
1238 3565 1383 3622 enim
1420 3579 1601 3620 mures
1645 3566 1710 3619 ad
1760 3565 1974 3619 nidores

405 3667 731 3711 concurrunt
762 3676 774 3711 :
804 3658 875 3711 ita
904 3656 1152 3713 diabolus
1178 3667 1231 3711 et
1283 3657 1426 3711 illius
1456 3657 1728 3712 exercitus
1772 3657 1862 3711 illo
1888 3657 1976 3711 de-

407 3750 635 3805 lectatur
659 3751 869 3805 nidore.
904 3748 969 3805 Et
998 3750 1100 3805 hoc
1124 3750 1266 3820 quod
1297 3759 1415 3804 erat
1455 3744 1650 3804 lectitat
1690 3759 1774 3804 est
1801 3768 1812 3803 :
1843 3750 1973 3803 Cum

400 3843 617 3910 spiritus
652 3858 874 3912 nequam
928 3842 1115 3895 exierit
1158 3841 1223 3893 ab
1262 3841 1490 3907 homine,
1522 3841 1706 3893 circuit
1747 3842 1974 3894 desertos

403 3929 565 3997 locos,
588 3942 633 3985 et
659 3932 846 4002 quaerit
888 3931 1195 4001 requiem".
1230 3930 1389 3984 Sicut
1414 3940 1471 3985 et
1504 3945 1667 3984 canes
1716 3930 1975 3999 coquina-

407 4040 524 4079 rum
552 4026 829 4095 requirunt
865 4025 955 4079 ubi
996 4023 1238 4095 sanguis,
1266 4022 1355 4077 ubi
1399 4034 1635 4088 stercus,
1665 4023 1753 4077 ubi
1796 4023 1975 4077 inlota:

406 4117 717 4185 interaneze,
753 4126 807 4171 et
855 4117 963 4172 illic
1011 4125 1359 4171 concurrunt.
1405 4116 1470 4171 Et
1516 4116 1656 4171 sicut
1692 4116 1785 4186 qui
1840 4114 1972 4171 foris

406 4219 646 4273 currunt,
703 4209 1052 4264 adinveniunt
1090 4208 1231 4277 quod
1285 4218 1437 4278 turpe
1468 4218 1553 4263 est
1598 4208 1842 4273 verbum,
1883 4209 1972 4275 qui

405 4312 557 4357 actus
605 4300 823 4366 (mdes;
879 4300 952 4355 ita
998 4315 1121 4355 cum
1169 4298 1389 4370 spiritus
1432 4299 1740 4354 immundus
1782 4299 1974 4354 exierit

407 4392 473 4446 ab
502 4392 739 4455 homine,
771 4391 964 4446 circuit
1008 4391 1217 4445 deserta
1272 4399 1327 4444 et
1373 4390 1521 4444 arida
1565 4389 1681 4443 loca
1723 4403 1973 4459 quaerens

2075 1913 2312 1981 requiem
2342 1922 2395 1968 et
2427 1927 2530 1968 non
2556 1914 2841 1979 invenerit,
2876 1917 3080 1970 exierat
3102 1917 3245 1971 enim
3273 1918 3341 1971 ab
3379 1919 3593 1973 homine
3626 1934 3641 1974 :

2076 2003 2326 2068 Redeam,
2355 2004 2554 2074 inquit,
2579 2008 2646 2059 ad
2689 2008 2896 2060 domum
2929 2024 3093 2061 meum
3120 2010 3255 2062 unde
3280 2010 3414 2065 exivi
3434 2011 3498 2064 “.
3536 2010 3643 2066 Do-

2074 2110 2221 2151 mum
2276 2111 2428 2150 suam
2490 2106 2649 2151 vocat
2691 2099 2954 2167 eum,qui
2990 2099 3224 2153 voluerit
3283 2103 3473 2155 domus
3526 2116 3648 2159 esse

2073 2187 2211 2258 ejus.
2251 2185 2308 2241 Si
2344 2196 2524 2242 autem
2559 2188 2798 2254 redierit,
2830 2188 3025 2257 inquit,
3052 2190 3275 2257 spiritus
3308 2190 3639 2255 immundus.

2073 2288 2129 2334 et
2165 2279 2429 2334 invenerit
2483 2280 2755 2334 hominem
2820 2281 2966 2335 illum
3027 2293 3273 2350 paratum
3326 2283 3474 2337 sibi:
3518 2286 3645 2353 quia

2072 2371 2215 2424 enim
2251 2372 2385 2426 vidit
2420 2374 2654 2442 spatium
2708 2373 2761 2426 in
2820 2373 2984 2439 malo,
3030 2388 3135 2426 non
3187 2375 3302 2427 vult
3350 2375 3462 2443 jam
3501 2376 3649 2431 solus

2075 2464 2341 2530 habitare,
2371 2466 2465 2519 sed
2493 2466 2639 2520 vadit
2672 2474 2726 2520 et
2753 2464 2984 2521 assumit
3012 2465 3149 2521 alios
3175 2476 3383 2536 septem
3422 2469 3649 2539 spiritus

2074 2556 2176 2611 sibi
2223 2556 2533 2625 nequiores,
2571 2569 2625 2610 et
2674 2557 2890 2626 octuplo
2940 2567 3201 2627 quantum
3241 2558 3308 2611 ad
3358 2573 3645 2612 numerum

2075 2646 2199 2718 quia
2230 2648 2444 2717 pejores
2475 2648 2724 2703 assumit.
2763 2648 2878 2703 Non
2911 2650 3054 2703 enim
3082 2660 3345 2717 quantum
3389 2664 3648 2704 numerus

2076 2740 2419 2810 multiplicat,
2450 2749 2657 2795 tantum
2691 2741 2864 2796 solum
2897 2750 2950 2797 et
2980 2742 3183 2797 malitia
3220 2743 3384 2799 addit.
3418 2741 3492 2795 Ita
3522 2756 3645 2796 cum

2076 2835 2303 2903 ereperit
2328 2835 2449 2905 quis
2475 2836 2677 2890 moveri
2711 2837 2777 2890 ad
2813 2852 3032 2892 cursum
3066 2838 3290 2902 malum,
3321 2847 3414 2891 aut
3440 2838 3505 2891 ad
3529 2846 3647 2892 tur-

2076 2939 2197 2995 pem
2227 2925 2493 2996 loquelam
2523 2941 2676 2981 suam
2704 2927 2977 2995 paraverit
3004 2927 3274 2997 linguam;
3309 2927 3513 2982 invenit
3535 2928 3644 2996 spi-

2079 3018 2217 3073 ritus
2242 3018 2554 3073 immundus
2581 3030 2991 3088 operamentum
3019 3018 3128 3087 jam
3174 3020 3466 3089 incipiente
3499 3020 3639 3076 mala

2078 3110 2146 3165 ab
2182 3108 2424 3175 homine,
2476 3118 2530 3163 et
2576 3110 2820 3181 suggerit
2863 3110 3066 3178 pejora,
3106 3119 3161 3164 et
3196 3109 3359 3165 ellicit
3394 3111 3493 3165 ista
3522 3126 3644 3179 qme

2077 3211 2133 3256 et
2162 3202 2379 3256 videtis.
2418 3201 2534 3257 Non
2567 3202 2710 3255 enim
2744 3210 2827 3256 est
2857 3201 3001 3271 quod
3045 3202 3242 3256 videtis
3282 3210 3513 3267 tantum,
3551 3202 3645 3257 sed

2076 3293 2448 3361 unusquisque
2495 3306 2684 3345 eorum
2716 3300 2920 3361 septem
2957 3300 3011 3345 et
3040 3292 3222 3361 plures
3263 3303 3405 3347 sunt.
3438 3290 3570 3347 Nam
3596 3301 3650 3345 et

2079 3383 2259 3453 plures
2308 3382 2510 3437 habent
2539 3383 2829 3436 dzemones.
2870 3382 2927 3436 Si
2954 3384 3080 3452 quis
3125 3393 3303 3437 autem
3342 3384 3641 3438 recedenti-

2077 3475 2176 3530 bus
2203 3474 2558 3535 da'monibus.
2593 3474 2734 3527 sicut
2783 3474 3044 3527 ebrietate
3077 3475 3379 3537 recedente,
3412 3476 3643 3529 voluerit

2083 3568 2446 3639 interrogare,
2489 3569 2531 3623 si
2574 3578 2751 3622 tamen
2785 3577 2840 3621 et
2875 3568 3160 3636 agnoverit
3189 3565 3417 3634 aliquem
3455 3581 3642 3620 eorum

2078 3660 2170 3728 qui
2209 3674 2353 3713 nunc
2383 3659 2692 3728 gloriantur
2720 3659 2772 3712 in
2807 3655 3231 3724 turpitudinibus
3263 3654 3398 3718 suis,
3432 3655 3546 3724 ipse
3572 3657 3645 3710 sit

2076 3752 2163 3821 qui
2208 3750 2438 3807 faciebat
2470 3753 2605 3814 haec,
2649 3760 2740 3804 aut
2782 3748 2929 3813 fecit,
2975 3757 3068 3801 aut
3103 3747 3312 3801 locutus
3343 3755 3466 3813 est;
3520 3760 3646 3801 vere

2076 3845 2305 3901 edicitur
2352 3845 2480 3900 illud
2532 3844 2883 3913 apostolicum
2935 3841 3135 3896 dictum
3170 3856 3183 3893 :
3214 3839 3365 3906 Quod
3417 3839 3647 3909 fructum

2080 3938 2349 3991 habebatis
2381 3946 2526 4001 tunc,
2556 3937 2608 3989 in
2632 3936 2817 4006 quibus
2844 3950 2979 3988 nunc
3004 3931 3485 4001 confundimini“?
3523 3928 3645 3984 Sic-

2076 4038 2133 4081 ut
2172 4029 2316 4082 enim
2382 4042 2522 4081 nunc
2570 4028 2815 4081 videmus
2874 4026 3179 4079 immundos
3226 4024 3449 4094 Spiritus
3502 4023 3646 4076 acci-

2076 4121 2285 4190 pientes
2320 4119 2685 4180 occasionem,
2735 4117 2982 4186 persequi
3014 4132 3075 4171 ea
3120 4131 3239 4185 quae
3283 4114 3479 4169 similia
3515 4122 3644 4169 sunt

2076 4212 2319 4267 sibizita
2364 4218 2420 4265 et
2480 4219 2608 4263 tunc
2657 4209 2780 4277 quia
2832 4208 3050 4263 sordida
3122 4217 3278 4262 erant
3326 4207 3649 4262 vestimenta

2075 4303 2378 4359 sacerdotis
2415 4301 2535 4372 ejus
2584 4302 2676 4369 qui
2728 4299 2906 4356 fuerat
2962 4301 3129 4365 visus,
3171 4301 3348 4355 stabat
3406 4298 3650 4354 diabolus

2076 4396 2143 4449 ad
2203 4395 2480 4449 dexteram
2549 4391 2663 4470 ejus
2721 4392 2941 4461 cupiens
3009 4406 3133 4446 eum
3195 4405 3387 4444 nocere
3432 4398 3651 4458 propter

409 4489 669 4552 requiem,
720 4485 844 4552 quia
894 4498 998 4537 non
1042 4482 1338 4537 delectatur
1384 4497 1593 4553 pacem,
1646 4497 1819 4554 neque
1862 4482 1973 4538 vult

2079 4487 2293 4543 sordida
2335 4486 2683 4541 vestimenta.
2735 4484 2925 4538 Stabat
2979 4494 3158 4538 autem
3191 4492 3244 4536 et
3276 4481 3498 4551 angelus
3531 4478 3643 4532 Dei.

408 4576 731 4640 habitacula,
756 4578 848 4631 sed
879 4577 1089 4630 deserta
1122 4575 1339 4645 quaerit,
1369 4586 1461 4630 aut
1502 4586 1698 4630 terram
1731 4585 1823 4631 aut
1852 4577 1970 4630 aui-

410 4684 551 4721 tnant
578 4668 789 4737 quaerit.
828 4666 937 4722 Nec
962 4668 1047 4720 ubi
1070 4682 1259 4720 aurum
1292 4668 1449 4723 malis
1490 4669 1696 4723 artibus
1729 4683 1969 4724 comma-

407 4760 684 4814 chinatum
726 4770 809 4814 est
847 4761 899 4813 in
944 4760 1249 4815 simulacris
1277 4760 1495 4828 quaerit,
1524 4775 1624 4814 nec
1648 4761 1737 4814 ubi
1782 4776 1973 4829 argen-

409 4860 519 4904 tum
568 4850 706 4904 male
751 4838 1047 4904 conﬂatuui
1092 4858 1258 4905 estut
1302 4850 1640 4904 adoraretur.
1678 4851 1861 4906 Sicubi
1903 4852 1968 4904 li-

407 4924 569 5007 gnum
605 4957 693 4995 ars
723 4950 815 4996 aut
842 4940 1037 4995 idolum
1071 4940 1311 5011 sculpsit,
1361 4941 1531 4996 sicubi
1566 4941 1794 5011 lapidem
1849 4958 1966 4998 ere-

408 5043 604 5089 xerunt
634 5050 824 5090 manus
858 5035 923 5088 ad
956 5033 1278 5101 colendum;
1334 5033 1467 5088 tales
1515 5036 1707 5105 quarrit
1751 5038 1963 5107 requies

411 5126 630 5192 spiritus
674 5128 999 5181 immundus.
1051 5125 1232 5180 Sicubi
1285 5126 1524 5196 sanguis,
1558 5127 1733 5183 sicubi
1784 5131 1965 5196 nidor,

413 5214 587 5277 sicubi
622 5220 969 5281 seducantur,
1006 5217 1178 5288 siculi
1206 5217 1440 5277 theatra.
1476 5217 1650 5271 sicubi
1684 5219 1811 5273 nudi
1843 5235 1971 5274 cur-

444 5318 617 5373 entes,
650 5310 818 5365 sicubi
852 5311 1024 5379 turpia
1051 5309 1358 5377 loquentes,
1407 5316 1466 5362 et
1496 5308 1733 5375 turpiora
1779 5312 1974 5367 admit-

431 5411 610 5470 -.ntes,
651 5415 705 5458 et
742 5404 883 5460 sicut
925 5404 1102 5472 apium
1145 5403 1430 5472 progenies
1478 5403 1970 5473 acerrimiquidam

479 5589 526 5621 ⁸⁸
562 5589 726 5649 Zach.
763 5606 844 5656 Ill,
876 5592 926 5645 1.
1000 5589 1042 5622 ¹¹
1084 5590 1212 5645 ibid.
1247 5590 1299 5644 8.

445 5709 561 5832 [(62
618 5708 715 5763 Ms.
770 5707 930 5763 Facta
976 5717 1146 5762 autem
1194 5716 1311 5761 sunt
1361 5707 1460 5764 ista
1496 5724 1611 5780 qua:
1647 5706 1804 5771 vides,
1856 5723 1973 5777 pro-

460 5795 579 5832 ictu.

412 5795 473 5836 ΠΙ(
482 5795 579 5833 ιἸη.

1410 5591 1453 5623 ³⁸
1478 5588 1665 5645 Matth.
1690 5604 1785 5653 xu,
1819 5581 1905 5645 45.

2003 5593 2048 5626 ’³
2072 5594 2200 5650 ibid.
2228 5591 2318 5645 44.

2080 4575 2149 4629 Et
2186 4576 2333 4641 dicit,
2379 4574 2574 4642 inquit,
2620 4572 2835 4643 angelus
2882 4571 2972 4625 Dei
3011 4569 3519 4639 diabolo:lncrepet
3555 4568 3647 4621 tibi

2078 4668 2358 4721 Dominus.
2410 4664 2549 4731 Hoc,
2600 4665 2792 4734 inquit,
2828 4665 3065 4718 relictum
3111 4674 3183 4716 est
3222 4664 3285 4715 ab
3325 4664 3461 4730 igne,
3485 4670 3532 4713 ct
3573 4661 3647 4714 vis

2077 4777 2197 4813 eum
2238 4758 2635 4813 comburere”?
2682 4758 2749 4811 Et
2792 4766 2914 4827 post
2967 4756 3072 4809 hoc
3129 4754 3381 4823 praacepit
3428 4750 3649 4821 angelus

2078 4850 2278 4905 auferri
2316 4865 2343 4903 a
2393 4851 2679 4905 sacerdote
2716 4848 2931 4903 sordida
2973 4847 3311 4909 vestimenta,
3360 4854 3410 4898 et
3457 4845 3642 4899 vestiri

2077 4959 2201 4999 eum
2241 4944 2460 4998 munda.
2491 4943 2557 4997 Et
2581 4942 2835 4998 sacerdos
2855 4939 3071 5011 quidem
3101 4939 3191 5007 qui
3225 4937 3503 4991 videbatur
3534 4952 3639 4990 non

2083 5035 2311 5099 aderat;
2350 5034 2443 5088 sed
2484 5035 2778 5089 constituto
2821 5046 2886 5086 eo
2927 5030 3075 5095 alibi,
3122 5031 3402 5084 videbatur
3446 5045 3473 5082 a
3525 5043 3643 5095 pro—

2081 5128 2263 5196 pheta,
2294 5135 2349 5182 et
2372 5127 2589 5182 sordida
2619 5126 2845 5181 vestitus
2870 5135 2989 5178 erat
3024 5122 3363 5186 vestimenta,
3387 5122 3476 5177 illo
3507 5120 3645 5175 forte

2078 5218 2311 5273 candida
2347 5219 2567 5274 vestito.
2623 5215 2688 5269 Et
2735 5216 2930 5270 iterum
2981 5216 3297 5270 imntutatur
3328 5214 3445 5282 ejus
3480 5213 3643 5267 vestis

2078 5314 2171 5385 qui
2213 5313 2496 5368 videbatur
2539 5327 2567 5364 a
2616 5312 2899 5380 propheta.
2929 5320 2982 5365 et
3022 5310 3108 5364 ille
3156 5326 3262 5363 non
3296 5308 3518 5362 mutavit
3550 5306 3641 5375 qui

2080 5425 2187 5463 non
2224 5418 2342 5463 erat
2372 5409 2422 5459 iu
2456 5406 2680 5459 visione.
2717 5405 2782 5458 Et
2812 5405 3061 5475 provenit
3096 5416 3352 5475 quantum
3389 5407 3452 5459 ad
3483 5404 3641 5458 visio-

2417 5591 2463 5623 “
2500 5591 2653 5645 Rom.
2683 5589 2865 5655 vr,2|.
2943 5590 2988 5621 "
3021 5589 3182 5647 Zach.
3220 5589 3359 5657 "1,2

2152 5708 2228 5781 (7)
2260 5707 2355 5764 Ms.
2387 5706 2488 5763 Ubi
2522 5709 2604 5764 dei
2633 5706 3006 5763 adulterantes.
