4050 6206
404 315 543 371 llf9

1076 309 1337 364 EUSEBII
1377 304 1856 364 CESARIENSIS
1893 304 2046 359 ()PP.
2087 301 2265 357 PARS
2302 301 2390 357 IV.
2430 331 2502 343 ——
2536 295 2953 355 DOGMATICA.

3503 294 3649 346 ΗΞο

407 448 552 496 nem,
595 428 867 499 duplicem
903 442 1023 482 esse
1063 433 1397 484 sacerdotem
1439 427 1621 482 istum.
1659 426 1787 480 Erat
1824 425 1967 480 enim
1999 428 2045 481 Α
2074 421 2289 478 videbat
2331 420 2470 474 Deus
2533 418 2747 472 athleta:
2789 428 3063 470 coronam.
3116 411 3256 482 Ergo
3312 425 3435 466 cum
3488 410 3655 464 εει-ἰ·-

404 534 457 575 et
485 523 642 575 homo
690 520 754 574 ad
796 519 1142 588 semetipsum
1184 518 1292 582 ille,
1323 529 1377 572 et
1409 517 1592 586 utique
1618 532 1723 571 nec
1752 515 1965 570 sordida

408 615 638 667 habebat
663 611 1003 676 vestimenta,
1037 626 1211 680 neque
1244 609 1551 665 immutavit
1582 624 1706 664 cum
1748 608 1853 662 isto
1875 608 1965 677 qui

408 704 459 755 in
491 702 698 756 visione
727 710 844 754 erat
884 700 1048 755 visus.
1086 700 1294 771 Agente
1340 710 1517 754 autem
1555 714 1619 754 eo
1644 707 1697 753 et
1718 698 1887 761 salvo,
1913 707 1967 752 et

407 800 601 860 agente
650 790 700 844 in
741 790 823 845 his
860 790 994 844 locis
1036 791 1088 845 in
1126 791 1320 860 quibus
1362 800 1481 845 erat
1512 790 1791 859 propheta,
1835 789 1970 844 vidit

407 900 553 946 eum,
586 898 689 937 non
732 883 904 951 ipsum
938 884 1103 946 videt,
1136 892 1189 937 et
1218 899 1338 938 eum
1372 893 1688 951 praesentem
1719 882 1968 937 vestitum

410 972 623 1026 sordida
648 973 989 1040 vestimenta,
1020 988 1137 1042 quae
1170 989 1273 1027 non
1304 974 1532 1027 habebat
1563 972 1669 1038 ille,
1696 988 1793 1027 nec
1826 972 1969 1027 enim

410 1072 565 1117 erant
597 1064 919 1118 vestimenta
968 1065 1059 1119 sed
1106 1073 1347 1133 peccata.
1385 1063 1707 1120 Vestimenta
1754 1066 1969 1135 quidem

411 1162 595 1221 utpote
639 1153 872 1208 hominis
911 1163 1068 1208 erant
1121 1154 1346 1208 candida
1400 1172 1414 1208 :
1453 1155 1540 1209 ubi
1594 1166 1771 1210 autem
1806 1157 1971 1211 vesti-

415 1253 593 1298 menta
630 1259 732 1296 non
752 1253 930 1307 erant,
952 1244 1273 1297 vestimenta
1306 1252 1526 1313 peccata
1552 1257 1706 1299 erant
1733 1246 1971 1300 sordida.

413 1336 544 1400 Quia
578 1335 720 1387 enim
757 1346 979 1403 peccata
1012 1346 1188 1402 erant,
1226 1336 1441 1390 sordida
1474 1338 1795 1392 vestimenta
1821 1338 1972 1393 dicit.

414 1426 545 1493 Quia
577 1434 753 1481 autem
787 1429 1021 1496 peccatis
1042 1429 1343 1483 delectatur
1372 1429 1635 1492 diabolus,
1669 1431 1857 1484 adorat
1883 1447 1978 1500 per

414 1516 672 1571 visionem
704 1534 717 1569 :
748 1517 835 1571 ubi
867 1517 1009 1571 enim
1038 1528 1156 1572 erat
1186 1519 1360 1585 nidor,
1402 1519 1507 1574 illic
1533 1521 1747 1575 sordida
1769 1521 1977 1575 anima-

417 1605 485 1659 lia
518 1624 531 1661 :
562 1607 649 1661 ubi
686 1617 982 1676 peccatum,
1033 1608 1139 1662 illic
1178 1609 1497 1663 adinventor
1537 1610 1603 1664 ab
1658 1610 1809 1666 initio
1852 1626 1977 1679 pec—

416 1696 544 1752 cati.
575 1697 835 1767 Objurgal
876 1699 1040 1768 igitur
1073 1700 1295 1769 angelus
1326 1712 1645 1770 praesentem
1679 1702 1976 1766 diabolum,

2072 526 2233 587 ptura
2283 513 2483 583 aliquid
2536 519 2753 581 propter
2808 524 2906 565 nos
2950 506 3204 576 loquitur,
3250 520 3357 560 nou
3398 514 3646 561 nostram

2069 606 2439 663 infirmitatem
2465 603 2574 659 Deo
2608 602 2729 657 forti
2763 600 3116 672 applicemus.
3152 597 3210 651 Si
3234 597 3378 651 enim
3426 596 3481 651 in
3520 611 3649 651 cor-

2068 714 2205 769 pore
2232 709 2285 753 et
2317 699 2369 752 in
2406 710 2572 751 carne
2618 704 2762 750 totus
2808 700 3107 750 conventus
3142 692 3446 747 daemonum
3495 690 3645 758 legio

2072 791 2125 845 in
2184 790 2475 860 Evangelia
2521 790 2699 843 dictus
2735 796 2819 842 est
2838 787 2906 849 ⁸⁸,
2954 795 3010 839 et
3054 799 3160 840 non
3212 784 3467 839 sustinuit
3516 782 3645 837 Filii

2070 884 2162 939 Dei
2211 882 2586 953 praesentiam;
2625 893 2747 933 nam
2778 888 2833 934 et
2860 876 3106 932 diabolus
3151 876 3267 946 ipse
3302 876 3352 931 in
3377 890 3638 944 corpore,

2071 985 2266 1045 agente
2308 973 2445 1027 Filio
2480 972 2572 1028 Dei
2613 987 2716 1026 non
2762 970 2861 1025 fuit
2909 985 3071 1025 ausus
3104 968 3357 1023 accedere
3383 968 3634 1036 quandiu

2072 1066 2323 1128 esuriret,
2361 1073 2415 1117 et
2450 1064 2766 1117 immitteret
2803 1061 2852 1116 ei
2879 1060 3131 1129 laqueum
3175 1074 3271 1127 per
3319 1057 3575 1126 ejusmodi
3610 1075 3631 1112 τ

2075 1157 2525 1228 quemadmodum
2583 1168 2873 1224 possumus
2916 1153 3025 1220 pati
3073 1162 3129 1205 et
3168 1150 3349 1204 dicere
3369 1149 3484 1219 quia
3516 1149 3640 1204 dia-

2077 1250 2228 1305 bolus
2264 1250 2370 1304 Deo
2411 1263 2475 1302 ex
2514 1247 2824 1315 aequalitate
2876 1245 3085 1300 locutus
3119 1243 3240 1298 est?
3275 1243 3374 1298 Cui
3398 1252 3454 1296 et
3478 1255 3637 1309 ange-

2077 1341 2157 1396 lus
2200 1342 2292 1395 Dei
2335 1341 2463 1394 dicit
2496 1358 2509 1394 :
2538 1339 2772 1408 lncrepet
2822 1337 2914 1391 tibi
2966 1335 3101 1390 Deus
3120 1336 3186 1389 ”.
3229 1335 3296 1389 Et
3342 1334 3468 1403 quid
3511 1335 3626 1387 dico

2077 1431 2297 1502 angelus
2333 1430 2464 1484 Dei?
2508 1429 2765 1484 Vermes:
2796 1429 2889 1499 qui
2936 1441 3034 1482 nec
3079 1426 3279 1481 vermis
3322 1425 3629 1494 accepimus

2079 1525 2329 1579 virtutem
2368 1523 2420 1577 iu
2452 1523 2667 1576 nomine
2693 1522 2895 1587 crucis,
2929 1530 2985 1575 ut
3018 1520 3347 1589 imperemus
3384 1518 3647 1572 damoni-

2078 1617 2179 1671 bus
2211 1625 2264 1669 et
2288 1614 2521 1679 diabolo,
2555 1629 2756 1682 eosque
2798 1612 3063 1681 fugamus.
3113 1610 3168 1665 Si
3215 1610 3378 1679 igitur
3416 1623 3517 1664 nos
3562 1608 3651 1662 in—

2082 1723 2388 1776 crepamus,
2418 1707 2555 1760 Deus
2582 1706 2647 1760 ad
2679 1704 3087 1760 collocutiouem
3131 1702 3298 1755 venit.
3330 1701 3396 1754 Et
3418 1709 3570 1755 certe
3603 1700 3652 1754 si

417 1801 467 1843 et
492 1791 738 1860 prmcipit
768 1805 979 1845 mutare
1005 1793 1322 1847 vestimenta
1346 1794 1663 1857 sacerdotis,
1693 1802 1746 1848 et
1778 1795 1978 1848 auferri
2012 1769 2052 1823 Β
2085 1809 2406 1869 acceperunt
2435 1806 2756 1868 potestatem
2806 1796 3052 1849 homines
3082 1792 3295 1847 Domini
3324 1791 3539 1847 calcare
3572 1791 3655 1845 vi-

418 1884 487 1936 ab
514 1898 578 1937 eo
607 1885 848 1947 sordida,
886 1887 1071 1940 vestiri
1108 1897 1283 1939 autem
1327 1902 1447 1939 eum
1490 1887 1706 1951 munda,
1736 1896 1789 1941 et
1816 1887 1982 1940 inter-

418 1984 662 2042 pretatur
691 1976 1056 2042 efficientiam,
1087 1990 1141 2033 et
1172 1978 1302 2033 dicit
1333 2000 1345 2034 :
1377 1978 1528 2042 Ecce,
1569 1980 1758 2047 inquit,
1789 1979 1983 2033 abstuli

417 2081 447 2117 a
484 2075 532 2119 te
567 2079 778 2132 peccata
829 2076 921 2120 tua
942 2069 1009 2122 ".
1047 2069 1102 2123 Si
1140 2069 1255 2122 ista:
1304 2070 1443 2123 circa
1496 2069 1763 2123 hominem
1808 2080 1983 2125 vestes

420 2169 523 2209 non
554 2166 708 2208 erant
741 2164 941 2221 vestes,
969 2158 1061 2211 sed
1092 2159 1249 2211 modo
1271 2158 1484 2227 quidem
1525 2170 1869 2227 peccatorum
1900 2160 1983 2213 in-

418 2246 612 2314 signia,
653 2248 811 2301 modo
841 2257 1019 2301 autem
1064 2248 1351 2317 puritatis:
1380 2264 1550 2318 quare
1589 2266 1650 2304 ea
1689 2266 1808 2320 qua:
1836 2251 1981 2305 circa

422 2337 689 2393 hominem
730 2351 856 2394 sunt
908 2341 1179 2409 descripta
1222 2342 1544 2397 vestimenta
1600 2359 1702 2397 non
1750 2345 1983 2413 suscipi-

420 2446 558 2492 mus,
595 2434 721 2501 quia
755 2434 897 2486 circa
934 2434 1207 2489 hominem
1240 2434 1450 2489 fuerant
1494 2452 1612 2505 quae
1645 2448 1699 2490 et
1730 2436 1983 2503 vestitur;

420 2537 540 2589 quze
568 2534 744 2578 autem
793 2525 939 2578 circa
983 2524 1150 2578 Deum
1186 2525 1438 2579 dicuntur
1469 2526 1819 2589 vestimenta,
1854 2540 1986 2580 con-

424 2615 693 2670 tendimus
714 2630 833 2671 esse
858 2618 1209 2672 vestimenta?
1233 2616 1412 2671 Multis
1440 2617 1652 2672 denudo
1684 2619 1836 2673 vobis
1862 2634 1983 2673 om-

421 2720 542 2760 nem
580 2717 789 2774 partem
839 2707 993 2762 istam
1044 2706 1356 2777 Scriptum.
1400 2707 1511 2763 Nec
1539 2708 1694 2763 Jesus
1730 2711 1984 2765 sacerdos

421 2796 512 2852 ille
541 2799 725 2853 aderat
748 2799 875 2863 illic,
917 2816 1021 2854 non
1053 2801 1196 2854 enim
1230 2802 1456 2855 aderat:
1486 2804 1578 2856 sed
1611 2816 1707 2856 nec
1738 2802 1984 2859 diabolus

422 2891 627 2957 aderat,
663 2907 838 2962 neque
865 2892 1087 2962 angelus
1109 2895 1319 2959 aderat,
1345 2895 1438 2948 sed
1473 2904 1643 2947 totum
1676 2904 1794 2948 erat
1825 2895 1981 2949 visio.

422 2982 488 3036 Et
510 2984 764 3039 sacerdos
791 2985 1008 3052 quidem
1044 2996 1261 3054 prepter
1293 2995 1576 3054 peccatum
1617 2996 1842 3054 apparet
1867 3002 1983 3041 sor-

423 3074 563 3130 didis
594 3077 926 3131 vestimentis
971 3078 1333 3146 indutus;qui
1389 3092 1491 3131 non
1542 3086 1596 3132 et
1647 3079 1851 3140 aderat,
1885 3093 1983 3133 nec

422 3176 540 3219 erat
567 3168 790 3220 vestitus
820 3169 1034 3222 sordida
1074 3168 1417 3224 vestimenta.
1454 3169 1517 3223 Et
1544 3170 1789 3223 diabolus
1819 3168 1980 3223 veluti

423 3259 657 3319 videtur,
688 3260 812 3328 quia
857 3260 976 3314 istis
1021 3262 1216 3315 talibus
1244 3264 1460 3332 gaudet,
1498 3272 1552 3315 et
1583 3263 1647 3315 ad
1686 3263 1817 3317 istos
1851 3262 1985 3317 tales

423 3350 682 3419 exsurgit.
719 3350 787 3403 Et
810 3351 1029 3421 angelus
1061 3352 1219 3406 veluti
1272 3352 1418 3408 visus
1451 3363 1551 3419 est,
1586 3362 1644 3406 ut
1673 3353 1984 3409 ostendere-

425 3453 513 3495 tur
566 3443 688 3510 quia
735 3458 830 3511 per
871 3445 1089 3514 angelos
1133 3445 1294 3514 justis
1353 3447 1586 3501 ellicitur
1634 3446 1982 3514 adiutorium,

424 3535 595 3603 magis
640 3547 817 3590 autem
862 3551 955 3604 pro
994 3538 1364 3603 peccatoribus
1416 3539 1804 3608 pmnitentibus
1852 3554 1985 3609 gau-

426 3626 595 3680 dium.
650 3624 758 3680 Nec
803 3629 946 3681 enim
996 3629 1121 3682 illud
1172 3639 1417 3697 putemus
1442 3631 1581 3685 sicut
1618 3643 1671 3685 et
1715 3640 1985 3697 putamus,

425 3716 547 3784 quia
578 3727 629 3770 et
659 3718 709 3770 in
732 3717 829 3772 Job
859 3718 994 3773 libro
1020 3719 1261 3773 diabolus
1286 3721 1470 3774 aderat
1489 3731 1612 3775 ante
1641 3731 1983 3790 conspectum

429 3808 552 3872 Dei,
600 3817 653 3861 et
703 3808 897 3861 locutio
951 3818 1068 3862 erat
1136 3810 1225 3865 Dei
1286 3826 1406 3863 cum
1448 3811 1658 3865 diabolo
1696 3828 1759 3866 ex
1811 3827 1987 3880 mqua-

425 3898 654 3954 litate".
711 3901 776 3954 Et
821 3902 955 3955 dixit
996 3903 1270 3965 Dominus,
1317 3911 1371 3955 et
1423 3904 1559 3957 dixit
1614 3904 1895 3969 diabolus,
1934 3914 1986 3958 et

427 3990 773 4061 interrogavit
843 3990 1093 4048 Dominus
1175 3993 1481 4060 diabolum,
1551 3994 1685 4049 unde
1746 3997 1981 4051 uenisti?

427 4079 532 4134 Sed
577 4081 685 4134 lucc
731 4083 794 4133 ad
835 4082 1156 4136 auditionem
1203 4093 1434 4136 vestram
1485 4083 1625 4137 velut
1688 4087 1987 4153 composita

428 4174 774 4231 inducuntur.
824 4175 1015 4229 Totum
1069 4184 1246 4230 autem
1296 4175 1426 4230 illud
1468 4186 1551 4230 est
1591 4178 1856 4244 quomodo
1890 4175 1988 4231 Job

431 4264 645 4333 quidem
680 4274 797 4319 erat
840 4265 923 4318 vir
970 4265 1477 4335 irreprehensibilis,
1518 4267 1761 4321 diabolus
1810 4279 1986 4323 autem

427 4355 655 4410 invidus.
707 4357 788 4411 Ad
846 4359 1141 4412 istiusmodi
1192 4369 1245 4413 et
1299 4360 1439 4414 Deus
1502 4359 1752 4415 defensor
1797 4361 1986 4413 horum

2084 1908 2239 1960 peras
2281 1900 2334 1947 et
2382 1892 2695 1959 scorpiones
2743 1898 2796 1943 et
2837 1902 3051 1941 omnem
3089 1887 3347 1940 virtutem
3392 1885 3656 1939 adversa-

2084 1984 2238 2049 rii”;
2283 1982 2327 2036 si
2377 1982 2623 2036 homines
2670 1988 2996 2049 acceperunt
3040 1975 3652 2047 potestatem-calcare,

2085 2076 2225 2127 Deus
2248 2089 2310 2127 ex
2352 2072 2659 2140 aequalitate
2690 2072 2930 2139 loquitur
2971 2070 3019 2122 ei
3056 2069 3148 2139 qui
3180 2067 3466 2121 calcatur?
3490 2066 3651 2121 Venit

2087 2165 2297 2220 diabolo
2351 2165 2575 2229 fortior;
2627 2165 2849 2218 vincens
2888 2177 3011 2216 eum
3062 2160 3267 2230 ligavit.
3311 2158 3421 2214 Leo
3464 2171 3646 2213 autem

2085 2259 2305 2328 ligatus,
2363 2273 2463 2312 nec
2507 2266 2566 2311 ut
2608 2258 2761 2311 canis
2804 2263 3001 2325 potest.
3044 2252 3206 2308 Forte
3255 2265 3429 2307 autem
3473 2252 3646 2314 dices,

2084 2354 2208 2422 quia
2237 2351 2283 2405 si
2313 2351 2535 2405 veniens
2572 2350 2724 2413 vicit,
2764 2348 2984 2401 vincens
3026 2345 3232 2414 ligavit,
3262 2354 3313 2397 et
3352 2344 3523 2412 ligans
3556 2342 3649 2395 de-

2084 2444 2163 2495 dit
2190 2441 2411 2503 calcari,
2453 2455 2559 2493 non
2595 2438 2812 2507 quidem
2840 2438 2912 2490 sit
2945 2435 3071 2489 talis
3104 2451 3117 2486 :
3150 2444 3268 2487 tunc
3306 2443 3481 2485 autem
3512 2446 3636 2483 cunt

2088 2542 2257 2596 esset,
2303 2531 2400 2584 sub
2440 2527 2540 2583 Job
2580 2534 2699 2581 erat
2730 2544 2743 2579 :
2776 2526 2951 2579 adhuc
3007 2523 3095 2577 ille
3156 2530 3356 2593 poterat
3386 2519 3639 2573 fiduciam

2086 2627 2286 2682 habere
2314 2640 2326 2675 :
2354 2622 2589 2677 nondum
2635 2621 2775 2674 enim
2822 2630 2933 2673 erat
2965 2618 3157 2689 ligatus
3187 2613 3504 2669 hominibus.
3536 2609 3646 2665 Pu-

2096 2724 2179 2770 tas
2216 2715 2287 2768 sit
2329 2715 2485 2782 lupus
2526 2722 2714 2782 potens
2744 2708 3028 2763 adversum
3067 2720 3217 2768 oves,
3256 2705 3301 2759 si
3342 2710 3520 2757 autem
3550 2718 3651 2771 po-

2087 2821 2203 2863 teus
2228 2815 2280 2862 et
2304 2807 2585 2860 adversum
2617 2804 2821 2857 leonem
2844 2801 2868 2854 ἳ
2907 2810 2964 2853 ιιι
2987 2800 3057 2853 ita
3083 2795 3478 2868 quodammodo
3498 2809 3649 2851 00m-

2087 2898 2461 2971 parationibus
2506 2905 2721 2949 utamur
2769 2903 2985 2962 propter
3021 2891 3323 2944 fortiorem.
3356 2886 3470 2941 Non
3505 2887 3651 2942 enim

2087 2990 2404 3061 ampliorem
2453 2987 2662 3057 accepit
2715 2985 2969 3039 virtutem
3021 2999 3051 3037 a
3104 2997 3335 3051 corpore
3394 2980 3652 3035 Dominus

2085 3083 2261 3148 Jesus,
2292 3093 2350 3135 ut
2375 3088 2657 3150 superaret
2701 3077 2993 3132 diabolum.
3027 3074 3133 3129 Sed
3164 3089 3264 3129 cur
3297 3074 3411 3141 ipsa
3458 3081 3514 3126 et
3542 3070 3654 3125 col-

2091 3175 2311 3230 luctatio
2337 3172 2477 3227 facta
2500 3171 2621 3227 est?
2652 3170 2787 3237 Quia
2814 3170 2959 3222 enim
2987 3166 3239 3238 produxit
3260 3180 3460 3235 agnum
3493 3164 3644 3233 lupo:

2087 3265 2243 3334 lupus
2283 3273 2461 3317 autem
2504 3261 2691 3315 videns
2740 3273 2937 3326 agnum
2975 3256 3065 3324 qui
3105 3256 3391 3311 videbatur
3424 3270 3493 3309 ex
3520 3269 3650 3308 con-

2087 3356 2371 3411 suetudine
2403 3368 2708 3418 accurrere,
2736 3362 2784 3404 et
2819 3361 2967 3405 extra
2991 3348 3439 3403 consuetudinem
3471 3348 3649 3402 deten-

2089 3453 2175 3500 tus
2204 3453 2307 3497 est.
2349 3443 2403 3497 Si
2439 3443 2581 3495 enim
2614 3441 2848 3495 maxime
2892 3450 2947 3494 ct
2990 3439 3241 3492 inimicus
3279 3447 3530 3498 vocatur,
3556 3437 3647 3489 ad-

2087 3536 2359 3591 versarius
2390 3532 2639 3587 diabolus
2668 3545 2683 3585 :
2709 3532 2834 3601 quia
2859 3532 3001 3586 enim
3038 3539 3090 3584 et
3116 3528 3318 3585 inimici
3348 3530 3529 3583 crucis
3555 3529 3635 3581 di-

2087 3636 2281 3682 cuntur
2325 3625 2570 3680 homines
2602 3623 2678 3693 (8)
2725 3639 2876 3678 :non
2917 3624 3041 3694 quia
3094 3622 3345 3677 inimicus
3403 3623 3649 3677 nOmina-

2091 3730 2197 3784 tur,
2236 3717 2348 3787 jam
2384 3717 2607 3787 azqualis
2636 3724 2740 3772 est.
2784 3715 2898 3770 Non
2934 3716 3076 3771 enim
3122 3715 3402 3785 aequaliter
3428 3714 3637 3768 habens

2089 3808 2341 3863 virtutem
2379 3808 2578 3861 dicitur
2634 3808 3003 3875 adversarius,
3067 3808 3160 3861 sed
3211 3807 3328 3862 ideo
3366 3807 3519 3875 quia'
3550 3819 3657 3858 non

2090 3898 2263 3967 placet
2310 3900 2419 3952 Deo
2440 3899 2555 3969 ejus
2592 3898 2917 3968 malignitas.
2963 3896 3077 3952 Non
3125 3899 3263 3952 sicut
3297 3898 3533 3951 tenebrae
3573 3898 3656 3949 vi-

2091 3991 2284 4045 dentur
2334 3990 2521 4045 lumini
2574 4006 2643 4043 ex
2688 3991 2880 4057 aequali
2913 3991 3112 4044 virtute
3147 3989 3492 4051 adversariae,
3530 3990 3656 4057 quia

2092 4092 2241 4136 tanta
2264 4083 2505 4137 detinent
2537 4084 2709 4150 spatia
2743 4083 2997 4146 tenebrae,
3036 4090 3238 4150 quanta
3264 4092 3317 4135 et
3347 4081 3538 4133 lumen.
3592 4080 3652 4132 Si

2091 4184 2272 4226 autem
2298 4183 2353 4227 et
2382 4173 2485 4228 hoc
2518 4172 2647 4237 tale,
2676 4187 2779 4228 non
2813 4173 2883 4226 ita
2918 4173 3234 4227 adversatur
3258 4174 3491 4227 diabolus
3517 4172 3648 4233 Deo,

2092 4280 2197 4319 non
2244 4280 2309 4319 ex
2347 4266 2677 4333 :cquaiitate,
2704 4268 2799 4320 sed
2843 4266 2966 4335 quia
2992 4264 3134 4320 Deus
3165 4265 3395 4335 tualigno
3418 4279 3521 4317 non
3555 4263 3653 4316 de-

2098 4356 2328 4411 lectatur
2354 4375 2369 4413 :
2400 4366 2456 4411 et
2492 4373 2556 4412 ex
2594 4370 2660 4411 eo
2702 4357 2847 4425 quod
2889 4358 3139 4422 vertitur,
3182 4366 3235 4411 et
3286 4372 3387 4410 non
3437 4354 3551 4408 vult
3600 4364 3657 4409 et

428 4450 669 4518 permisit
723 4449 989 4504 diabolum
1058 4460 1181 4505 ante
1245 4461 1588 4519 conspectum
1657 4468 1830 4506 suum.
1881 4452 1985 4506 Sed
2019 4474 2062 4530 ι)
2101 4450 2239 4514 odit,
2271 4451 2313 4503 si
2348 4459 2525 4503 tamen
2560 4452 2633 4504 ita
2665 4450 2823 4505 debet
2850 4449 2975 4516 dici,
3010 4450 3233 4504 adversa
3268 4449 3512 4502 voluntas
3548 4465 3656 4512 ιςι,

429 4541 529 4596 hoc
586 4540 659 4594 ita
717 4551 819 4595 est.
870 4542 1010 4594 Vidit
1068 4541 1309 4596 diabolus
1374 4542 1771 4598 immaculatum
1815 4559 1828 4594 :
1872 4558 1990 4611 pro-

426 4633 636 4702 peravit
672 4633 944 4702 imponere
988 4633 1275 4687 maculam.
1319 4633 1661 4703 Quaecunque
1708 4636 1847 4689 enim
1876 4652 1990 4689 mo-

428 4723 604 4777 tiones
646 4734 800 4775 erant
850 4721 1045 4776 diaboli
1096 4722 1381 4777 adversum
1416 4722 1551 4785 Job,
1595 4724 1708 4778 haec
1744 4741 1839 4795 per
1875 4739 1989 4779 ser-

428 4829 611 4869 mones
655 4825 1014 4868 contexuntur
1057 4815 1108 4869 in
1150 4815 1458 4884 Scriptura;
1505 4826 1693 4883 utpote
1742 4818 1785 4873 si
1837 4818 1985 4872 dice-

430 4906 519 4959 bat
567 4907 811 4961 diabolus
873 4906 940 4961 ad
1014 4907 1493 4975 semetipsunt:Si
1569 4923 1673 4961 non
1742 4909 1983 4962 timerem

430 4996 614 5057 Deum,
665 5007 935 5067 tangerem
984 4998 1164 5050 omnia
1204 5013 1323 5065 qua:
1374 4999 1531 5052 habet
1566 4997 1707 5064 Job;
1770 5000 1991 5054 abstulit

430 5088 493 5142 3b
533 5103 597 5141 eo
633 5088 773 5157 Deus
818 5090 1082 5155 timorem,
1124 5097 1179 5143 et
1224 5105 1329 5143 non
1382 5090 1671 5158 prohibuit.
1728 5091 1979 5144 Contexi-

433 5189 521 5232 ‘tur
555 5179 664 5246 jam
716 5181 1035 5250 compositio
1079 5179 1225 5236 libri.
1269 5180 1412 5235 Dixit
1456 5180 1721 5244 diabolus,
1769 5191 1823 5235 et
1861 5183 1993 5235 dixit

432 5269 590 5325 Deus.
630 5272 739 5326 lloc
772 5283 874 5339 est,
910 5272 1078 5328 voluit
1138 5272 1401 5339 diabolus,
1448 5283 1501 5328 et
1561 5289 1665 5327 non
1723 5273 1994 5339 prohibuit

431 5366 589 5419 Deus.
644 5364 753 5420 Cur
801 5379 978 5423 autem
1026 5384 1133 5425 non
1178 5369 1484 5439 prohibuit?
1539 5369 1672 5435 Quia
1732 5383 1833 5421 non
1908 5367 1990 5421 in-

502 5566 546 5597 ⁸⁶
570 5564 821 5631 Zach,ut,
855 5569 906 5620 4.
982 5568 1024 5598 ’⁷
1053 5565 1149 5622 Joh
1180 5581 1240 5628 ll,
1268 5566 1315 5624 l.
1380 5567 1424 5599 ’⁸
1451 5567 1614 5622 Marc.
1642 5583 1694 5633 v,
1727 5568 1786 5634 9;
1823 5567 1952 5625 Luc.
1988 5582 2078 5624 viti
2100 5609 2113 5635 ,
2141 5567 2229 5623 50.

510 5720 587 5791 (8)
618 5718 715 5775 Ms.
757 5718 890 5784 Quia
918 5730 960 5775 et
989 5722 1182 5776 inimici
1208 5724 1376 5777 crucis
1400 5724 1644 5778 dicuntur
1666 5725 1915 5780 homines.

2093 4559 2196 4597 non
2228 4552 2403 4596 tamen
2436 4544 2625 4596 virtus.
2652 4544 2708 4595 Si
2738 4543 2880 4595 enim
2928 4557 3101 4609 neque
3130 4545 3197 4595 ab
3232 4542 3539 4596 hominibus
3575 4549 3661 4595 est

2094 4632 2289 4687 melior
2323 4633 2570 4686 diabolus
2604 4647 2777 4699 neque
2822 4631 3032 4695 fortior,
3071 4648 3188 4701 quae
3221 4633 3412 4686 horum
3448 4633 3647 4700 proba-

2094 4724 2375 4790 tio?Quid
2432 4723 2548 4777 vult
2599 4724 2881 4778 diabolus?
2916 4723 3273 4778 Perditionem
3324 4725 3603 4778 hominum
3640 4740 3655 4776 :

2090 4816 2135 4870 si
2164 4816 2398 4869 correxit
2424 4815 2606 4879 homo,
2642 4814 2835 4869 fortior
2869 4816 3080 4869 illoest.
3125 4815 3181 4869 Si
3214 4828 3392 4869 autem
3415 4814 3657 4883 quotidie

2094 4909 2356 4977 spoliatur
2383 4918 2437 4963 et
2467 4907 2796 4972 denudatur,
2829 4918 2884 4961 et
2911 4916 3208 4961 evacuatur
3235 4906 3324 4974 qui
3354 4904 3659 4959 hominibus

2095 5016 2289 5055 nocere
2325 5001 2621 5061 contendit,
2651 5010 2706 5055 et
2747 5016 2850 5053 non
2889 5010 3086 5069 potest,
3116 5000 3209 5054 sed
3240 4998 3456 5053 nomine
3478 4998 3568 5052 Dei
3603 5007 3661 5052 et

2095 5095 2494 5162 nuncupatione
2534 5093 2665 5158 sola,
2694 5103 2749 5146 et
2806 5094 2873 5147 ab
2915 5093 3221 5147 hominibus
3257 5090 3493 5145 vincitur
3522 5108 3535 5143 :
3567 5089 3657 5157 qui

2093 5201 2227 5255 ergo
2263 5201 2368 5239 non
2400 5184 2582 5239 sulfert
2617 5186 3072 5262 nuncupatipnem
3104 5183 3219 5249 Dei,
3243 5182 3513 5252 quomodo
3549 5180 3659 5233 vir-

2095 5288 2262 5329 tutem
2288 5284 2469 5345 posset
2494 5274 2719 5330 sufferre
2748 5275 2838 5331 Dei
2862 5276 2881 5328 ?
2905 5276 2969 5329 Et
2991 5286 3135 5331 certe
3164 5275 3453 5344 necipsum
3485 5274 3657 5326 Adam

2106 5383 2406 5439 provocans
2433 5369 2580 5430 vicit,
2619 5369 2713 5423 sed
2742 5368 2973 5424 suadens
2998 5380 3052 5423 et
3077 5369 3348 5438 decipiens
3366 5377 3419 5422 et
3444 5364 3657 5420 fallens.

2308 5570 2348 5601 "
2382 5567 2605 5625 Zacltar.
2652 5583 2734 5635 ιιι,
2761 5569 2817 5623 ‘2.
2895 5568 2939 5600 ”
2964 5567 3088 5621 Luc.
3125 5584 3175 5634 χ,
3215 5566 3298 5623 l9.
