4050 6206
426 150 557 205 Mil

1369 149 1454 204 DE
1494 150 1952 209 INCORPORALI
1992 156 2081 212 ET
2121 158 2457 215 lNVlSlBlLl
2493 161 2647 217 0E0.

3497 182 3635 235 “'22

427 263 538 318 lloc
572 274 748 319 autem
790 264 1119 320 inﬁrmitatis
1162 274 1245 320 est
1284 282 1438 337 Opus.
1477 268 1747 336 Quantum
1782 271 1847 324 ad
1867 273 1981 326 dia-
2010 281 2054 336 Α
2084 274 2211 328 tiam
2258 277 2323 330 ad
2362 277 2644 332 Dominum
2698 279 3022 350 religiosam,
3054 285 3119 337 ad
3164 295 3631 362 COIISCI'VOSlesli-

425 356 605 409 bolum
636 366 862 426 spectat,
888 357 1026 409 nulla
1054 359 1144 425 sit,
1180 359 1368 429 inquit,
1401 363 1549 430 virgo
1575 378 1588 413 :
1624 364 1856 418 vincitur
1882 382 1980 418 au-

425 449 533 494 tem
565 455 594 493 a
633 440 813 495 tantis.
844 440 1113 507 Quantum
1142 443 1286 496 enim
1330 447 1397 499 ad
1426 447 1694 501 diabolum
1722 449 1976 517 pertinet,

424 545 491 584 ne
526 531 736 598 quidem
760 547 893 585 unus
920 532 1181 589 salvatur.
1212 535 1279 589 At
1324 538 1521 607 nuptiat
1562 541 1799 597 honestae
1829 551 1973 610 sunt,

422 631 478 676 et
500 624 735 677 diabolus
770 638 799 676 a
833 624 998 679 tantis
1042 635 1125 680 est
1158 627 1406 684 obrutus.
1436 631 1705 698 Quantum
1736 634 1880 689 enim
1908 636 1975 689 ad

423 712 689 767 diabolum
713 715 1171 795 pertinet,_nullus
1199 734 1413 775 sursum
1441 724 1668 792 aspiciat
1699 741 1970 795 unquam:

421 805 767 874 disrumpitur
795 791 984 861 autem.
1001 819 1182 864 tantos
1216 811 1427 867 videns.
1459 816 1731 880 Quantum
1768 791 1833 870 ad
1858 816 1975 872 dia-

421 893 619 955 bolum,
648 908 714 948 ne
745 896 965 964 quidem
997 901 1280 968 vestigium
1324 904 1594 972 pudicitia:
1623 907 1738 960 vult
1765 922 1886 963 esse
1917 910 1969 963 in

421 992 580 1039 terra.
618 985 842 1041 Feriunt
883 998 1057 1044 autem
1091 992 1181 1061 qui
1227 996 1535 1062 percutiunt
1573 1013 1670 1052 cor
1717 1002 1969 1059 errantis.

421 1076 688 1142 Quantum
741 1080 806 1133 ad
852 1080 1161 1149 diabolum,
1200 1100 1300 1140 nec
1345 1103 1538 1143 nomen
1585 1089 1811 1159 justitiam
1852 1109 1972 1153 esse

416 1169 586 1237 cupit.
620 1167 721 1235 Qui
760 1181 937 1226 autem
978 1173 1163 1228 dicunt
1191 1180 1430 1243 peccavi,
1458 1180 1599 1236 illius
1620 1199 1780 1240 aures
1809 1190 1971 1245 casti-

412 1266 561 1327 gant.
588 1256 701 1311 Non
730 1259 841 1313 vult
876 1262 1244 1329 pmnitentiam
1278 1280 1419 1330 esse,
1458 1279 1511 1322 et
1535 1269 1761 1328 efﬁcitur
1794 1280 1966 1345 poeni-

414 1350 603 1403 tentia.
650 1349 828 1404 Movet
871 1356 1328 1421 persecutionem,
1385 1367 1441 1412 et
1489 1362 1618 1416 liunt
1674 1376 1963 1438 martyres.

411 1440 622 1506 Quanta
652 1439 764 1509 ejus
795 1444 963 1510 capita
999 1444 1164 1500 incisa
1201 1448 1368 1502 sunt?
1412 1451 1510 1505 hoc
1538 1462 1620 1507 est
1646 1454 1810 1522 ipsius
1846 1458 1965 1513 dia-

414 1531 541 1585 boli.
568 1531 695 1600 Quae
717 1536 859 1588 enim
885 1537 1191 1592 inciduntur
1214 1556 1312 1610 pro
1334 1543 1547 1598 Christo
1576 1549 1772 1617 capita,
1795 1549 1961 1619 ipsius

2081 367 2234 433 tiam,
2265 369 2453 424 videns
2474 372 2598 440 quia
2627 386 2757 427 oves
2786 391 2919 443 quas
2960 378 3219 446 orphanis
3247 383 3545 450 occidebat,
3577 402 3632 444 et

2082 465 2263 511 tauros
2303 472 2531 526 quorum
2563 474 2756 517 carnes
2782 464 2953 518 vidua:
2981 474 3035 519 et
3077 468 3306 535 orphani
3344 474 3631 529 manduca-

2077 546 2231 614 bant,
2266 560 2321 604 et
2355 552 2529 607 omnis
2563 556 2833 621 possessio
2862 558 3011 625 cujus
3045 571 3159 614 erat
3190 562 3533 632 dispensator
3562 571 3627 625 ad

2075 650 2169 690 eos
2210 639 2300 706 qui
2335 639 2603 695 habebant
2635 643 2791 709 nihil,
2824 646 2873 698 in
2916 662 3023 700 uno
3065 663 3340 705 momento
3378 663 3628 724 tanquam

2076 739 2107 779 a
2134 725 2241 780 Deo
2268 727 2468 795 ablata,
2487 744 2663 785 nonne
2683 734 2967 789 doluisset?
3000 737 3102 792 Sed
3127 738 3227 793 Job
3263 742 3465 811 gratias
3495 745 3624 813 egit,

2074 826 2200 886 puta
2229 820 2355 887 quia
2389 822 2573 874 omnia
2603 823 2779 878 subito
2800 827 3018 895 abrepta
3047 840 3167 883 sunt
3195 831 3329 898 ejus,
3361 835 3623 902 siquidem

2073 917 2126 961 et
2153 908 2267 962 lilii.
2297 910 2351 964 Si
2386 920 2561 964 autem
2588 922 2641 967 et
2668 913 2787 979 lilii,
2824 927 2880 970 ut
2909 919 3037 986 quid
3076 920 3161 973 tali
3204 922 3409 977 morte?
3437 925 3544 978 Cur
3571 927 3623 980 in

2074 1000 2202 1065 ipsis
2243 1002 2442 1055 mensis
2467 1004 2625 1057 simul
2647 1020 2833 1060 omnes
2863 1008 3046 1062 decem
3077 1014 3316 1079 oppressi
3358 1016 3523 1068 sunt?
3554 1016 3623 1070 Et

2072 1090 2173 1145 hoc
2204 1092 2395 1146 iterum
2433 1094 2724 1162 putabatur
2757 1099 2891 1152 Deus
2942 1099 3155 1155 feciSse.
3193 1103 3320 1157 Puta
3346 1108 3471 1175 quia
3503 1124 3621 1161 om-

2070 1180 2153 1233 nis
2181 1180 2409 1236 facultas
2435 1192 2489 1237 et
2527 1188 2793 1251 possessio
2844 1196 2896 1241 et
2944 1189 3061 1243 lilii.
3110 1190 3243 1255 Quid
3288 1207 3461 1249 autem
3494 1201 3618 1267 quia

2067 1279 2123 1324 et
2172 1287 2299 1325 caro
2332 1272 2497 1341 ipsius
2537 1271 2635 1327 Job
2678 1278 3046 1347 expugnatur?
3072 1280 3136 1334 Et
3171 1284 3282 1336 haec
3312 1286 3489 1338 omnia
3522 1302 3619 1355 pu-

2066 1369 2177 1414 tata
2215 1373 2344 1416 sunt
2386 1380 2503 1420 esse
2539 1383 2567 1421 a
2593 1367 2720 1433 Deo,
2747 1380 2800 1422 et
2839 1384 2931 1436 per
2954 1372 3063 1424 lia-c
3090 1372 3333 1427 universa
3362 1372 3460 1428 Job
3499 1392 3620 1444 gra-

2070 1452 2169 1506 tias
2203 1456 2311 1523 egit
2361 1455 2487 1511 Deo.
2529 1456 2641 1513 Non
2694 1460 2855 1529 igitur
2884 1470 2933 1513 te
2961 1470 3159 1514 terreat
3199 1464 3481 1520 diabolus:
3510 1484 3615 1522 non

2065 1545 2137 1597 sit
2161 1544 2353 1600 domus
2393 1562 2580 1612 vacua,
2613 1565 2783 1619 neque
2808 1551 2879 1604 illi
2901 1562 3113 1621 parata,
3146 1562 3323 1608 etnon
3358 1557 3517 1613 habet
3544 1558 3613 1611 li)-

411 1625 588 1691 capita
626 1625 883 1690 incidunt,
911 1629 1188 1696 quotiesiu
1226 1632 1440 1688 ﬂamma
1482 1646 1568 1691 est
1600 1639 1800 1695 missus
1832 1653 1947 1697 ante

2065 1649 2208 1687 cum.
2256 1636 2337 1690 Sit
2369 1639 2461 1691 tibi
2516 1641 2842 1707 comparatio
2892 1639 2992 1695 Job
3038 1644 3103 1696 ad
3140 1644 3411 1697 victoriam
3443 1663 3456 1700 :
3486 1662 3615 1701 con-

411 1713 705 1783 gehennam
760 1717 812 1771 in
849 1721 1120 1788 gebeuua!
1150 1724 1463 1794 Quicunque
1504 1729 1647 1782 enim
1684 1728 1808 1785 facti
1835 1744 1962 1789 sunt

413 1804 778 1862 holocaustum
807 1810 1039 1876 Christo,
1070 1814 1157 1868 isti
1205 1817 1471 1872 diabolum
1510 1834 1962 1890 consumpserunt

411 1894 539 1963 igni,
573 1907 626 1951 et
650 1900 740 1953 alii
766 1914 887 1955 eum
920 1904 1345 1972 pradocaverunt
1383 1910 1434 1963 in
1469 1912 1627 1976 mari,
1654 1914 1743 1969 alii
1776 1927 1955 1973 autem

409 1985 672 2041 dederunt
714 1991 829 2059 ejus
861 2006 1055 2062 corpus
1102 2000 1366 2055 meatibus
1409 1999 1712 2059 ﬂuviorum.
1761 2007 1955 2073 Quanti

404 2090 525 2130 eum
575 2083 887 2137 torserunt?
916 2084 1087 2140 Etiam
1123 2088 1158 2141 ii
1190 2090 1279 2159 qui
1315 2092 1415 2146 visi
1460 2104 1584 2149 sunt
1608 2100 1866 2165 superati.
1898 2100 1954 2155 Si

401 2167 546 2224 enim
572 2180 626 2224 et
649 2172 773 2226 vicit
798 2178 1149 2244 quorumdam
1195 2196 1439 2251 corpora,
1469 2187 1560 2240 sed
1590 2203 1693 2242 non
1721 2192 1955 2258 pruden-

402 2264 527 2318 tiam
561 2277 615 2320 et
637 2265 988 2325 intellecturi].
1028 2270 1287 2342 Malignus
1316 2276 1518 2329 athleta
1549 2288 1652 2343 est,
1679 2288 1732 2333 et
1767 2280 1945 2336 incon-

399 2358 662 2416 sideratus
694 2374 951 2418 certator.
978 2363 1109 2420 Cum
1136 2366 1279 2419 enim
1310 2370 1526 2422 videtur
1565 2369 1726 2426 ferire
1756 2372 1946 2442 alium,

399 2452 740 2522 semetipsum
796 2458 1081 2524 percussit.
1142 2455 1292 2522 Quod
1349 2458 1516 2513 habes
1572 2463 1838 2532 negotium
1884 2466 1950 2520 ad

396 2538 513 2605 Job,
552 2557 585 2596 o
612 2546 854 2600 diabole?
890 2546 956 2603 Ut
996 2549 1120 2616 quid
1166 2558 1339 2603 νιειυδ
1377 2550 1475 2603 es?
1501 2554 1753 2619 peccasti,
1786 2565 1945 2623 tace;

399 2630 570 2685 victus
602 2647 682 2696 es,
707 2636 947 2698 quiesce.
979 2636 1083 2691 Sed
1116 2636 1371 2702 secundo,
1403 2641 1595 2708 inquit,
1627 2657 1836 2713 oportet
1863 2664 1949 2705 me

398 2724 539 2776 vinci
575 2744 587 2778 :
622 2740 726 2779 non
758 2728 882 2795 quia
919 2730 1031 2783 haec
1063 2731 1249 2797 voluit,
1294 2734 1387 2788 sed
1426 2737 1550 2803 quia
1591 2737 1705 2791 haec
1754 2754 1945 2808 passus

400 2823 501 2866 est.
556 2814 691 2880 Quid
743 2818 1107 2875 intremiscis?
1155 2822 1292 2888 Quid
1343 2826 1541 2880 times?
1576 2824 1676 2884 Job
1727 2845 1829 2885 non
1864 2844 1947 2887 est

396 2907 644 2973 angelus,
677 2911 770 2963 sed
804 2911 964 2965 homo
1011 2913 1270 2977 mortalis,
1299 2914 1384 2968 cui
1415 2917 1804 2973 colluctabatur
1828 2921 1943 2976 dia-

400 2996 552 3050 bolus
584 2999 940 3064 invisibiliter,
974 3002 1141 3058 victus
1184 3014 1356 3058 autem
1399 3018 1481 3061 est
1534 3009 1837 3065 visibiliter.
1868 3012 1938 3066 Et

396 3102 463 3141 ne
504 3089 665 3143 lateat
717 3101 765 3144 te
814 3092 955 3147 illius
994 3097 1274 3163 paviditas.
1307 3098 1630 3155 Certabatur
1660 3102 1806 3154 enim
1839 3118 1942 3157 non

394 3193 657 3246 apparens
685 3199 698 3233 :
730 3190 782 3236 et
810 3198 913 3237 nun
943 3186 1081 3239 sicut
1109 3187 1158 3241 in
1184 3189 1369 3244 stadiis
1394 3199 1447 3245 et
1477 3191 1943 3251 colluctationibus

394 3269 517 3321 nudi
556 3271 620 3323 ad
664 3274 833 3327 nudos
876 3284 1169 3343 certautur,
1209 3282 1301 3335 sed
1352 3282 1524 3336 latens
1574 3284 1848 3348 mittebat,
1888 3298 1943 3343 et

389 3373 492 3412 non
522 3374 786 3429 apparens
811 3363 1054 3432 feriebat,
1086 3377 1140 3421 et
1167 3371 1475 3436 percutiens
1504 3372 1677 3427 victus
1707 3387 1807 3430 est.
1839 3376 1940 3433 Job

385 3450 525 3504 enim
579 3452 841 3522 ignoravit
893 3459 1012 3525 quis
1061 3469 1204 3513 esset
1247 3462 1661 3530 quiluctaretur
1691 3468 1757 3520 ad
1790 3481 1932 3534 eum,

386 3543 478 3595 sed
520 3552 575 3596 et
618 3548 820 3613 putavit
852 3559 905 3601 et
938 3549 1096 3617 dixit,
1128 3553 1252 3621 quia
1284 3568 1315 3606 a
1365 3553 1475 3608 Deo
1522 3554 1685 3610 habet
1734 3555 1937 3627 plagas.

385 3636 534 3689 Alius
585 3647 701 3690 erat
755 3641 845 3707 qui
900 3645 1185 3710 pugnabat,
1238 3654 1293 3698 et
1336 3645 1472 3700 alius
1504 3646 1594 3715 qui
1646 3649 1940 3717 putabatur

384 3728 687 3781 emendare.
719 3727 827 3783 Hoc
852 3731 1049 3785 furtum
1081 3735 1249 3803 magis
1282 3751 1437 3803 quam
1464 3736 1607 3791 lucta
1635 3747 1736 3791 est.
1764 3741 1933 3793 Adam

384 3816 589 3869 seducit
616 3832 631 3869 :
662 3820 729 3872 ab
759 3819 857 3873 Job
885 3824 1204 3877 occultatur.
1228 3824 1329 3880 Job
1360 3828 1502 3880 enim
1537 3830 1825 3885 admiratio
1850 3843 1933 3888 est

385 3907 506 3974 ista,
559 3911 682 3979 quia
733 3924 926 3981 putans
978 3932 1007 3969 a
1054 3917 1159 3970 Deo
1200 3918 1302 3972 sibi
1342 3921 1531 3973 venire
1581 3921 1786 3990 plagas,
1824 3941 1934 3979 non

383 4004 630 4057 conscius
659 4017 834 4059 autem
869 4008 970 4062 sibi
1003 4021 1298 4076 peccatum,
1340 4013 1675 4067 cOuvertitur
1710 4016 1777 4068 ad
1819 4016 1934 4068 dia-

384 4092 559 4147 bolum
602 4100 823 4167 sagittas
852 4115 972 4169 quae
1010 4101 1175 4169 ipsius
1216 4111 1393 4156 erant.
1425 4101 1526 4158 Job
1562 4105 1706 4158 enim
1738 4116 1933 4173 putans

387 4184 547 4240 Deum
575 4202 695 4242 esse
721 4190 809 4259 qui
848 4189 1054 4255 feriret,
1084 4200 1139 4245 et
1187 4194 1489 4263 suspicatus
1515 4206 1598 4250 est
1629 4211 1749 4251 esse
1772 4212 1801 4250 a
1827 4198 1933 4252 Deo

384 4278 563 4346 plagas
587 4293 601 4331 :
633 4290 687 4333 et
732 4292 924 4349 putans

380 4373 487 4441 egit
519 4374 570 4426 in
606 4373 787 4444 plagis.
830 4376 1138 4446 Magnitudo
1178 4389 1358 4433 autem
1413 4381 1759 4450 malignitatis
1820 4384 1931 4436 dia-

382 4461 487 4516 boli
509 4478 766 4519 conversa
789 4476 871 4520 est
907 4471 972 4521 ad
1013 4470 1429 4538 magnitudinem
1456 4487 1780 4527 coronarum
1801 4474 1926 4529 Job.

383 4553 438 4608 Si
465 4557 605 4610 enim
639 4559 803 4612 sciret
824 4561 948 4628 quia
972 4561 1253 4615 adversum
1287 4561 1363 4633 (9)
1396 4562 1635 4618 invidum
1667 4575 1721 4619 et
1755 4564 1933 4620 inimi-

380 4663 498 4701 cum
519 4649 763 4715 haberet,
789 4651 928 4706 forte
950 4654 1334 4709 contentiosius
1363 4656 1565 4726 egisset
1597 4665 1652 4710 et
1675 4657 1928 4723 alacrius,

376 4752 468 4794 aut
498 4753 552 4795 et
577 4744 1053 4813 contemptibilius.
1096 4744 1249 4800 Nunc
1278 4758 1454 4802 autem
1487 4748 1663 4804 malus
1693 4752 1845 4804 canis
1878 4759 1931 4805 et

377 4832 674 4888 malitiosus
712 4835 863 4905 lupus
898 4838 1243 4907 semetipsum
1274 4841 1534 4904 occultat,
1571 4852 1627 4896 et
1653 4854 1925 4912 pastorem

375 4925 639 4990 producit,
695 4935 749 4981 et
799 4926 899 4983 Job
942 4931 1354 4987 admirationem
1408 4934 1651 4987 adauxit.
1710 4934 1814 4989 Per
1862 4952 1927 4992 ea

374 5018 515 5068 enim
545 5034 663 5087 quae
697 5022 900 5089 putavit
925 5023 1156 5077 maxime
1178 5038 1237 5077 se
1260 5024 1540 5093 instigare,
1577 5040 1672 5093 per
1698 5032 1813 5080 haec
1839 5026 1924 5081 in-

375 5105 597 5174 stigatus
614 5122 668 5165 et
697 5114 888 5179 victus,
919 5124 973 5169 et
1007 5130 1170 5185 supra
1203 5131 1415 5171 omnem
1455 5132 1604 5186 spem
1636 5129 1923 5187 superatus

371 5206 605 5260 ostendit
632 5210 914 5262 victorem.
958 5207 1088 5275 Quis
1135 5209 1277 5263 enim
1309 5218 1363 5263 et
1390 5208 1615 5265 suiierre
1658 5212 1920 5280 potuisset

373 5296 550 5349 sciens
580 5313 729 5352 suam
758 5300 921 5354 vitam
951 5299 1386 5355 immaculatam?
1413 5299 1602 5357 Sciens
1629 5304 1915 5360 conscien-

442 5407 485 5439 "
520 5408 599 5464 lsa
651 5426 741 5478 cu,
768 5414 851 5468 ll.

442 5496 519 5571 (9)
546 5503 845 5557 Adversum.
874 5502 975 5558 Pro
1004 5504 1379 5560 adversarium.

439 5573 547 5633 (l0)
583 5576 803 5629 l'rodiit.
839 5575 996 5630 Forte
1022 5577 1270 5627 vrodidit.

2064 1725 2211 1781 disce
2251 1744 2345 1797 per
2376 1744 2497 1782 eum
2531 1730 2732 1785 inimici
2764 1731 3147 1789 inlirmitatem.
3174 1735 3276 1790 Sed
3307 1738 3437 1791 dicis
3465 1756 3479 1792 :
3508 1753 3611 1792 non

2063 1820 2206 1871 enim
2238 1820 2454 1873 abducit
2480 1830 2533 1875 et
2563 1823 2936 1886 adducitloca,
2965 1836 3171 1894 gentes,
3203 1826 3424 1894 populos
3448 1843 3614 1897 quan-

2064 1919 2147 1963 tos
2185 1919 2239 1964 et
2287 1911 2571 1965 videmus?
2596 1915 2826 1967 Adducit
2856 1932 2870 1968 :
2901 1916 2992 1969 sed
3034 1924 3088 1969 et
3122 1928 3366 1985 apportat
3396 1933 3491 1972 eos
3518 1920 3607 1987 qui

2062 1999 2265 2063 volunt,
2300 2000 2434 2070 fugit
2475 2012 2655 2054 autem
2698 2017 2789 2056 eos
2821 2004 2907 2070 qui
2950 2004 3242 2072 increpant.
3294 2004 3426 2057 Cum
3460 2009 3605 2059 enim

2060 2090 2204 2143 dedit
2231 2091 2278 2143 ei
2319 2090 2494 2145 locum
2537 2091 2729 2159 Judas,
2767 2094 3036 2160 ingressus
3082 2105 3163 2147 est
3198 2096 3249 2147 in
3279 2097 3393 2165 ejus
3422 2101 3605 2164 corde,

2057 2180 2266 2236 furatus
2292 2192 2395 2247 est,
2432 2185 2630 2251 prodiit
2658 2183 2788 2254 (to).
2817 2182 3007 2239 Petrus
3039 2184 3085 2237 ei
3115 2184 3284 2243 lactus
3311 2196 3392 2241 est
3416 2198 3563 2256 petra
3594 2210 3605 2244 :

2056 2273 2227 2341 magis
2249 2274 2390 2325 enim
2425 2273 2652 2341 plaguvit
2683 2288 2838 2342 quam
2871 2274 3112 2342 plagatus
3143 2284 3246 2329 est.
3289 2276 3393 2330 Sed
3427 2279 3561 2332 dicis
3590 2298 3603 2333 :

2053 2378 2157 2416 non
2180 2364 2389 2432 negavit
2414 2363 2629 2417 Petrus?
2648 2363 2847 2429 Quart-1'
2866 2374 3077 2432 quando
3102 2368 3323 2420 necdum
3344 2379 3460 2422 erat
3483 2385 3605 2422 cru—

2052 2453 2131 2506 cis
2174 2464 2423 2521 tropaeum
2463 2463 2721 2509 erectmn.
2758 2454 2934 2507 Nolite
2962 2470 3080 2509 esse
3118 2456 3305 2518 titttidi,
3331 2459 3493 2514 nolite
3523 2461 3607 2513 iu-

2051 2544 2193 2613 digni
2230 2560 2257 2596 a
2293 2549 2525 2610 proavis.
2560 2546 2759 2598 Aurum
2800 2543 3014 2612 quidem
3063 2544 3154 2598 Dei
3186 2558 3263 2600 est
3296 2563 3309 2598 :
3340 2548 3605 2615 dicamus,

2050 2636 2208 2689 affers
2237 2636 2438 2706 ignem,
2469 2636 2626 2690 alTers
2661 2636 2916 2705 gladium,
2946 2637 3221 2702 addentes,
3267 2639 3443 2692 omnia
3482 2657 3606 2710 pos-

2049 2740 2169 2780 sum
2225 2735 2444 2796 propter
2503 2741 2624 2779 eum
2663 2725 2755 2796 qui
2784 2726 3037 2781 misertus
3083 2735 3163 2781 est
3201 2728 3352 2781 mihi.
3385 2729 3605 2786 Gladius

2049 2818 2229 2873 Jesum
2266 2833 2370 2873 non
2410 2817 2619 2884 incidit,
2654 2833 2826 2888 neque
2856 2818 2996 2887 ignis
3035 2833 3154 2875 eum
3192 2823 3476 2888 consumit,
3508 2825 3602 2877 sed

2050 2912 2251 2965 incisus
2307 2911 2594 2979 aliquando
2642 2920 2725 2966 est
2771 2926 2869 2980 per
2913 2909 3141 2968 clavum.
3170 2911 3306 2979 Quid
3340 2924 3422 2967 est
3461 2917 3604 2983 quod

2048 3004 2275 3058 incismn
2322 3003 2447 3058 est?
2485 3002 2599 3057 Noli
2656 3003 2918 3071 ignorare,
2968 3006 3090 3074 quia
3123 3020 3221 3060 nec
3272 3007 3325 3061 in
3365 3008 3600 3062 animam

2047 3094 2342 3164 ingreditur
2374 3095 2575 3150 clavus.
2610 3094 2890 3150 Passiones
2936 3099 3078 3150 enim
3134 3099 3441 3168 corporales
3483 3116 3602 3157 cor-

2043 3188 2263 3256 poribus
2286 3196 2411 3242 sunt
2436 3188 2815 3243 couducibiles.
2838 3188 3044 3256 Corpus
3063 3204 3091 3241 a
3115 3203 3339 3257 corpore
3355 3192 3555 3259 patitur
3583 3209 3597 3245 :

2044 3277 2376 3347 incorporale
2422 3293 2524 3331 non
2569 3279 2738 3339 ardet,
2764 3294 2867 3331 non
2919 3278 3187 3332 inciditur.
3230 3278 3377 3335 Talis
3413 3290 3600 3338 natura

2047 3381 2153 3421 non
2192 3367 2465 3434 dividitur,
2497 3383 2600 3421 non
2646 3367 2985 3437 pra’l‘ocatur.
3029 3368 3083 3422 Si
3115 3371 3254 3423 enim
3282 3373 3599 3428 translatum

2043 3457 2206 3512 fuerit
2233 3473 2449 3527 corpus,
2478 3474 2582 3512 non
2619 3469 2702 3513 est
2732 3459 2819 3512 ubi
2848 3461 3047 3528 capiat.
3091 3460 3195 3515 Sed
3247 3462 3370 3517 nolo
3419 3466 3599 3519 dicere

2041 3550 2180 3618 quod
2230 3551 2490 3618 sequitur,
2514 3549 2636 3618 quia
2695 3564 2793 3602 nec
2822 3550 3045 3602 rationis
3075 3562 3158 3603 est
3210 3549 3596 3619 blasphemiam

2040 3641 2182 3709 loqui
2216 3640 2266 3694 in
2293 3639 2553 3695 Ecclesia.
2594 3639 2666 3693 Ea
2696 3639 2860 3709 igitur
2888 3653 3006 3708 quze
3033 3640 3098 3694 de
3127 3640 3338 3695 diabolo
3366 3657 3471 3696 non
3495 3644 3595 3697 im-

2041 3770 2266 3832 portune
2317 3769 2691 3824 occurrerunt,
2721 3759 2791 3813 ita
2840 3757 3234 3825 quodammodo
3278 3759 3418 3815 facta
3468 3769 3597 3817 sunt

2042 3852 2347 3908 manifesta.
2399 3852 2508 3908 Nos
2570 3862 2747 3907 autem
2803 3849 3137 3904 conlldamus
3191 3851 3245 3905 in
3286 3852 3518 3915 Christo,
3541 3863 3596 3907 et

2039 3944 2371 3999 conﬁdentes
2392 3945 2730 4013 increpemus
2751 3950 2821 4011 ei,
2845 3956 2898 4001 et
2959 3947 3292 4013 increpantes
3335 3961 3593 3999 inemores

2037 4035 2205 4091 simus
2234 4040 2349 4105 ejus
2403 4038 2492 4105 qui
2530 4038 2604 4090 ait
2635 4054 2649 4091 :
2682 4037 2836 4092 Exite
2869 4038 2932 4091 ab
2973 4042 3046 4091 eis
3095 4048 3141 4091 et
3183 4037 3517 4105 separamini,
3543 4046 3591 4087 et

2037 4128 2358 4181 immundum
2399 4144 2461 4180 ne
2507 4130 2862 4198 tetigeritis".
2900 4132 3033 4198 Quid
3073 4130 3215 4184 enim
3252 4129 3333 4184 eis
3372 4138 3426 4182 et
3454 4127 3589 4182 diﬂi-

2036 4216 2165 4272 ciles
2188 4218 2408 4273 sumus?
2432 4218 2556 4287 quid
2584 4222 2660 4272 eis
2689 4230 2741 4273 et
2775 4222 3099 4275 irascimur?
3124 4235 3240 4289 qua!
3264 4221 3406 4275 enim
3435 4235 3589 4289 paena

976 4283 1140 4337 “eum
1186 4300 1303 4341 esse
1345 4288 1434 4357 (ἰυί
1481 4288 1689 4352 feriret:
1730 4291 1931 4359 ετειιίειε
1963 4324 2005 4379 ο
2037 4310 2140 4363 alia
2171 4311 2251 4365 eis
2281 4283 2616 4366 debetur?Si
2659 4314 2781 4381 quis
2814 4314 2893 4368 eis
2925 4314 3269 4377 irasceretur,
3299 4314 3479 4383 utique
3506 4314 3588 4368 di-

2036 4411 2181 4455 ceret
2222 4421 2235 4456 :
2270 4401 2510 4470 Spoliare
2534 4446 2547 4470 ,
2583 4404 2850 4459 denudare
2874 4444 2890 4469 ,
2919 4406 3219 4473 deturpare,
3259 4403 3587 4475 infrigidare.

2039 4495 2227 4549 Statue
2260 4512 2380 4550 eum
2411 4499 2608 4551 nudum
2659 4499 2711 4553 iu
2768 4500 2987 4570 frigore,
3015 4500 3178 4554 facito
3222 4512 3344 4554 eum
3371 4514 3589 4553 currere

2038 4594 2161 4638 ante
2188 4602 2424 4641 currum.
2449 4586 2678 4643 Laboret
2711 4590 2994 4644 ambulans
3015 4630 3030 4652 ,
3073 4592 3383 4658 deturpetur
3424 4590 3590 4642 denu-

2039 4675 2212 4737 datus,
2237 4676 2381 4730 dicat
2414 4678 2606 4745 turpia.
2665 4678 2800 4744 Quid
2848 4679 3043 4747 quzcris
3082 4680 3275 4747 punire
3317 4692 3439 4733 eum
3496 4678 3587 4747 qui

2033 4766 2376 4834 semetipsum
2414 4768 2664 4821 damnat?
2692 4768 2887 4822 sufﬁcit
2926 4769 3005 4823 eis
3033 4770 3157 4838 quia
3204 4784 3307 4823 non
3350 4776 3474 4823 sunt
3498 4783 3589 4822 no.

2032 4856 2236 4910 biscum
2275 4875 2291 4913 :
2320 4857 2511 4913 sufﬁcit
2550 4860 2704 4914 nobis
2736 4860 2858 4925 quia
2890 4873 2992 4913 nou
3045 4873 3231 4913 sumus
3264 4874 3385 4913 cum
3435 4859 3585 4926 ipsis.

1972 4938 1998 4991 .’
2032 4946 2277 5001 liabeant
2302 4952 2442 5018 quod
2469 4951 2690 5015 habent,
2722 4952 2845 5019 quia
2876 4962 2930 5005 et
2965 4950 3167 5005 volunt.
3200 4950 3316 5006 Non
3343 4950 3453 5021 (li)
3488 4952 3585 5005 ha-

2030 5038 2216 5094 bemus
2244 5055 2404 5110 quem
2434 5044 2712 5105 habemus,
2737 5045 2862 5111 quia
2894 5053 2948 5097 et
2976 5043 3239 5099 volumus.
3287 5042 3392 5097 Sed
3423 5042 3584 5113 fugiat

2027 5137 2081 5182 et
2118 5145 2269 5185 mens
2294 5133 2532 5198 insanos,
2565 5143 2618 5187 et
2638 5134 2792 5188 sileat
2826 5135 3003 5203 lingua
3029 5150 3043 5201 ;
3072 5134 3193 5189 inde
3220 5145 3274 5188 et
3305 5145 3569 5189 converta-

2027 5228 2115 5272 tur
2137 5220 2203 5274 ad
2238 5236 2426 5289 purum
2453 5234 2504 5277 et
2552 5224 2942 5293 incorporalem
2982 5225 3170 5288 Deum,
3197 5226 3264 5278 ad
3313 5234 3581 5289 sanctum,

2024 5322 2078 5364 et
2104 5311 2256 5367 istius
2286 5314 2435 5369 chori
2472 5312 2778 5370 Dominum.
2810 5313 2925 5371 Non
2956 5330 3080 5372 eum
3127 5319 3435 5386 operiamus
3459 5330 3579 5370 cor-

2094 5509 2377 5579 (1|)Nou.
2411 5511 2486 5565 An
2521 5512 2659 5566 nos?
