4050 6206
486 201 624 253 “'23

1184 196 1452 251 EUSEBll
1489 194 1960 251 CIESARIENSIS
1997 194 2145 250 OPP.
2188 194 2369 250 PARS
2407 192 2496 251 IV.
2534 188 3064 248 —‘DOGMATICA.

3602 189 3752 244 “‘24

485 327 635 382 pore,
665 310 788 380 quia
813 324 910 365 nec
936 310 1136 379 patitur
1172 328 1186 365 :
1218 328 1323 366 non
1364 327 1484 366 eum
1544 298 1843 366 vestiamus
1902 314 2062 367 vesti-
2093 317 2138 373 Α
2168 320 2308 366 terra
2360 322 2414 365 ut
2474 308 2764 365 scabellum
2828 316 3037 361 tactum
3085 304 3278 373 pedum
3332 314 3751 368 mensuratum,

485 404 829 472 mento,quia
866 419 965 458 nec
992 404 1197 473 indiget
1235 421 1248 456 :
1285 420 1389 459 non
1414 405 1462 458 ei
1523 403 1818 459 oli‘eramus
1845 406 2051 459 sacriﬁ-

483 493 589 558 cia,
613 494 735 562 quia
774 510 873 547 nec
904 494 1058 562 petit.
1088 493 1323 549 Estima
1357 497 1484 564 quid
1520 496 1672 549 dicis.
1724 496 1780 549 Si
1835 496 2047 551 dederis

484 583 531 647 ei
560 597 775 652 corpus,
801 583 1061 651 separain
1086 584 1133 637 ei
1158 584 1329 638 locum
1352 607 1367 652 ;
1394 586 1741 653 composuisti
1761 585 2058 654 simplicem

484 684 756 737 naturam,
810 673 1127 741 placabilem
1166 673 1337 730 fecisti
1403 676 1813 745 implacabilem.
1849 676 1902 731 In
1944 677 2061 733 loco

483 781 602 819 eum
626 766 714 834 qui
741 775 795 819 et
840 782 869 817 a
895 764 1027 820 locis
1058 766 1195 821 liber
1234 777 1317 822 est
1366 768 1719 824 constituisti.
1760 768 1814 822 Si
1857 769 2061 825 dixeris

484 872 699 927 corpus,
727 856 879 910 dabis
931 857 1139 920 oculos,
1190 857 1341 912 dabis
1396 872 1557 912 aures
1602 860 1748 914 circa
1781 860 1973 926 Deum,
2004 870 2059 915 et

486 949 747 1018 linguam,
778 958 832 1002 et
862 963 1105 1012 sensum,
1134 958 1187 1003 et
1214 964 1356 1015 ossa,
1391 959 1446 1003 et
1491 949 1725 1015 viscera,
1750 960 1803 1005 et
1842 967 2058 1015 nervos,

482 1048 536 1093 et
558 1055 720 1095 venas
759 1056 773 1092 :
802 1050 856 1093 et
888 1041 1101 1108 ignoras
1133 1041 1201 1095 de
1235 1056 1341 1109 quo
1379 1040 1644 1110 loqueris.
1676 1040 1818 1111 Fuge
1842 1042 2061 1096 demen-

482 1132 634 1196 tiam,
674 1144 730 1185 ut
762 1132 1185 1202 comprehendas
1216 1150 1318 1187 non
1353 1145 1584 1202 quantus
1622 1143 1703 1188 est
1727 1144 1941 1196 natura,
1964 1136 2059 1190 sed

481 1233 740 1294 quantum
769 1225 860 1277 tibi
891 1224 1143 1292 possibile
1160 1234 1245 1278 est
1271 1238 1448 1278 nosse.
1474 1224 1529 1278 Si
1558 1238 1753 1294 corpus
1777 1225 2056 1279 estDeus:

483 1317 604 1377 quis
643 1324 724 1368 est
749 1315 839 1384 qui
882 1323 1179 1383 supportat,
1206 1315 1298 1384 qui
1325 1314 1629 1383 subbajulat
1672 1316 1869 1370 ccelum
1896 1317 1919 1370 ?
1949 1320 2061 1371 An-

483 1416 697 1473 tequam
730 1422 856 1475 ergo
888 1406 1080 1459 caelum
1114 1406 1288 1469 ﬁeret,
1327 1406 1414 1459 ubi
1444 1415 1561 1459 erat
1588 1407 1768 1461 Deus?
1799 1406 1966 1461 Terra
2012 1408 2057 1462 ei

480 1497 771 1551 scabellum
800 1508 881 1551 est
908 1516 919 1550 :
949 1507 1241 1565 antequam
1272 1508 1554 1552 crearetur
1574 1509 1738 1562 terra,
1788 1499 1877 1554 ubi
1906 1508 2061 1554 erant

480 1587 675 1654 pedes?
705 1586 809 1641 Sed
836 1587 1051 1656 quando
1098 1589 1298 1641 dictum
1361 1598 1442 1643 est
1488 1590 1631 1644 hoc:
1676 1590 1874 1645 Catum
1928 1592 2058 1645 milii

2163 405 2433 473 quomodo
2474 411 2654 473 potest
2685 400 2915 454 transire
2938 397 3231 453 scabellum
3259 398 3451 465 pedum
3484 398 3753 452 suorum?

2160 497 2434 565 quomodo
2467 493 2795 549 ambulavit?
2853 494 2948 546 sed
2985 490 3191 544 habitat
3234 489 3375 545 Deus
3416 491 3470 545 in
3515 490 3749 556 animis,

2161 586 2374 641 habitat
2407 597 2462 639 et
2493 582 2808 638 inambulat.
2834 582 3020 636 Latior
3048 580 3192 634 enim
3222 579 3375 633 sinus
3402 586 3489 632 est
3519 580 3748 647 animm,

2161 690 2320 744 quam
2357 675 2554 728 caelum
2583 690 2597 726 :
2628 683 2844 727 sanctus
2869 675 2921 726 in
2964 670 3166 725 sanctis
3203 670 3518 739 requiescit.
3544 670 3746 725 Indui—

2161 766 2313 831 mini,
2347 765 2541 834 inquit,
2596 764 2860 818 Christum
2909 760 3115 826 Iesum,
3150 762 3278 817 dicit
3332 763 3624 831 Apostolus
3659 763 3735 817 ⁸ο.

2162 856 2354 922 Quanti
2388 857 2532 911 enim
2586 855 2923 911 induuntur?
2969 849 3153 924 quanti
3190 864 3244 907 et
3278 855 3451 908 vocati
3507 865 3658 919 sunt,
3691 867 3747 910 et

2162 956 2446 1012 vocantur,
2472 958 2525 1001 et
2548 946 2919 1003 vocabuntur?
2947 955 3001 1000 et
3050 946 3415 1014 unusquisque
3445 956 3644 1013 totum,
3681 956 3740 1000 ct

2160 1051 2348 1091 onmes
2380 1047 2573 1102 totum,
2612 1046 2668 1091 et
2699 1049 2875 1105 neque
2911 1033 3173 1088 dividitur
3217 1034 3317 1097 eis,
3368 1047 3536 1101 neque
3596 1034 3744 1088 inci-

2167 1124 2335 1190 ditur,
2388 1140 2564 1194 neque
2622 1124 2908 1186 scinditur,
2959 1132 3015 1177 et
3064 1122 3318 1177 omnibus
3362 1122 3523 1188 adest,
3550 1132 3606 1175 et
3664 1126 3743 1177 ab

2164 1216 2418 1270 omnibus
2454 1223 2738 1282 separatus
2772 1221 2874 1276 est,
2902 1220 2957 1265 et
2980 1225 3167 1264 omnes
3207 1210 3379 1279 replet
3408 1227 3422 1261 :
3450 1211 3568 1278 quia
3621 1225 3738 1263 non

2163 1315 2253 1359 est
2285 1320 2485 1373 corpus
2515 1304 2682 1368 Deus,
2714 1318 2890 1371 neque
2916 1316 3113 1369 corpus
3136 1301 3283 1357 circa
3322 1302 3515 1369 ipsum,
3551 1314 3734 1369 neque

2165 1398 2509 1453 vestimenta.
2549 1395 2824 1466 Siquidem
2850 1403 2903 1450 et
2951 1409 3076 1449 cum
3140 1392 3192 1446 in
3247 1405 3481 1459 corpore
3536 1388 3733 1456 Filius,

2164 1504 2263 1544 nec
2292 1501 2418 1545 tunc
2463 1489 2610 1544 cadit
2668 1488 2719 1542 in
2754 1501 2990 1555 corpus:
3031 1486 3122 1540 sed
3158 1484 3327 1553 magis
3380 1483 3731 1553 incorporalis

2164 1593 2355 1635 natura
2415 1577 2731 1634 ellicientias
2789 1575 2917 1631 fecit
2957 1589 3156 1645 corpus
3216 1574 3445 1628 suil‘erre
3479 1614 3493 1639 ,
3539 1588 3735 1643 corpus

479 1679 622 1730 sedes
647 1716 661 1740 ,
705 1688 842 1730 terra
903 1688 1074 1731 autem
1129 1679 1416 1732 scabellum
1481 1682 1670 1749 pedum
1719 1683 2056 1737 meorum"?
2093 1668 2131 1721 Β
2158 1671 2304 1725 enim
2331 1684 2495 1739 supra
2535 1669 2734 1724 ﬂuctus
2777 1684 2885 1723 non
2916 1667 3157 1723 ambulat
3191 1665 3236 1705 δί
3272 1684 3287 1720 :
3326 1664 3624 1718 ambulavit
3649 1680 3737 1719 er-

479 1765 612 1820 Cum
639 1767 798 1822 Israel
836 1784 1085 1838 maguum
1128 1771 1255 1837 quid
1278 1782 1495 1839 saperet
1527 1774 1593 1827 de
1625 1773 1842 1843 templo,
1900 1775 2054 1829 adin-

479 1861 702 1914 veniens
729 1861 830 1913 sibi
860 1860 1139 1929 templum.
1174 1861 1484 1930 Corripiens
1538 1865 1681 1918 enim
1734 1865 1963 1920 humiles
2002 1872 2057 1920 et

478 1950 796 2015 admonens,
831 1952 953 2020 quia
987 1952 1124 2005 Deus
1149 1952 1345 2021 templo
1378 1969 1483 2008 non
1510 1955 1901 2023 circumdatur,
1931 1968 2058 2011 tunc

478 2042 646 2095 dicit:
677 2041 872 2096 Ctet’unt
895 2045 1022 2096 mihi
1051 2045 1195 2098 sedes
1223 2087 1237 2111 ,
1267 2057 1399 2098 terra
1442 2056 1614 2099 autem
1651 2049 1931 2101 scabellum
1964 2066 2056 2117 pe-

477 2131 602 2182 dum
628 2148 879 2184 meorum.
910 2132 1017 2185 Hoc
1046 2143 1102 2185 ut
1131 2135 1312 2199 parvis
1355 2134 1612 2201 loquitur.
1650 2136 1716 2190 Et
1742 2139 1869 2206 quid
1909 2139 2057 2193 addit

479 2219 840 2288 interpretans
862 2235 925 2274 ea
958 2237 1077 2289 qua:
1100 2223 1237 2276 dixit
1264 2240 1277 2277 :
1309 2224 1477 2289 Quom
1520 2226 1732 2279 domum
1769 2228 2056 2295 wdiﬁcabi-

477 2311 545 2362 tis
567 2312 714 2371 mini.
742 2323 789 2365 et
823 2314 936 2373 quis
972 2312 1115 2367 locus
1167 2316 1500 2384 requietionis
1562 2335 1691 2373 mete
1713 2319 1796 2375 ”?
1821 2322 1898 2374 Ad
1956 2320 2057 2376 hoc

478 2397 604 2451 illud
631 2400 761 2454 utile
789 2419 802 2454 :
830 2400 895 2454 ad
925 2413 1173 2456 naturam
1199 2417 1377 2459 autem
1407 2422 1474 2460 ne
1490 2408 1705 2476 quidem
1731 2409 1883 2465 illud.
1914 2412 2055 2467 Audi

476 2490 622 2542 enim
651 2490 792 2545 illius
828 2494 1122 2562 magnifica:
1153 2497 1298 2550 vocis
1328 2497 1733 2553 admirationem
1761 2515 1775 2553 :
1803 2500 1868 2553 In
1904 2518 2058 2554 mun-

481 2579 549 2633 do
584 2593 721 2648 erat,
755 2593 846 2647 et,
901 2587 1031 2637 renit
1078 2587 1145 2638 ad
1185 2591 1433 2641 mundum
1452 2589 1515 2641 ³⁸.
1571 2593 1870 2660 Antequam
1915 2593 2056 2646 enim

484 2684 765 2742 putaretur
812 2679 1026 2743 adesse,
1078 2680 1286 2735 aderat.
1325 2681 1439 2737 Non
1477 2694 1559 2737 est
1587 2686 1675 2738 ubi
1708 2701 1811 2740 non
1839 2696 1966 2740 est:
2004 2695 2060 2741 et

477 2765 601 2832 quia
636 2767 835 2838 ubique
882 2780 983 2837 est,
1015 2787 1119 2826 non
1155 2774 1519 2828 circumdatur
1548 2790 1577 2828 a
1615 2772 1751 2831 loco.
1812 2777 1865 2831 Si
1904 2778 2050 2832 enim

479 2859 534 2912 in
567 2858 686 2915 loco
714 2872 849 2922 erat.
869 2863 920 2916 in
951 2864 1060 2920 alio
1090 2865 1206 2920 loco
1232 2883 1337 2921 non
1363 2878 1501 2922 erat.
1529 2868 1663 2935 Quia
1701 2870 1843 2924 enim
1871 2873 2054 2927 omnia

476 2950 666 3023 implet
692 2953 805 3008 loca
830 2994 843 3019 ,
875 2965 927 3009 et
966 2959 1216 3013 onmibus
1276 2972 1560 3028 separatus
1587 2970 1688 3027 est,
1723 2965 1900 3027 adest,
1950 2980 2053 3019 non

2156 1780 2224 1835 go
2263 1762 2421 1819 Jesus
2445 1778 2540 1833 per
2572 1778 2788 1830 corpus.
2824 1759 2939 1817 Non
2965 1774 3093 1831 ergo
3129 1758 3302 1814 deitas
3332 1758 3558 1812 deducta
3590 1766 3671 1811 est
3707 1772 3737 1809 a

2157 1870 2407 1925 corpore,
2461 1855 2556 1909 sed
2587 1869 2786 1923 corpus
2821 1852 3087 1907 elevatum
3126 1860 3208 1905 est
3238 1865 3267 1904 a
3300 1850 3502 1903 deitate
3532 1865 3543 1900 :
3589 1849 3738 1917 spuit

2157 1964 2374 2018 corpus,
2400 1949 2519 2018 ejus
2548 1948 2694 2001 enim
2718 1953 2909 1999 natura
2950 1952 3055 1998 est.
3086 1942 3187 2010 Qui
3212 1952 3393 1996 autem
3422 1941 3474 1996 in
3508 1956 3738 2009 corpore

2157 2042 2344 2092 adesse
2374 2038 2625 2107 dignatus
2667 2045 2771 2101 est,
2800 2034 2957 2104 simul
3008 2049 3131 2089 cum
3154 2042 3311 2101 sputo
3348 2032 3530 2086 emisit
3559 2030 3736 2085 virtu-
3828 2038 3831 2045 '

2159 2137 2262 2183 tem
2290 2142 2392 2182 non
2424 2128 2667 2182 incidens
2697 2143 2725 2180 a
2756 2142 2837 2192 se,
2871 2136 2923 2181 et
2949 2125 3118 2180 lutum
3143 2125 3301 2179 fiebat
3327 2140 3394 2179 ex
3428 2136 3587 2196 sputo
3618 2141 3635 2182 :
3665 2139 3736 2179 ex

2156 2229 2315 2288 sputo
2349 2230 2529 2273 autem
2575 2230 2629 2273 et
2679 2217 2791 2273 luto
2842 2217 3029 2272 oculos
3086 2217 3179 2286 qui
3243 2227 3450 2270 natura;
3500 2216 3734 2270 deerant

2157 2311 2410 2381 ﬁguravit
2437 2326 2450 2363 :
2482 2319 2539 2364 ut
2567 2310 2634 2363 ab
2657 2311 2809 2363 initio
2840 2309 3071 2364 intueris
3107 2316 3274 2363 totum
3335 2309 3550 2379 quidem
3608 2323 3737 2363 cor-

2157 2419 2257 2474 pus
2282 2402 2612 2463 alleviatum.
2639 2412 2694 2456 et
2738 2403 3059 2457 vestimenta
3109 2401 3354 2470 corporis
3394 2400 3675 2455 elﬁcienlia
3714 2416 3731 2452 :

2157 2505 2213 2549 et
2258 2495 2325 2549 ad
2379 2495 2731 2559 vestimenta,
2768 2503 2827 2547 ut
2873 2494 3054 2549 videas
3071 2494 3197 2562 quia
3222 2493 3400 2548 divina
3431 2493 3600 2547 virtus
3622 2508 3731 2559 per

2158 2603 2352 2643 omnes
2404 2597 2655 2657 penetrat
2689 2587 2778 2656 qui
2842 2586 3155 2655 tetigerunt.
3215 2585 3361 2640 Sicut
3403 2583 3546 2636 enim
3580 2583 3730 2652 ignis

2158 2678 2409 2735 calefacit
2443 2677 2689 2748 proxima
2731 2678 2871 2741 sibi.
2920 2680 3111 2747 et'per
3159 2675 3412 2731 calefacta
3462 2675 3544 2729 his
3605 2690 3734 2743 qua:

2158 2771 2524 2841 adiunguntur
2602 2768 2874 2824 calefactis
2953 2769 3186 2823 Calorem
3266 2766 3503 2836 impertit
3567 2778 3585 2817 '.
3658 2765 3734 2819 ita

2157 2861 2517 2917 sanctiﬁcavit
2551 2861 2811 2917 Dominus
2840 2876 3036 2931 corpus
3072 2860 3213 2930 quod
3273 2859 3505 2928 accepit,
3529 2867 3585 2912 et
3638 2872 3735 2926 per

2158 2969 2357 3023 corpus
2385 2961 2627 3023 sputum,
2658 2964 2713 3008 et
2746 2969 2841 3023 per
2864 2968 3064 3021 corpus
3092 2952 3435 3008 vestimenta.
3463 2950 3556 3005 llla
3587 2950 3731 3006 enim

477 3022 633 3098 adest
667 3062 680 3098 :
718 3061 823 3099 non
860 3055 1011 3115 potes
1052 3022 1354 3117 intelligere
1391 3059 1467 3103 tu.
1500 3022 1772 3106 llocenim
1802 3022 2053 3122 estquod
2083 3022 2125 3079 Ο
2167 3022 2361 3100 mulier
2382 3022 2502 3115 quae
2530 3022 2895 3099 summitatem
2945 3043 3171 3098 limbrite
3217 3043 3388 3113 tetigit
3447 3043 3731 3096 vestimen-

476 3137 741 3205 quairitur
792 3154 805 3189 ε
870 3137 1005 3190 nihil
1057 3138 1498 3205 Samaritanum,
1556 3142 1684 3195 nihil
1750 3142 2052 3210 Judaicum,

477 3225 608 3276 nihil
639 3226 739 3277 tale
767 3234 823 3277 ut
853 3226 1003 3281 dicas
1035 3245 1048 3281 :
1089 3227 1276 3283 Patres
1308 3232 1469 3283 nostri
1517 3233 1569 3283 in
1596 3242 1770 3286 monte
1793 3233 1889 3286 hoc
1921 3237 2051 3287 ado-

476 3326 722 3369 raverunt
768 3316 832 3367 ³³.
891 3315 1002 3372 Hoc
1056 3320 1199 3372 enim
1265 3318 1725 3376 Samaritanorum
1761 3333 1893 3377 est:
1949 3323 2052 3379 Vos

477 3415 649 3457 autem
702 3408 877 3462 dicitis
933 3409 989 3462 in
1044 3408 1416 3482 Hierosolyma
1485 3430 1594 3467 esse
1640 3413 1888 3469 locum“.
1937 3414 2051 3471 Non

480 3496 611 3550 mihi
660 3508 893 3563 montes,
932 3515 1039 3554 non
1101 3502 1320 3571 tetnpla,
1351 3519 1453 3558 non
1490 3505 1785 3571 civitatem,
1818 3523 1924 3561 non
1964 3522 2051 3561 re-

478 3591 715 3658 gionem,
767 3607 875 3646 non
942 3592 1141 3657 locum,
1203 3610 1302 3649 nec
1355 3606 1715 3662 terram,nec
1748 3614 1919 3665 mare,
1954 3614 2051 3655 nec

477 3696 659 3737 aerem
688 3699 702 3747 ;
748 3698 867 3737 cum
931 3685 1067 3741 cmlo
1120 3687 1250 3740 nihil
1297 3686 1600 3743 Judaicum.
1634 3690 1778 3744 Bona
1806 3691 1888 3744 lex
1918 3702 2000 3746 est
2031 3708 2047 3747 :

479 3772 565 3827 lac
594 3777 774 3843 parvis
798 3777 930 3830 utile
961 3787 1063 3832 est.
1099 3778 1301 3833 Factus
1353 3794 1412 3833 es
1461 3780 1749 3849 perfectus,
1788 3782 2048 3836 formatus

472 3881 555 3935 es,
604 3883 802 3924 excusa
828 3870 977 3935 illud,
1008 3872 1149 3939 quod
1183 3871 1477 3940 aliquando
1530 3872 1623 3927 tibi
1652 3874 1939 3928 videbatur
1971 3875 2048 3929 ci-

473 3962 613 4015 vitas
669 3964 782 4029 Dei,
842 3964 1098 4032 templnm
1153 3962 1267 4031 Dei,
1324 3964 1579 4033 templum
1629 3965 1867 4021 Domini.
1907 3966 2047 4021 Dicit

471 4053 614 4106 enim
649 4051 945 4106 Jeremias:
1000 4052 1270 4122 Templum
1322 4052 1555 4119 Domini,
1607 4056 1651 4109 si
1700 4057 2041 4122 servaverim,

471 4142 665 4210 inquit,
693 4144 941 4197 mandata
968 4144 1175 4196 Domini
1199 4143 1264 4195 ³⁷.
1315 4144 1518 4201 Decora
1559 4162 1657 4201 vox
1687 4148 1860 4216 primo
1899 4149 2041 4202 testi.

474 4228 724 4283 Salomon
780 4240 958 4284 autem
1015 4232 1297 4285 aadilicavit
1332 4234 1433 4286 sibi
1477 4235 1714 4300 domum,
1768 4238 1843 4290 ait
1884 4253 1899 4292 :
1950 4239 2042 4293 sed

469 4317 789 4383 Altissimus,
821 4321 1009 4388 inquit,
1041 4336 1141 4373 non
1175 4321 1376 4376 habitat
1406 4325 1459 4377 in
1509 4327 1826 4395 manufestis
1861 4330 2037 4383 homi-

470 4425 594 4462 num
615 4410 681 4462 ³⁸.
709 4411 1018 4466 Altissimus
1050 4423 1103 4466 et
1134 4428 1237 4467 non
1270 4415 1320 4468 in
1346 4416 1569 4471 civitate
1598 4435 1610 4470 :
1640 4418 1954 4477 Altissimus
1985 4433 2035 4478 et

470 4517 573 4555 non
645 4502 696 4556 in
760 4505 977 4573 templo.
1031 4505 1097 4559 Et
1161 4505 1296 4562 dicit
1343 4524 1439 4578 per
1471 4511 1636 4565 alium
1665 4514 2035 4582 prophetam:

470 4589 697 4646 Sanctus
728 4611 865 4660 sum,
894 4606 942 4648 et
971 4612 1072 4649 non
1103 4599 1367 4666 ingrediar
1402 4602 1665 4657 civitatem
1680 4604 1745 4657 ⁸⁸.
1773 4605 1829 4659 Si
1858 4619 2035 4663 autem

468 4684 521 4737 in
571 4686 843 4740 civitatem
909 4704 1011 4742 non
1071 4691 1393 4758 ingreditur,
1442 4694 1494 4747 in
1529 4696 1727 4765 templo
1764 4702 2036 4766 quomodo

468 4770 711 4825 habitat?
736 4781 785 4825 ut
820 4773 1030 4827 dicatur
1055 4776 1251 4829 cmlum
1275 4777 1454 4844 sedes,
1492 4790 1549 4833 nt
1572 4796 1677 4834 non
1707 4782 1899 4838 donius
1934 4800 2035 4854 pu-

466 4871 610 4917 tetur
638 4874 690 4917 et
723 4873 867 4918 terra
901 4866 1239 4921 scabellum?
1271 4868 1370 4935 Qui
1395 4880 1573 4925 autem
1616 4874 1767 4927 novit
1795 4876 2034 4944 eumqui

464 4967 523 5006 se
555 4954 760 5022 genuit,
786 4956 901 5021 ipse
931 4958 1035 5010 scit
1082 4966 1137 5010 et
1174 4960 1376 5013 revelat
1409 4962 1534 5030 quia
1590 4962 1765 5018 nullus
1802 4980 1926 5019 eum
1955 4968 2035 5021 vi-

464 5044 562 5101 dit.
599 5047 675 5101 Et.
712 5058 859 5103 certe
893 5048 1039 5103 venit
1088 5048 1271 5115 Pater,
1300 5062 1355 5107 et
1390 5054 1591 5108 habitat
1627 5065 1679 5108 et
1714 5055 2029 5113 inambulat.

466 5137 531 5190 Et
559 5150 707 5195 certe
733 5141 820 5195 illa
868 5144 1255 5211 consequentia
1292 5160 1400 5199 non
1430 5148 1671 5202 consedit
1701 5149 1813 5221 (12)
1846 5152 2031 5205 ambu-

462 5224 738 5288 lationem.
769 5230 827 5285 Si
857 5233 999 5286 enim
1040 5242 1208 5287 totum
1240 5234 1441 5289 coelum
1475 5240 1629 5293 sedes
1658 5238 1794 5306 ejus,
1828 5249 1882 5295 et
1922 5250 2029 5295 tota

553 5411 596 5442 ⁸³
631 5410 741 5489 isa:
758 5427 898 5480 um,
935 5418 986 5489 i.
1061 5414 1108 5449 ³³
1142 5419 1270 5478 ibid.
1334 5421 1555 5478 aHloan.
1592 5421 1737 5489 1,10.

464 5480 551 5535 et.
631 5482 1017 5551 "05e.xr,9.
1128 5480 1623 5561 “nomium”.

536 5571 647 5641 (12)
679 5570 943 5628 Consedit.
966 5576 1122 5631 Forte
1150 5582 1405 5641 concedit.

535 5642 647 5708 (ιὸ)
682 5641 813 5698 Nos.
853 5644 1016 5701 Forte
1042 5665 1161 5702 non.

1815 5422 1860 5455 ³³⁵
1882 5424 2037 5482 Joan.
2065 5443 2139 5488 tv.
2165 5427 2255 5483 20.

1698 5494 1741 5526 “
1773 5494 1929 5552 Joan.
1970 5512 2044 5565 vr,
2091 5499 2176 5555 l'9.

2164 3146 2361 3202 torum,
2397 3137 2594 3192 fontem
2621 3136 2975 3191 insanabilem
3004 3135 3281 3204 sanguinis
3344 3135 3568 3197 habens,
3599 3134 3703 3188 hau

2162 3227 2252 3283 riit
2278 3243 2373 3297 per
2419 3228 2685 3282 limbriam
2719 3229 2969 3284 sanitatis
3009 3227 3274 3282 medelam
3303 3225 3348 3258 δ’
3391 3244 3407 3282 :
3446 3241 3477 3279 a
3531 3226 3728 3281 deitate

2160 3320 2367 3375 sciicet
2397 3336 2518 3391 quae
2554 3321 2738 3375 aderat
2772 3322 2824 3375 in
2846 3334 3072 3389 corpore
3104 3318 3233 3372 :scd
3267 3318 3588 3373 vestimenta
3613 3318 3728 3387 ejus

2159 3415 2527 3483 praesentiam.
2556 3412 2742 3482 Neque
2776 3413 2939 3484 igitur
2970 3413 3084 3481 ipse
3117 3425 3317 3480 corpus
3362 3410 3726 3465 necessarium

2160 3503 2348 3559 habuit
2373 3520 2387 3557 :
2420 3507 2512 3559 sed
2534 3507 2731 3575 quibus
2768 3515 2887 3561 erat
2910 3505 3037 3559 utile
3066 3504 3380 3572 contingere
3404 3515 3458 3560 et
3494 3505 3715 3558 tunicam

2157 3602 2212 3649 et
2270 3610 2485 3662 corpus.
2515 3605 2570 3650 et
2627 3612 2722 3666 per
2773 3598 3025 3668 spiritum
3080 3597 3265 3652 videre
3333 3595 3719 3667 incorporalem

2158 3683 2346 3750 Deum,
2368 3684 2458 3753 qui
2495 3685 2795 3740 ministerio
2826 3686 3241 3755 incorporalium
3274 3686 3424 3741 dives
3457 3696 3596 3741 erat.
3626 3685 3720 3739 hli-

2156 3775 2434 3831 nisterium
2476 3786 2655 3831 autem
2682 3778 2907 3833 audiens
2942 3794 3046 3833 non
3101 3780 3482 3832 necessitatem
3538 3777 3724 3831 audire

2155 3866 2337 3932 debes,
2371 3868 2463 3923 sed
2503 3869 2827 3924 beneﬁcium
2871 3885 3058 3925 eorum
3094 3870 3186 3937 qui
3238 3871 3571 3936 ministrant,
3613 3884 3721 3924 nou

2154 3973 2307 4013 usum
2360 3967 2541 4015 tamen
2595 3960 2712 4029 ejus
2764 3962 2858 4029 qui
2891 3961 3272 4015 ministratur:
3308 3960 3530 4014 multum
3570 3961 3713 4014 enim

2153 4070 2250 4109 nos
2289 4055 2399 4125 (15)
2427 4071 2709 4125 prosumus
2738 4056 2868 4119 Deo,
2892 4057 3019 4126 quia
3044 4057 3286 4110 videmur
3325 4070 3420 4124 pro
3455 4056 3561 4110 Deo
3587 4069 3722 4110 con-

2154 4147 2392 4201 tendere.
2422 4145 2591 4202 Nobis
2616 4146 2758 4200 enim
2787 4144 2993 4200 lucrum
3024 4156 3125 4211 est,
3157 4155 3215 4200 ut
3246 4146 3477 4215 religiosi
3497 4145 3664 4198 simus
3696 4162 3713 4199 :

2150 4237 2305 4292 nobis
2330 4237 2539 4292 lucrum
2573 4247 2657 4291 est
2691 4238 2736 4292 si
2778 4253 2883 4292 non
2914 4251 3197 4308 perversas
3251 4237 3585 4292 habuerimus
3640 4237 3713 4291 de

2150 4329 2259 4384 Deo
2286 4341 2511 4395 mentes,
2546 4344 2612 4384 ne
2633 4339 2687 4385 et
2715 4329 3027 4384 decidamus
3073 4345 3101 4383 a
3132 4330 3261 4385 Deo.
3295 4326 3492 4382 Decidit
3525 4335 3711 4381 autem

2145 4422 2326 4477 omnis
2359 4437 2386 4474 a
2418 4420 2552 4486 Deo,
2583 4423 2671 4491 qui
2709 4421 2884 4475 aliena
2920 4421 3080 4491 sapit.
3109 4423 3183 4475 De
3234 4435 3337 4491 quo
3372 4418 3417 4473 si
3455 4418 3711 4473 didiceris

2144 4512 2216 4566 ita
2251 4521 2431 4576 ntest,
2471 4512 2637 4565 habes
2673 4525 2793 4565 eum
2827 4529 2843 4565 :
2882 4511 2929 4565 si
2961 4519 3140 4564 autem
3166 4511 3329 4565 alium
3361 4524 3455 4579 pro
3480 4509 3582 4564 alio
3613 4524 3711 4578 puo

2146 4606 2360 4668 laveris,
2399 4604 2638 4672 eumqui
2683 4612 2766 4657 est
2800 4620 2907 4658 non
2939 4603 3183 4660 habebis.
3229 4602 3364 4669 Quia
3414 4617 3517 4657 non
3547 4616 3711 4671 agno-

2142 4695 2267 4749 visti
2290 4709 2449 4763 quem
2482 4707 2657 4763 putas,
2694 4710 2798 4748 non
2827 4695 2992 4750 habes
3014 4690 3326 4765 eurrizquia
3369 4710 3476 4749 non
3513 4704 3593 4748 est
3629 4704 3711 4746 ta-

2140 4784 2206 4840 lis
2232 4785 2439 4854 qualem
2470 4774 2650 4854 putas.
2710 4786 2827 4840 Non
2879 4788 2944 4842 de
2986 4786 3224 4857 quolibet
3278 4794 3551 4840 certamen
3600 4793 3705 4837 est.

2139 4874 2431 4930 lrridemus
2461 4891 2554 4931 eos
2599 4886 2654 4931 et
2679 4878 2803 4947 quia
2859 4878 2962 4931 ista
3026 4892 3191 4947 parva
3248 4876 3567 4945 delinquunt
3612 4874 3706 4943 qui

2140 4972 2389 5038 ignorant
2421 4979 2563 5023 artes
2594 4985 2607 5020 :
2635 4970 2725 5023 ubi
2758 4984 2848 5023 ars
2878 4979 2961 5023 est
2989 4969 3315 5034 necessaria,
3362 4982 3456 5022 eos
3476 4967 3565 5035 qui
3598 4982 3704 5019 non

2139 5070 2499 5129 assequuntur
2566 5076 2629 5115 ea
2687 5076 2806 5130 quae
2855 5063 3101 5125 audiunt,
3165 5062 3474 5130 frequenter
3519 5058 3705 5112 dicen-

2140 5161 2245 5207 tem
2272 5154 2381 5222 (M)
2413 5154 2580 5218 vides,
2613 5155 2863 5217 dicimus,
2899 5170 3003 5207 non
3043 5154 3220 5221 audis,
3265 5168 3369 5206 non
3424 5139 3704 5220 intelligis.

2138 5241 2304 5311 Igitur
2328 5245 2395 5299 de
2424 5246 2506 5299 his
2538 5260 2656 5314 quae
2687 5246 2964 5300 hominum
2996 5255 3142 5311 sunt,
3191 5244 3345 5314 culpa
3392 5253 3477 5299 est
3508 5244 3552 5297 si
3598 5258 3705 5295 non

2333 5426 2377 5460 ⁸⁸
2415 5429 2544 5485 ibid.
2622 5428 2665 5463 ³⁷
2692 5426 2802 5486 Jer.
2836 5445 2943 5496 vlt,
2976 5429 3029 5484 4.

2281 5500 2325 5531 ⁸³
2362 5500 2550 5554 Matth.
2586 5516 2664 5564 Ix,
2695 5500 2886 5555 20-22.

2209 5588 2322 5659 (Η)
2350 5590 2637 5647 Dicentem.
2666 5590 2823 5648 Forte
2852 5592 3099 5648 dicentes.

3107 5431 3273 5488 “Act.
3306 5442 3405 5499 vn,
3435 5426 3504 5483 48
3526 5446 3539 5496 ;
3563 5439 3701 5501 xm,
