4050 6206
376 175 519 230 1195

1332 169 1419 224 DE
1452 152 1913 227 INCORPORALI
1953 169 2039 224 ET
2076 170 2418 227 INVISIBILI
2459 172 2615 229 uso.

3490 180 3629 236 “26

373 293 729 351 habuerimus
788 292 855 347 de
885 290 1138 347 invisibili
1193 291 1323 346 Deo.
1350 292 1481 346 Cum
1510 302 1687 346 autem
1718 292 1841 362 quis
1867 300 1959 346 aut
1989 295 2033 352 Α
2062 292 2327 345 ἰηιειιεεια
2359 291 2834 361 conspiciuntur“.
2883 290 3020 360 Quid
3061 301 3165 358 est,
3197 293 3466 352 intellecta
3493 314 3628 354 eou-

374 388 708 457 despexerit,
740 396 833 440 aut
889 386 1072 440 audire
1129 384 1505 451 noluerit,‘aut
1528 386 1827 455 intelligere
1854 387 1954 439 mi-

375 496 480 535 nus
528 480 784 551 potuerit,
813 478 940 546 quid
985 486 1142 546 putas
1169 477 1314 532 erit?
1367 476 1482 532 Noli
1518 493 1703 534 errare
1741 494 1770 531 a
1820 479 1948 533 Deo.

374 572 520 627 Laus
548 574 660 637 Dei,
685 570 884 640 agnitio
910 581 995 625 est
1029 570 1145 625 Dei.
1176 569 1485 625 Secundum
1524 572 1667 639 quod
1691 582 1773 625 est
1798 572 1953 627 nobis

372 665 633 733 possibile
671 662 922 716 recedere
972 676 999 714 a
1057 661 1477 715 consuetudine.
1526 660 1639 715 Non
1676 662 1949 717 hominem

374 759 573 826 qtueris
623 766 679 810 ut
708 756 921 824 aperias
968 752 1017 809 ei
1070 754 1253 809 oculos
1280 754 1392 825 (15)
1418 763 1471 808 et
1512 770 1691 817 aures,
1724 767 1778 807 et
1810 770 1871 808 os
1897 763 1951 808 et

372 850 631 919 linguam,
682 859 733 900 et
769 861 986 909 manus,
1024 854 1077 899 et
1104 855 1311 915 pectus,
1343 856 1399 900 et
1445 846 1630 915 pedes,
1664 854 1720 899 et
1780 861 1949 915 ponas

371 944 471 995 sub
495 954 554 995 eo
582 939 803 1004 sedem,
838 949 893 991 et
923 938 1184 1006 subjicias
1214 936 1529 997 scabellum.
1561 946 1615 990 et
1675 952 1947 1006 supponas

377 1044 598 1087 terram.
646 1029 763 1085 Non
819 1040 903 1084 est
952 1045 1018 1083 ex
1072 1029 1228 1083 nobis
1261 1028 1545 1092 Dominus,
1579 1029 1672 1083 sed
1719 1045 1818 1085 nos
1850 1044 1948 1098 per

369 1127 540 1195 ipsum
583 1139 792 1178 smnus.
822 1124 915 1177 Vis
955 1134 1134 1176 autem
1185 1121 1427 1176 ediscere
1452 1122 1576 1189 quia
1625 1137 1728 1175 non
1768 1132 1944 1177 estex

369 1217 564 1272 nobis?
592 1216 667 1270 De
695 1216 831 1271 Filio
861 1215 976 1281 ejus
998 1230 1120 1268 cum
1157 1214 1357 1268 dictum
1385 1224 1557 1277 esset,
1609 1212 1944 1279 Emmanuel,

366 1307 636 1361 uobiscum
698 1306 926 1372 Deus”;
978 1320 1085 1359 non
1152 1303 1469 1374 simpliciter
1526 1305 1803 1359 nobiscum
1862 1315 1946 1359 est

365 1400 590 1461 dictum,
621 1398 715 1451 sed
751 1414 871 1451 cum
914 1398 965 1451 in
1022 1412 1251 1466 corpore
1300 1398 1444 1452 venit
1494 1395 1780 1459 Dominus,
1818 1406 1945 1452 tunc

368 1492 647 1547 nobiscum
677 1508 691 1545 :
717 1507 838 1545 cum
867 1490 1028 1560 Virgo
1054 1491 1107 1544 in
1141 1499 1294 1544 utero
1344 1490 1596 1559 concepit
1630 1530 1645 1555 ,
1676 1498 1800 1543 tunc
1849 1505 1944 1544 no-

368 1588 581 1640 biscum
630 1586 792 1641 Deus.
831 1586 969 1640 Ante
1017 1586 1173 1639 istam
1232 1594 1411 1639 autem
1460 1584 1941 1654 dispensationem,

368 1679 531 1733 etiam
567 1678 690 1731 dum
721 1688 866 1732 esset
895 1692 1149 1747 praesens,
1204 1692 1311 1731 non
1359 1686 1477 1730 erat
1528 1678 1830 1732 nobiscum.
1886 1675 1943 1732 Si

368 1769 510 1823 enim
541 1782 737 1835 corpus
772 1766 965 1822 feceris
998 1769 1160 1821 Deum
1187 1804 1202 1832 ,
1227 1778 1280 1820 et
1308 1781 1503 1835 corpus
1547 1767 1943 1837 plenitudinem

370 1861 488 1916 emii
523 1869 577 1915 et
609 1871 789 1924 terrae,
824 1869 916 1914 aut
947 1861 1091 1930 quod
1128 1872 1349 1929 superat
1376 1876 1536 1931 supra
1564 1861 1707 1928 brec;
1739 1862 1790 1915 in
1829 1862 1945 1931 ipso

369 1967 535 2022 pones
564 1951 783 2019 cmlum,
809 1961 862 2005 et
892 1960 1052 2006 terra:
1077 1951 1305 2021 lapides,
1333 1962 1388 2007 et
1430 1956 1608 2007 omnia
1645 1968 1764 2022 quae
1798 1962 1941 2009 sunt.

367 2042 422 2097 Si
441 2044 581 2096 enim
613 2051 673 2097 ut
695 2058 891 2111 corpus
914 2051 1263 2097 coextensum
1294 2054 1377 2097 est
1399 2044 1744 2112 corporibus,
1769 2046 1945 2115 primo

364 2134 579 2202 quidem
600 2136 855 2191 abstrahe
893 2137 1075 2191 omnia
1102 2176 1118 2201 ,
1161 2147 1217 2190 ut
1248 2136 1422 2192 locum
1453 2137 1650 2191 habeat
1685 2138 1847 2192 Deus.
1885 2137 1942 2192 Si

363 2226 504 2280 enim
554 2241 750 2297 corpus
788 2236 1195 2297 estmagnum:
1226 2236 1521 2296 egestatem
1580 2227 1702 2282 dico
1742 2242 1943 2298 paupe-

366 2335 510 2385 rmn,
543 2334 647 2373 non
680 2319 867 2388 implet
887 2320 1065 2373 omnia
1101 2334 1114 2369 :
1143 2319 1323 2373 nullus
1347 2320 1485 2373 alius
1513 2320 1709 2373 habeat
1741 2320 1939 2373 locum.

364 2408 557 2464 Omnia
593 2411 736 2465 enim
767 2410 1025 2479 prtevenit
1061 2409 1222 2467 Deus.
1258 2409 1322 2463 Et
1356 2409 1499 2463 sicut
1533 2410 1798 2477 repletum
1844 2427 1939 2466 vas

368 2502 551 2562 iuuerit.
577 2516 642 2555 eo
670 2503 759 2571 qui
792 2510 1148 2571 praecesserat
1187 2501 1448 2569 replente,
1494 2517 1600 2555 non
1651 2513 1733 2556 est
1793 2502 1942 2558 locus

363 2605 421 2646 ut
444 2594 860 2663 supermittatur
901 2593 1099 2661 aliquid
1148 2592 1293 2646 aliud
1324 2610 1339 2647 :
1374 2594 1444 2647 ita
1492 2595 1535 2648 si
1571 2594 1712 2650 Deus
1746 2611 1942 2664 corpus

362 2695 463 2746 est,
509 2686 785 2754 praecessit
845 2694 1024 2738 autem
1081 2686 1303 2751 omnia,
1342 2701 1447 2740 non
1496 2686 1689 2741 habeat
1744 2688 1937 2745 ccelutn

364 2777 543 2832 locum
592 2787 651 2833 ut
706 2777 891 2844 iaciat,
955 2792 1129 2847 neque
1190 2786 1329 2832 terra
1386 2778 1600 2845 locum;
1663 2783 1940 2848 praecessit

365 2872 509 2924 enim
537 2871 695 2925 Deus.
730 2870 784 2925 Si
826 2880 1003 2923 autem
1036 2880 1116 2923 est
1143 2869 1335 2923 ctelum
1366 2880 1420 2924 et
1446 2878 1609 2934 terra,
1655 2881 1708 2926 et
1746 2888 1895 2927 mare
1921 2913 1936 2937 ,

373 2973 424 3017 et
464 2979 589 3026 aer,
623 2963 801 3015 nullus
826 2962 973 3017 locus
1010 2972 1093 3017 est
1122 2976 1358 3017 vacuus:
1404 2978 1579 3033 neque
1630 2979 1695 3018 ex
1745 2976 1935 3018 natura
1964 2986 2007 3044 ε

364 3071 552 3109 eorum
610 3070 895 3123 corporum
954 3071 1073 3124 quae
1119 3055 1319 3119 insunt,
1355 3069 1530 3123 neque
1553 3070 1619 3109 ex
1651 3059 1937 3125 praesentia

371 3147 463 3201 Dei
494 3164 508 3212 ;
544 3150 667 3216 quia
701 3162 795 3214 per
824 3163 1046 3215 corpora
1073 3157 1364 3217 penetrans
1388 3148 1564 3211 adest,
1602 3163 1706 3201 non
1738 3164 1938 3219 corpus

364 3242 477 3308 ipse
504 3250 603 3294 est.
639 3236 914 3309 Siquidem
946 3256 1041 3295 nec
1089 3242 1133 3294 si
1160 3242 1337 3294 anima
1384 3226 1566 3295 uestra
1618 3252 1765 3297 esset
1813 3258 1935 3297 cor-

363 3350 481 3402 pus,
511 3344 725 3404 poterat
760 3350 879 3389 esse
907 3335 958 3388 in
991 3350 1237 3404 corpore.
1258 3335 1413 3391 Sicut
1445 3336 1588 3390 enim
1630 3338 1934 3407 suscipiens

360 3443 550 3496 aquam
576 3444 681 3482 non
718 3438 899 3482 manet
931 3439 1190 3499 quantum
1218 3438 1357 3491 erat,
1391 3429 1482 3483 sed
1511 3428 1935 3485 additamentum

359 3531 520 3589 anget
562 3520 985 3589 magnitudinem
1019 3534 1285 3574 mensurae
1314 3535 1326 3571 :
1359 3520 1429 3573 ita
1483 3534 1678 3590 corpus
1713 3521 1932 3590 corpori

358 3614 738 3681 compositum.
767 3611 833 3665 Et
866 3612 1004 3666 sicut
1047 3612 1314 3677 zediﬁciis,
1345 3622 1397 3667 et
1430 3613 1679 3676 navibus.
1710 3625 1765 3668 et
1805 3615 1935 3669 cho-

361 3703 460 3769 ris,
489 3710 543 3757 et
576 3703 807 3773 populis,
833 3710 887 3756 et
906 3700 1235 3766 civitatibus,
1260 3709 1315 3756 et
1357 3700 1522 3771 agris,
1552 3710 1603 3756 et
1630 3700 1933 3766 arboribus,

358 3794 500 3848 aliud
522 3794 626 3848 alio
657 3794 898 3847 additum
945 3801 1106 3862 anget
1142 3791 1611 3861 magnitudinem:
1664 3792 1707 3846 si
1754 3802 1931 3845 autem

358 3895 619 3955 angustus
650 3883 813 3938 fuerit
844 3883 1013 3947 locus,
1048 3895 1168 3951 qua:
1210 3889 1605 3949 praecesserunt
1627 3919 1643 3946 ,
1675 3894 1795 3949 quae
1833 3897 1927 3934 au-

357 3988 463 4030 tem
518 3976 1075 4039 subintroducuntur,
1140 3990 1243 4028 non
1292 3972 1566 4027 habebunt
1630 3973 1831 4028 locum.
1874 3974 1931 4028 Si

356 4066 518 4135 igitur
569 4079 795 4133 corpora
858 4065 1131 4117 adduntur
1186 4064 1400 4133 corpori
1452 4064 1746 4119 constituto
1798 4065 1930 4133 Deo,

356 4157 665 4228 angelisque
698 4158 858 4220 Deus,
891 4165 1047 4224 putas
1071 4172 1174 4211 nou
1198 4167 1317 4210 erat
1342 4155 1617 4226 perfectus
1638 4167 1930 4229 antequam

355 4252 642 4306 adderetur
672 4249 905 4305 caelum?
940 4248 995 4303 Si
1027 4258 1207 4302 autem
1250 4249 1367 4318 ipse
1395 4260 1511 4303 erat
1545 4250 1820 4319 perfectus
1876 4263 1931 4307 et

355 4352 689 4413 praevenerat
721 4342 923 4405 omnia,
948 4357 1053 4394 non
1087 4341 1357 4395 habebant
1385 4340 1562 4395 locum
1597 4358 1770 4409 mare,
1816 4353 1927 4398 ter-
1962 4329 2006 4385 Ῑ)

355 4452 412 4491 ra
436 4445 490 4492 et
522 4435 740 4491 ctelum.
774 4434 829 4489 Si
867 4443 1046 4487 autem
1088 4433 1306 4502 quidem
1336 4434 1437 4488 ista
1469 4444 1617 4502 sunt,
1655 4435 1795 4491 Deus
1832 4452 1929 4489 au-

354 4538 460 4581 tem
485 4543 546 4582 ea
602 4527 748 4590 fecit,
780 4535 835 4579 et
868 4526 1152 4593 gubernat,
1177 4535 1231 4579 et
1270 4526 1447 4595 regit;
1506 4527 1792 4583 invisibilis
1846 4539 1929 4581 est

352 4630 532 4673 rector
567 4615 924 4671 invisibilibus
972 4616 1125 4684 aquis
1171 4626 1507 4684 superstans.
1552 4616 1609 4672 Si
1642 4618 1783 4671 enim
1814 4619 1928 4687 ipse

352 4726 458 4763 non
533 4718 771 4776 regeret,
828 4724 1098 4778 nunquam
1142 4722 1299 4776 passa
1349 4711 1537 4763 fuisset
1583 4720 1724 4765 terra
1754 4726 1925 4776 mare,

350 4812 403 4854 et
430 4813 603 4869 neque
628 4815 775 4854 mare
800 4808 1022 4866 terram,
1068 4799 1294 4853 adversa
1346 4812 1402 4855 et
1444 4800 1668 4870 iurgans
1730 4814 1921 4856 natura

350 4905 403 4947 et
425 4896 640 4965 erigens
682 4909 774 4957 se,
804 4905 858 4947 et
907 4894 1195 4960 extollens,
1250 4903 1305 4947 et
1356 4894 1590 4959 minans,
1620 4894 1813 4949 indens
1867 4904 1921 4950 et

352 4989 682 5041 contendens
715 4986 823 5056 (16)
851 5002 864 5049 ;
896 4986 1149 5040 invisibili
1180 4995 1359 5041 autem
1390 5001 1547 5039 manu
1574 5002 1667 5040 sua
1704 4989 1925 5043 statutis

352 5079 454 5131 sibi
482 5080 725 5133 terminis
752 5082 817 5134 lis
840 5095 942 5133 non
977 5079 1391 5147 transgreditur.
1438 5077 1581 5145 Ergo
1608 5092 1703 5148 per
1736 5080 1923 5134 visibi-

353 5171 420 5225 lia
464 5172 744 5228 invisibilis
812 5174 1166 5243 conspicitur,
1195 5174 1338 5227 sicut
1364 5172 1629 5242 scriptum
1656 5184 1735 5227 est
1770 5192 1783 5227 :
1821 5173 1921 5227 In-

353 5265 576 5319 tisibilia
599 5277 771 5320 autem
797 5268 910 5321 eius
944 5283 1035 5335 per
1061 5275 1359 5319 creaturam
1382 5266 1566 5354 mundi
1592 5282 1655 5320 ea:
1679 5268 1917 5335 operibus

420 5418 465 5450 ⁸³
494 5418 679 5477 Matth.
700 5436 739 5487 t,
770 5421 860 5476 23.
935 5420 981 5451 “
1005 5419 1159 5487 Rom.
1181 5436 1218 5484 ι,
1249 5418 1338 5473 20.
1417 5420 1461 5451 “
1486 5418 1643 5475 Joan.
1671 5436 1725 5489 v,
1752 5421 1848 5477 37.

421 5583 529 5658 (lii)
690 5581 760 5658 _(_It
796 5599 1023 5658 apponas
1045 5583 1091 5658 ei
1114 5580 1311 5637 oculos.

424 5650 536 5711 ilbi
561 5654 658 5711 Ms.
680 5655 745 5709 Et
782 5656 949 5709 minas
976 5655 1155 5707 indens
1179 5662 1225 5706 et
1253 5650 1583 5707 contendens.

2054 383 2395 449 spiciuntur?
2428 385 2591 449 Deus,
2642 384 2839 453 inquit,
2898 384 3167 439 intellecta
3208 386 3457 443 visibilis.
3486 388 3631 445 Visi-

2054 474 2177 530 hilis
2235 484 2412 529 autem
2461 476 2659 530 dicitur
2700 476 2775 530 ita
2814 476 2954 531 sicut
2979 477 3239 545 scriptum
3275 489 3379 546 est,
3427 477 3494 534 Et
3521 482 3629 537 vidi

2052 566 2315 621 visionem
2348 567 2438 622 Dei
2476 585 2489 621 :
2528 567 2822 631 intellecta,
2853 577 3039 638 utpote
3069 580 3393 639 suggerente
3431 571 3625 637 oculis,

2052 671 2170 726 quae
2193 658 2321 711 vidit
2346 673 2466 713 esse
2495 659 2751 728 inscripta
2779 660 2828 712 in
2857 660 3114 729 Operibus
3144 660 3280 728 ejus.
3316 661 3446 728 Quae
3484 664 3628 717 enim

2053 746 2313 816 inscripta
2342 760 2489 815 sunt,
2534 750 2687 803 nobis
2731 751 3034 804 necessaria
3071 752 3341 806 videntur.
3376 753 3487 809 Cur
3529 770 3627 808 au-

2051 847 2158 891 tem
2189 838 2279 892 illa
2307 840 2462 893 audis
2489 855 2605 908 qua:
2637 840 2922 895 visibiliter
2945 842 3088 895 dicta
3135 854 3278 908 sunt,
3306 856 3497 899 natura
3528 860 3627 899 au-

2055 941 2157 985 tem
2210 947 2338 986 vere
2370 943 2425 986 et
2458 933 2831 1002 principaliter
2879 949 2984 988 non
3024 933 3300 989 admittis?
3343 936 3460 991 Vidi
3516 938 3622 991 Do-

2053 1025 2278 1089 tninum,
2311 1026 2507 1078 audisti
2543 1041 2557 1077 :
2597 1025 2888 1080 invisibilia
2914 1024 3029 1091 ejus
3052 1041 3157 1079 non
3192 1027 3426 1082 audisti?
3452 1028 3621 1081 Audi-

2049 1119 2115 1173 sti
2145 1120 2270 1188 quia
2302 1120 2393 1174 ille
2422 1120 2609 1175 nescio
2643 1121 2731 1189 qui
2757 1121 2893 1174 vidit
2929 1120 3237 1187 Dominum,
3275 1122 3443 1177 Deum
3466 1139 3626 1180 nemo

2048 1211 2180 1264 vidit
2219 1228 2453 1279 unquam
2489 1230 2591 1268 non
2621 1214 2862 1268 audisti?
2890 1214 3102 1268 Audisti
3137 1215 3260 1283 quia
3306 1216 3395 1271 ille
3449 1218 3620 1283 novit,

2048 1317 2223 1373 neque
2258 1304 2411 1369 vidit,
2440 1320 2621 1375 neque
2651 1306 2836 1361 videre
2862 1308 3063 1376 poterit
3091 1324 3104 1359 :
3142 1323 3245 1362 non
3283 1309 3500 1377 audisti,
3527 1310 3624 1365 sed

2047 1396 2253 1450 audivit
2288 1412 2409 1451 eum
2437 1397 2605 1453 Filius
2631 1413 2764 1453 suus
2794 1401 3010 1470 magis?
3051 1413 3312 1471 quantum
3340 1403 3453 1472 ipse
3476 1402 3621 1457 enim

2048 1489 2197 1543 novit
2240 1488 2455 1544 Patrem
2497 1506 2656 1546 suum
2706 1493 2796 1561 qui
2832 1494 2908 1546 ait
2939 1514 2951 1548 :
2988 1492 3172 1563 Neque
3195 1511 3364 1547 vocem
3394 1495 3507 1565 ejus
3532 1511 3627 1549 un-

2046 1598 2200 1650 quam
2224 1584 2470 1649 audistis,
2502 1601 2662 1655 neque
2707 1585 2897 1655 faciem
2922 1585 3033 1655 ejus
3073 1587 3273 1639 vidistis
3300 1586 3368 1640 ⁸⁸.
3425 1586 3481 1641 Si
3527 1601 3625 1640 au-

2050 1686 2156 1729 tem
2182 1676 2417 1731 volueris
2445 1693 2511 1730 ex
2542 1679 2648 1733 tuis
2676 1694 2971 1749 agnoscere
3002 1679 3191 1742 Deum.
3217 1691 3271 1735 et
3295 1692 3344 1734 te
3373 1690 3425 1734 et
3452 1680 3621 1734 Deum

2049 1766 2320 1836 ignorabis
2352 1784 2365 1819 :
2402 1769 2498 1823 sed
2538 1784 2765 1838 sequere
2801 1771 3039 1836 humilis,
3068 1775 3349 1827 considera
3387 1773 3480 1827 ubi
3520 1773 3615 1828 sis.

2048 1859 2091 1913 Ο
2131 1873 2387 1928 quantum
2428 1862 2572 1915 inter
2628 1872 2679 1917 te
2737 1871 2791 1917 et
2830 1864 3026 1919 coelum
3084 1865 3342 1919 interest!
3385 1864 3619 1932 amplius

2047 1960 2224 2005 autem
2254 1952 2648 2023 derelinquitur
2678 1955 2871 2008 ctelum
2898 1972 2925 2009 a
2948 1956 3075 2011 Deo.
3098 1957 3210 2012 Non
3244 1958 3432 2027 spatiis
3456 1957 3614 2011 dico:

2048 2041 2179 2095 nihil
2212 2046 2355 2097 enim
2387 2044 2660 2099 desertum
2692 2045 2800 2099 Deo
2830 2056 2910 2101 est
2947 2065 2958 2100 :
2992 2048 3042 2100 in
3086 2047 3231 2101 nullo
3264 2056 3443 2102 autem
3483 2048 3615 2100 reti-

2046 2142 2204 2187 netur
2228 2132 2389 2188 Deus.
2426 2134 2586 2190 Forte
2624 2135 2712 2189 isti
2743 2150 3022 2193 sermones
3064 2137 3222 2191 aliam
3259 2138 3492 2208 linguam
3519 2153 3616 2191 ne-

2045 2224 2333 2278 cessariam
2374 2226 2595 2293 habent,
2618 2229 2743 2295 quia
2789 2229 2927 2283 etde
2954 2229 3058 2282 alia
3096 2240 3285 2282 natura
3347 2230 3615 2284 dicuntur.

2043 2315 2175 2369 Cum
2232 2316 2393 2385 igitur
2443 2332 2722 2373 sermones
2788 2320 2915 2373 moti
2995 2320 3196 2374 iuerint
3252 2320 3303 2373 in
3364 2320 3617 2384 ecclesia,

2043 2406 2307 2476 siquidem
2334 2408 2399 2461 de
2430 2408 2679 2462 humanis
2711 2412 2940 2480 negotiis
2966 2451 2981 2473 ,
3029 2413 3396 2481 unusquisque
3425 2422 3620 2467 acutus

2043 2506 2096 2552 et
2122 2513 2245 2551 acer
2273 2500 2506 2564 auditor,
2537 2510 2590 2553 et
2619 2518 2685 2555 ex
2731 2505 2928 2571 quibus
2962 2504 3190 2571 patitur,
3234 2516 3288 2557 et
3324 2519 3391 2557 ex
3420 2506 3618 2572 quibus

2042 2590 2275 2642 admittit
2306 2592 2598 2659 respiciens
2630 2595 2695 2647 ad
2731 2594 3024 2657 dicentem,
3054 2603 3110 2649 et
3147 2609 3470 2664 comparans
3494 2612 3614 2666 qua:

2042 2679 2290 2734 dicantur
2321 2682 2403 2735 his
2434 2698 2553 2752 qum
2591 2687 2725 2754 agit,
2753 2695 2809 2740 et
2834 2703 2951 2755 qua:
2979 2686 3330 2756 proferuntur
3377 2689 3460 2743 his
3498 2704 3619 2759 qua!

2041 2775 2275 2842 patitur;
2304 2776 2484 2829 statim
2536 2780 2771 2846 prudens
2813 2789 2867 2833 et
2909 2780 3261 2850 scrupulosus
3289 2782 3502 2836 auditor
3559 2794 3614 2836 et

2041 2870 2257 2936 agnovit
2285 2878 2337 2924 et
2365 2873 2660 2925 consensit.
2688 2871 2820 2926 Cum
2863 2885 3044 2928 autem
3071 2878 3616 2931 transmutaverimus

2042 2974 2366 3029 sermonem,
2400 2965 2539 3018 etab
2568 2964 2817 3020 humanis
2852 2968 3256 3033 recesserimus,
3283 2976 3336 3023 et
3361 2969 3427 3022 ad
3447 2968 3611 3023 Deum

2041 3060 2275 3105 mentem
2325 3056 2726 3109 ostenderimus
2764 3056 2876 3128 (l7)
2930 3068 3170 3113 nostram
3213 3077 3226 3114 :
3286 3059 3409 3115 istic
3459 3059 3610 3114 multi

2040 3144 2255 3213 quidem
2298 3146 2657 3212 suscitantur,
2706 3149 2920 3219 quidam
2978 3162 3272 3217 gravantur
3316 3166 3348 3205 a
3401 3165 3613 3215 somno,

2040 3234 2385 3290 aliidelirare
2426 3249 2620 3305 putant
2648 3240 2941 3295 dicentem.
2980 3241 3048 3297 Ut
3100 3253 3280 3298 autem
3330 3245 3612 3299 condiscas

2038 3324 2141 3380 hoc
2170 3326 2360 3380 vitium
2390 3328 2460 3381 ita
2494 3344 2634 3392 esse,
2678 3331 2877 3385 audeat
2927 3334 3051 3402 quis
3087 3335 3344 3390 honestus
3402 3337 3615 3407 ingres-

2038 3430 2131 3472 sus
2162 3418 2427 3474 theatrum
2455 3420 2635 3476 dicere
2664 3437 2789 3475 vera
2844 3425 2926 3478 his
2967 3427 3057 3495 qui
3105 3428 3357 3483 mendose
3397 3431 3646 3499 conﬁn-g

2037 3519 2188 3580 gunt,
2215 3522 2267 3565 et
2297 3528 2577 3569 assumere
2608 3517 2971 3570 constantiam
3000 3519 3287 3584 decoram;
3324 3521 3369 3574 si
3425 3534 3607 3577 autem

2037 3613 2090 3658 et
2120 3604 2173 3659 in
2200 3603 2290 3660 illo
2319 3607 2573 3661 decorum
2599 3619 2679 3664 est
2705 3610 2911 3681 ingredi
2941 3610 3094 3676 loco;
3127 3621 3181 3665 et
3213 3612 3432 3680 incipiat
3458 3616 3604 3669 dice-

2037 3710 2096 3753 re
2124 3715 2136 3750 :
2168 3698 2439 3763 Insanitis,
2462 3714 2495 3754 o
2519 3699 2767 3756 homines
2799 3718 2815 3758 :
2852 3717 2959 3756 non
2997 3703 3189 3756 videtis
3231 3702 3402 3757 oculis
3435 3723 3447 3758 :
3481 3720 3608 3758 sur-

2037 3791 2118 3845 da:
2142 3792 2292 3847 vobis
2314 3803 2438 3849 sunt
2467 3809 2646 3849 aures.
2680 3795 2784 3850 Iste
2827 3796 2969 3851 enim
2997 3795 3088 3864 qui
3121 3796 3301 3863 saltat,
3335 3795 3473 3850 ludit
3513 3813 3605 3851 ve-

2038 3899 2203 3941 Stram
2223 3888 2533 3953 cultionem,
2558 3890 2803 3958 deturpat
2831 3903 2894 3943 ea
2938 3904 3055 3958 qua:
3094 3888 3304 3956 colitis,
3343 3888 3604 3942 mentitur

2037 3983 2161 4046 iste,
2190 3991 2244 4036 et
2274 3997 2371 4037 vos
2396 3982 2734 4037 consentitis.
2765 3982 2929 4037 Putas
2958 3983 3233 4052 patientur
3254 4023 3269 4046 ,
3301 3992 3358 4035 ut
3392 3981 3610 4051 impleat

2036 4075 2439 4128 accusationem
2468 4085 2521 4128 et
2551 4076 2978 4140 convictionem,
3002 4085 3056 4129 et
3084 4092 3188 4129 nou
3216 4074 3383 4145 ipsius
3411 4074 3610 4129 theatri

2037 4161 2366 4230 accipientes
2402 4161 2818 4230 lapides‘mittet
2864 4172 2956 4217 aut
2992 4164 3172 4217 volvet
3213 4165 3609 4235 unusquisque,

2037 4262 2096 4306 ut
2125 4255 2171 4307 ei
2214 4252 2376 4307 fuerit
2401 4255 2594 4318 virtus,
2625 4265 2880 4325 tanquam
2934 4258 2999 4311 ad
3040 4260 3382 4327 deceptorem
3423 4268 3477 4313 et
3528 4260 3609 4314 in-

2036 4347 2392 4402 terﬁcieutem
2432 4349 2523 4418 qui
2573 4349 2896 4405 beneﬁcium
2944 4351 3253 4405 tribuebat?
3313 4350 3367 4406 Si
3430 4363 3607 4407 autem

2036 4454 2091 4495 et
2120 4457 2402 4511 personam
2437 4443 2690 4507 comoedi,
2719 4454 2811 4497 aut
2832 4444 3047 4499 illorum
3074 4445 3163 4514 qui
3202 4444 3275 4498 illi
3316 4444 3607 4513 plurimum

2035 4535 2273 4589 clamore
2304 4546 2654 4599 consuerunt,
2709 4537 2971 4591 inducens
3013 4537 3134 4606 quis
3177 4536 3339 4591 fuerit
3403 4536 3607 4604 ingresc

2036 4642 2130 4680 sus
2160 4626 2211 4679 in
2252 4626 2433 4681 habitu
2469 4628 2684 4697 quidem
2728 4629 2858 4699 lupi,
2905 4631 3123 4698 incipiat
3168 4640 3347 4685 autem
3390 4630 3605 4683 dicere:

2036 4718 2132 4772 Est
2159 4717 2321 4784 Deus,
2355 4730 2409 4774 et
2442 4720 2542 4774 iste
2568 4737 2671 4775 non
2710 4722 2760 4776 in
2800 4722 3033 4789 templis,
3058 4738 3163 4776 non
3194 4724 3245 4777 in
3273 4724 3603 4786 simulacris,

2035 4826 2140 4864 non
2175 4813 2227 4866 in
2259 4812 2506 4882 picturis,
2534 4815 2715 4868 nonin
2748 4816 2996 4869 manibus
3038 4816 3306 4871 artiﬁcum
3333 4833 3347 4869 :
3381 4816 3423 4871 si
3452 4816 3603 4869 dixe-

2032 4904 2105 4957 rit
2131 4919 2254 4959 vera
2286 4907 2425 4975 apud
2452 4921 2546 4961 eos
2575 4906 2663 4976 qui
2696 4906 3023 4962 meditantur
3048 4909 3239 4961 menda
3270 4908 3405 4978 (18),
3448 4918 3604 4977 putas

2031 4995 2331 5049 concedent
2380 4996 2602 5065 implere
2655 4995 2897 5048 veritatis
2959 5010 3260 5061 sermones,
3306 5013 3409 5050 non
3478 5009 3602 5051 ante

2032 5100 2307 5143 sermones
2368 5088 2593 5142 obruent
2633 5102 2753 5143 eum
2798 5086 3063 5153 lapidibus
3111 5090 3421 5143 dicentem?
3470 5088 3600 5145 Nam

2031 5179 2134 5232 etsi
2160 5178 2283 5231 talia
2316 5195 2418 5233 non
2455 5181 2590 5234 ﬁunt
2634 5181 2684 5233 in
2745 5181 3008 5245 ecclesiis,
3048 5190 3223 5235 tamen
3263 5197 3383 5236 cum
3432 5198 3599 5253 supra

2031 5270 2441 5327 sensibilitatem
2507 5273 2837 5327 moverimus
2891 5288 3198 5329 sermonem
3234 5312 3251 5341 ,
3302 5275 3452 5331 multi
3499 5292 3599 5333 nos

2103 5581 2215 5653 (l7)
2257 5581 2663 5653 Qsteudcrimus
2692 5582 2855 5637 Forte
2882 5584 3283 5646 extenderimtu.

2101 5651 2213 5711 (l8)
2250 5651 2461 5707 Meuda.
2490 5653 2651 5711 Forte
2685 5657 2979 5711 mendacia.
