4050 6206
467 205 607 259 1127

1171 200 1436 255 EUSEBII
1476 199 1960 255 CIESARIENSIS
1999 199 2054 252 01

2134 239 2145 250 .
2193 199 2370 252 PARS
2409 198 2499 252 ιν.
2543 229 2610 241 --
2649 196 3064 254 DOGMATICA.

3575 200 3715 251 ιιειι

466 320 886 387 derelinquunt:
925 325 980 370 et
1010 329 1233 382 corpore
1255 315 1467 381 quidem
1519 314 1843 367 erubescunt
1888 330 2031 368 rere-
2062 324 2105 378 Α
2135 328 2326 368 carnes
2366 313 2478 384 (20)
2526 314 2706 366 vivent
2739 329 2752 376 ;
2804 314 2896 366 sed
2952 313 3129 364 anima
3156 349 3172 375 ,
3225 321 3280 365 et
3323 313 3634 382 cogitatus,
3667 321 3715 367 ε’

466 415 616 473 dere,
645 418 824 462 mente
853 416 1032 459 autem
1060 405 1188 458 olim
1218 404 1622 472 dereliquerunt
1663 420 1676 454 :
1717 414 2032 473 reputantes

465 503 606 571 apud
636 515 713 564 se,
750 498 919 565 magis
946 509 1125 548 autem
1155 493 1468 548 fraudantes
1502 506 1556 548 et
1587 511 1694 548 non
1741 496 2034 548 admitten-

465 603 568 649 tes.
623 592 716 646 Est
764 604 892 658 ergo
945 587 1147 654 aliquid
1191 587 1468 652 quodnon
1510 596 1686 654 patest
1736 603 1923 640 manus
1964 597 2032 641 te-

467 699 595 739 nere
628 701 641 736 :
675 691 757 735 est
812 679 1010 747 aliquid
1040 676 1184 746 quod
1212 692 1316 729 non
1351 687 1528 745 potest
1570 677 1760 730 oculus
1807 677 2030 731 videre:

467 784 550 830 est
581 773 779 841 aliquid
814 771 954 840 quod
1018 786 1123 823 non
1187 779 1270 823 est
1309 769 1666 823 sensibilitas.
1721 768 1835 822 Non
1870 769 2034 823 habes

468 873 702 926 animam
725 869 747 921 ἵ
773 866 950 921 vidisti
986 865 1082 920 ista
1108 863 1260 933 (l9)?
1289 873 1447 932 putas
1465 879 1614 932 ergo,
1645 862 1768 930 quia
1797 862 2030 914 animam

470 981 570 1018 non
602 962 781 1014 vidisti
811 970 978 1020 tuam,
1010 975 1112 1011 non
1143 966 1227 1011 est
1260 956 1402 1024 quod
1444 955 1646 1008 habes?
1689 965 1743 1008 et
1791 969 1937 1008 certe
1967 955 2031 1007 de

465 1057 643 1110 anima
676 1053 870 1106 dubius
904 1067 1022 1104 esse
1049 1067 1152 1104 non
1184 1051 1346 1103 debes
1371 1049 1413 1102 si
1444 1057 1548 1111 est,
1573 1048 1664 1102 sed
1690 1048 1756 1101 de
1785 1063 2027 1116 corpore.

463 1145 688 1212 Corpori
727 1144 869 1195 enim
909 1153 967 1195 ut
1001 1143 1093 1205 sit,
1133 1141 1417 1208 praesentia
1448 1138 1575 1191 facit
1611 1139 1804 1191 anima:
1847 1158 1859 1192 :
1903 1154 2028 1190 num

465 1240 627 1293 debes
656 1235 936 1290 dubitare?
973 1236 1026 1287 Si
1063 1235 1208 1286 videt
1234 1233 1421 1286 oculus
1461 1242 1602 1296 tuus,
1628 1232 1671 1285 si
1715 1239 1893 1300 gustat
1931 1229 2032 1282 litt-

464 1348 562 1400 gua
595 1341 642 1384 et
693 1331 949 1400 loquitur,
978 1338 1032 1382 et
1075 1328 1116 1381 si
1162 1327 1332 1395 tangit
1392 1340 1619 1389 manus;
1650 1339 1747 1378 cur
1794 1323 2027 1384 dubitas,

464 1435 519 1476 et
552 1439 658 1478 non
693 1424 863 1490 magis
897 1419 1178 1474 edoceris?
1233 1416 1473 1472 Ostendo
1518 1416 1612 1468 tibi
1653 1430 1850 1485 corpus
1897 1430 2031 1468 mor-

466 1517 539 1568 tui
569 1531 582 1568 :
618 1514 802 1570 oculus
831 1514 877 1567 ei
932 1530 1035 1566 non
1094 1512 1261 1574 deest,
1311 1517 1363 1562 et
1399 1525 1502 1563 non
1567 1508 1753 1571 videt;
1793 1506 2028 1574 linguam

465 1607 646 1671 habet,
699 1619 754 1660 et
819 1620 1120 1660 sermonem
1154 1618 1256 1658 non
1302 1602 1496 1668 habet;
1569 1615 1727 1654 aures
1757 1599 1934 1659 habet,
1978 1607 2031 1651 et

2133 419 2344 458 sensus.
2381 406 2435 458 Si
2474 414 2650 458 autem
2674 414 2728 458 et
2758 404 3085 459 contenditis
3115 418 3236 457 esse
3261 420 3488 474 corpora
3518 417 3707 461 etcar-

2134 512 2228 550 nes
2267 496 2397 555 Deo,
2431 509 2532 548 non
2565 509 2900 564 opponamus
2939 495 2986 547 ei
3033 495 3122 562 qui
3171 511 3276 548 non
3309 498 3576 565 suscipit,
3617 503 3713 552 sed

2133 590 2202 642 sit
2229 597 2508 656 separatus
2536 597 2588 639 ut
2638 595 2740 651 est,
2791 587 2859 640 sit
2905 602 3086 655 purus,
3131 586 3202 639 sit
3249 587 3383 641 liber
3438 592 3713 656 corporaii

2133 679 2324 732 affectu
2361 679 2426 732 ab
2461 679 2604 732 omni
2643 677 2778 741 loco,
2806 677 2875 730 ab
2900 677 3044 730 omni
3077 679 3315 743 regione,
3346 680 3414 733 ab
3443 682 3587 734 omni
3613 698 3711 734 na-

2135 779 2273 822 tura.
2306 769 2463 822 Soltts
2489 771 2633 822 enim
2665 778 2753 822 est
2787 770 2837 822 in
2883 769 3206 837 semetipso,
3245 769 3390 823 solus
3437 773 3575 839 apud
3617 789 3710 826 se-

2133 862 2448 929 metipsum,
2503 860 2646 914 solus
2698 869 2974 927 reparatus
3014 865 3078 915 ad
3120 879 3207 928 se,
3259 874 3311 916 et
3351 877 3471 915 cum
3509 864 3580 917 sit
3625 881 3707 918 re-

2134 963 2352 1021 paratus
2380 953 2443 1005 ad
2472 968 2548 1015 se,
2583 953 2811 1021 complet
2835 953 3040 1020 omnia,
3077 955 3170 1007 sed
3198 969 3301 1006 non
3327 958 3703 1023 corporaliter.

2134 1041 2281 1096 Tuba
2313 1058 2447 1112 opus
2473 1053 2584 1108 est;
2644 1058 2745 1096 vox
2777 1043 3008 1096 maxima
3045 1045 3351 1097 necessaria
3387 1056 3464 1098 est
3511 1061 3525 1097 :
3585 1063 3706 1098 nia-

2132 1118 2421 1205 gisautem
2449 1151 2545 1190 nec
2592 1152 2712 1200 vox,
2753 1153 2850 1190 nec
2901 1137 3047 1201 tuba,
3103 1138 3199 1191 sed
3259 1151 3405 1190 mens
3452 1154 3603 1208 pura,
3641 1149 3706 1192 ut

2131 1230 2379 1282 videatur
2408 1229 2496 1297 qui
2533 1245 2637 1282 non
2668 1229 2900 1291 videtur,
2949 1229 3282 1281 utaudiatur
3336 1230 3421 1297 qui
3465 1244 3560 1282 non
3603 1245 3703 1283 au-

2135 1319 2300 1386 ditur,
2334 1330 2390 1373 ut
2432 1320 2759 1389 intelligatur
2787 1321 2877 1389 qui
2915 1335 3019 1374 nou
3073 1320 3484 1390 interpretatur,
3526 1332 3576 1374 ει
3603 1322 3695 1376 di-

2132 1423 2283 1465 catur
2310 1412 2397 1479 qui
2431 1425 2533 1464 non
2565 1411 2794 1474 dicitur,
2825 1419 2881 1463 ut
2906 1423 3229 1481 agnoscatur
3269 1412 3361 1481 qui
3415 1428 3516 1466 non
3549 1428 3694 1468 com-

2132 1504 2516 1574 prehenditur,
2576 1513 2629 1557 et
2699 1504 2767 1556 sit
2826 1504 2912 1556 isti
2975 1505 3064 1557 tali
3135 1505 3242 1557 Deo
3298 1520 3394 1572 per
3445 1506 3694 1575 eumqui

2132 1596 2291 1649 talem
2321 1595 2476 1650 nobis
2525 1597 2802 1649 annuntiat
2847 1606 2897 1650 et
2947 1595 3335 1665 interpretatur
3375 1597 3542 1651 Deum
3592 1599 3702 1666 glo-

464 1699 702 1752 auditum
739 1714 842 1753 non
872 1697 1030 1750 habet
1062 1714 1076 1759 ;
1117 1713 1220 1749 non
1250 1705 1436 1763 gustus
1471 1695 1542 1758 ei,
1579 1709 1682 1746 non
1725 1700 1919 1746 tactus.
1955 1689 2034 1742 ln-
2062 1678 2104 1732 Β
2136 1689 2234 1752 ria,
2273 1688 2464 1750 honor,
2499 1688 2823 1757 imperium,
2859 1687 3111 1755 majestas
3165 1688 3218 1742 in
3269 1689 3473 1757 Spiritu
3508 1703 3703 1744 sancto

463 1790 626 1843 tueris
663 1789 781 1857 quia
822 1789 1081 1842 abscessit
1115 1787 1306 1840 artifex
1360 1785 1685 1849 invisibilis,
1733 1792 1787 1836 et
1843 1795 2030 1835 cessa—-

466 1890 589 1934 runt
646 1880 876 1935 visibilia
929 1877 1511 1949 operamentaiNunc
1567 1889 1760 1945 corpus
1812 1891 1825 1928 :
1882 1889 2024 1928 nunc

2132 1790 2186 1834 et
2217 1797 2357 1834 nunc
2390 1792 2445 1833 et
2473 1793 2683 1848 semper
2701 1818 2716 1844 ,
2743 1787 2796 1833 et
2828 1792 2922 1848 per
2940 1779 3118 1834 omnia
3138 1778 3331 1833 saecula
3355 1780 3698 1838 saeculorum.

2127 1875 2318 1931 Amen.

2545 2049 3693 2074 Ἥ

1426 2264 1982 2382 EUSEBII
2062 2267 2746 2382 PAMPHILI

1286 2527 2906 2656 DEINCORPORALB

1780 2747 2009 2809 LIBER
2056 2747 2370 2810 PRIMUS.

537 3158 815 3215 Multitudo
838 3157 1192 3228 quaestionum
1222 3158 1276 3213 in
1309 3159 1394 3213 his
1420 3173 1538 3225 quae
1569 3160 1702 3214 lecta
1753 3169 1878 3216 sunt
1913 3161 2028 3216 haec
2055 3170 2100 3232 ο
2131 3164 2310 3217 omnia
2342 3178 2624 3232 corporum
2662 3171 2786 3217 sunt
2818 3163 2946 3219 vitia
2973 3173 3027 3220 et
3061 3165 3364 3235 passiones,
3396 3176 3452 3221 et
3482 3167 3700 3222 divisio-

464 3253 790 3308 coutinetnr.
833 3249 895 3304 Et
943 3249 1082 3304 forte
1129 3267 1250 3305 cum
1307 3251 1511 3321 jejunio
1563 3254 1808 3321 poteritis
1845 3253 2032 3308 audire

462 3355 513 3398 et
548 3359 666 3412 qua:
699 3351 819 3397 sunt
846 3359 964 3412 qua:
997 3355 1310 3412 quaeruntur
1334 3385 1348 3410 ,
1393 3354 1447 3398 et
1490 3360 1608 3413 qua!
1638 3361 1822 3399 eorum
1867 3347 2035 3400 inter-

467 3436 696 3507 pretatio
726 3435 1007 3489 habeatur.
1043 3436 1312 3502 Quaeritur
1342 3438 1485 3490 enim
1521 3438 1571 3490 in
1616 3437 1698 3491 his
1740 3452 1860 3506 qua:
1895 3437 2032 3492 lecta

465 3540 611 3595 sunt,
666 3530 711 3584 si
772 3529 912 3582 Deus
963 3530 1014 3582 in
1074 3539 1310 3583 montem
1355 3531 1632 3585 descendit
1666 3532 1820 3594 Sina,
1880 3540 1935 3584 et
1987 3532 2031 3585 si

466 3621 829 3675 circumdatur
878 3622 1016 3676 Deus
1078 3622 1128 3675 in
1180 3632 1361 3676 monte
1410 3633 1502 3676 aut
1567 3622 1702 3676 loco.
1759 3623 2032 3689 Quaeritur

464 3715 626 3767 etiam
656 3729 775 3782 qua:
824 3725 941 3768 erat
989 3716 1150 3779 tuba,
1199 3731 1320 3784 qua:
1364 3730 1458 3770 ore
1500 3716 1870 3784 proferebatur
1917 3715 2030 3770 Dei.

468 3804 759 3872 Quatritur,
808 3820 903 3859 cur
951 3807 1443 3875 apprOpinquantes
1493 3808 1556 3860 ad
1607 3817 1815 3860 montes
1838 3806 1947 3878 (21)
1982 3808 2030 3860 in

469 3913 573 3966 quo
630 3908 748 3951 erat
798 3897 957 3961 Deus,
1003 3897 1499 3963 interficiebantur,
1555 3907 1609 3953 et
1653 3899 2034 3968 prohibebatur

466 3991 692 4060 populus
724 3989 1170 4058 appropinquare.
1214 3988 1349 4056 Quid
1380 3989 1480 4044 sibi
1516 3991 1628 4044 vult
1659 3991 1909 4044 columna
1935 4007 2035 4044 nu-

467 4083 548 4138 bis
583 4082 670 4137 ubi
702 4092 782 4136 est
815 4080 990 4134 Deus?
1027 4081 1154 4150 quid
1183 4080 1341 4134 etiam
1377 4095 1531 4135 mons
1566 4081 1822 4136 fumans?
1851 4083 2034 4136 Adda-

466 4185 552 4229 tur
585 4187 762 4228 autem
797 4175 909 4236 his,
943 4188 1040 4226 cur
1067 4173 1111 4226 si
1163 4173 1282 4242 quis
1309 4174 1533 4228 vidisset
1568 4176 1730 4229 Deum
1767 4176 2034 4228 morieba-

467 4276 576 4330 tur,
609 4276 659 4320 et
688 4282 792 4319 non
825 4266 994 4336 magis
1040 4266 1276 4320 vivebat.
1324 4265 1432 4322 Has
1480 4284 1668 4324 omnes
1709 4269 2034 4337 quaestiones

464 4359 630 4411 ambit
649 4357 794 4411 locus
809 4358 897 4427 qui
925 4358 1098 4412 lectus
1113 4360 1363 4413 est.0ran
1375 4371 1451 4415 tes
1472 4359 1635 4428 igitur
1652 4360 1823 4428 ipsum
1845 4359 2032 4425 Deum,

464 4448 554 4518 qui
586 4447 732 4502 solus
761 4456 936 4514 potest
965 4463 1060 4502 sua
1090 4447 1319 4513 edicere,
1352 4450 1419 4502 ita
1451 4451 1514 4502 ad
1534 4450 1828 4504 solutiones
1855 4451 2035 4504 istius-

2135 3270 2230 3310 nes
2259 3263 2312 3308 et
2343 3256 2682 3316 partitiones.
2726 3254 2816 3308 Illa
2853 3269 3031 3312 autem
3085 3270 3275 3312 natura
3325 3259 3496 3314 libera
3541 3270 3621 3313 est
3671 3276 3699 3313 a

2133 3347 2474 3414 corporibus,
2509 3362 2612 3400 non
2641 3348 2814 3402 solum
2851 3359 2909 3402 ut
2949 3364 3056 3402 non
3087 3351 3157 3404 sit
3186 3367 3382 3420 corpus
3407 3395 3420 3414 ,
3449 3354 3542 3406 sed
3566 3364 3617 3407 et
3647 3365 3705 3408 ut

2135 3457 2239 3495 non
2273 3441 2468 3494 habeat
2491 3455 2706 3510 corpus.
2743 3440 2851 3497 Nec
2874 3443 3017 3496 enim
3065 3453 3122 3495 ut
3171 3445 3348 3498 anima
3384 3445 3697 3514 incorpora-

2135 3533 2200 3586 lis
2247 3532 2463 3600 quidem
2517 3542 2618 3598 est,
2659 3533 2800 3587 circa
2844 3548 3037 3602 corpus
3085 3545 3263 3588 autem
3307 3538 3696 3605 quodaminodo

2133 3633 2235 3685 est,
2277 3632 2368 3674 aut
2395 3637 2591 3692 corpus
2620 3623 2764 3678 circa
2793 3625 2962 3693 ipsam
2985 3665 3002 3691 ,
3031 3638 3121 3679 aut
3155 3629 3424 3696 quomodo
3456 3631 3577 3697 quis
3605 3645 3701 3683 vo-

2135 3713 2296 3767 luerit
2330 3714 2508 3769 dicere
2543 3729 2557 3766 :
2594 3729 2768 3782 neque
2813 3717 2913 3770 hoc
2946 3719 3312 3788 accipiendum
3355 3722 3420 3775 de
3458 3723 3567 3776 Deo
3597 3734 3701 3786 est,

2133 3807 2257 3875 quia
2290 3823 2464 3876 neque
2513 3824 2709 3878 corpus
2752 3819 2834 3863 est
2881 3809 3053 3874 Deus,
3105 3829 3278 3880 neque
3323 3830 3522 3881 corpus
3559 3818 3703 3870 circa

2136 3897 2332 3966 ipsum,
2358 3915 2529 3968 neque
2559 3902 2611 3954 in
2640 3917 2864 3970 corpore
2888 3913 2969 3954 est
2993 3902 3123 3970 ipse.
3159 3902 3225 3956 Et
3246 3905 3366 3974 quis
3388 3909 3707 3974 corporibus

2136 3989 2430 4044 innutritus
2478 3990 2618 4045 forte
2662 3992 3044 4060 suspicabitur,
3107 3995 3239 4048 nihil
3279 4010 3398 4051 esse
3441 4013 3588 4061 eum,
3613 4001 3704 4068 qui

2136 4093 2244 4133 non
2276 4090 2508 4146 tenetur,
2535 4096 2632 4136 nec.
2659 4081 2890 4146 videtur,
2916 4097 3014 4136 nec
3037 4093 3300 4152 arctatur,
3318 4102 3412 4141 nec
3446 4093 3700 4156 tangitur.

2137 4173 2241 4226 Sed
2297 4187 2592 4228 conversus
2640 4174 2925 4227 edoceatur
2973 4186 3220 4229 naturam
3285 4180 3510 4249 negotii,
3572 4182 3697 4246 quia

2133 4282 2255 4334 quae
2292 4266 2562 4327 videntur,
2596 4275 2650 4319 et
2682 4265 2911 4319 tactibus
2940 4266 3239 4330 incurrunt,
3279 4277 3332 4321 et
3376 4269 3701 4337 cogitatibus

2137 4356 2553 4424 amplectuntur,
2603 4372 2727 4411 vere
2785 4373 3057 4426 nunquam
3116 4371 3262 4414 sunt.
3310 4361 3363 4414 Si
3417 4369 3598 4416 autem
3648 4375 3703 4418 et

2140 4448 2464 4504 transfertur
2494 4459 2550 4504 et
2578 4460 2992 4514 transmutatur,
3025 4462 3078 4505 et
3108 4455 3391 4521 scinditur,
3422 4465 3477 4509 et
3505 4458 3702 4511 dividi-

465 4541 609 4596 tnodi
659 4541 955 4592 veniemus.
1016 4539 1179 4592 Deum
1240 4543 1459 4610 quidem
1508 4543 1809 4596 circumdat
1867 4543 2030 4608 nihil;
2065 4534 2108 4590 Ι)
2139 4551 2243 4602 tur,
2269 4551 2324 4594 et
2372 4543 2648 4610 putrescit,
2700 4551 2754 4595 et
2808 4558 3081 4612 nunquam
3133 4546 3304 4614 ipsum
3348 4547 3458 4617 (22)
3509 4549 3704 4618 accipit

463 4633 765 4688 circumdat
803 4641 982 4686 autem
1021 4631 1160 4685 Deus
1204 4635 1385 4686 omnia
1412 4675 1427 4701 ,
1487 4649 1591 4687 non
1659 4634 2031 4705 corporaliter.

467 4722 676 4778 Virtute
720 4725 862 4778 enim
915 4724 1236 4792 incorporali
1289 4725 1443 4779 adest
1507 4727 1796 4788 omnibus,
1840 4727 2035 4795 ubique

467 4832 704 4887 praesens
729 4828 831 4883 est,
864 4826 918 4870 et
942 4817 1009 4870 ab
1036 4817 1284 4870 omnibus
1311 4828 1590 4886 separatus
1619 4833 1718 4873 est.
1749 4818 1861 4872 Non
1891 4819 2031 4872 enim

467 4921 524 4963 nt
555 4909 942 4980 permisceatur
972 4909 1143 4969 adest,
1173 4919 1264 4962 aut
1293 4920 1349 4963 ut
1379 4911 1681 4978 copuletur,
1720 4923 1811 4965 aut
1838 4922 1893 4964 nt
1915 4912 2035 4982 jun-

467 5013 650 5071 gatur;
700 5003 792 5057 sed
824 5001 960 5056 liber
995 5009 1049 5055 et
1092 5012 1372 5071 separatus
1414 5003 1586 5056 adest.
1639 5002 1806 5056 Adest
1853 5012 2031 5056 autem

469 5109 572 5148 non
595 5095 822 5158 divisus,
852 5104 944 5148 aut
971 5095 1193 5156 scissus,
1225 5103 1314 5148 aut
1342 5104 1672 5165 segregatus.
1701 5094 1885 5163 Neque
1909 5110 2033 5164 pars

469 5189 682 5254 quidem
717 5187 832 5255 ejus
886 5187 1071 5249 adest,
1101 5200 1224 5254 pars
1277 5196 1452 5240 autem
1485 5187 1676 5253 abest;
1724 5202 1895 5256 neque
1945 5186 2034 5240 hic

469 5280 683 5348 quidem
714 5295 838 5350 pars
864 5279 999 5343 alia,
1033 5278 1134 5332 alia
1163 5288 1340 5333 autem
1392 5293 1516 5347 pars
1552 5277 1701 5333 alibi.
1741 5278 1844 5333 Ista
1887 5279 2032 5332 enim

542 5496 652 5563 (19)
686 5497 819 5552 Ista.
849 5498 1008 5553 Forte
1031 5499 1206 5552 istam.

541 5567 652 5636 (90)
685 5565 840 5622 Nunc
864 5586 1068 5637 corpus,
1100 5586 1233 5623 nunc
1266 5584 1465 5623 carnes.
1493 5565 1669 5630 Forte,
1696 5581 1792 5622 non
1828 5580 2035 5634 corpus,

473 5655 572 5693 non
601 5655 802 5691 carnes.

2134 4642 2354 4686 Statum.
2388 4632 2593 4698 Quibus
2631 4632 2776 4686 enim
2811 4634 3111 4702 proprietas
3136 4646 3256 4700 est,
3283 4639 3571 4693 minoratio
3605 4646 3702 4693 ista

2134 4722 2377 4776 videtur:
2397 4722 2520 4790 quid
2541 4721 2682 4775 enim
2711 4723 2987 4792 proprium
3008 4733 3090 4776 est
3117 4728 3435 4792 corporibus
3463 4729 3560 4783 nisi
3590 4731 3701 4801 (23)

2134 4817 2517 4870 veterascant?
2547 4816 2602 4871 Si
2630 4817 2773 4870 enim
2803 4825 2948 4871 esset
2974 4830 3259 4885 corporum
3298 4830 3486 4873 natura
3523 4823 3700 4892 perfe-

2136 4915 2256 4972 cta,
2291 4923 2396 4962 non
2450 4909 2714 4979 indigeret
2759 4909 2914 4962 istam
2970 4910 3322 4965 additamenti
3369 4928 3699 4969 mensuram.

2137 5000 2211 5053 lta
2239 5001 2380 5054 enim
2408 5015 2633 5070 corpora
2661 5000 2871 5055 infirma
2897 5011 3054 5069 sunt,
3092 5015 3147 5058 et
3180 5005 3266 5058 illa
3311 5007 3544 5060 maxime
3581 5025 3703 5077 qua:

2141 5093 2389 5146 videntur
2424 5092 2717 5148 fortissima
2753 5109 2894 5155 esse,
2942 5098 3065 5165 quia
3091 5097 3342 5167 adjuvare
3365 5114 3549 5152 senon
3580 5115 3705 5168 pos-

2138 5192 2279 5240 sunt.
2310 5184 2363 5236 Si
2401 5185 2542 5236 enim
2573 5185 2756 5252 pulsus
2781 5183 2940 5239 fuerit
2968 5188 3100 5254 lapis
3119 5228 3135 5254 ,
3164 5197 3216 5240 et
3244 5186 3409 5240 semel
3436 5192 3704 5256 acceperit

2139 5275 2348 5329 initium
2379 5275 2646 5341 utcadat,
2681 5286 2736 5330 et
2760 5279 2986 5347 cceperit
3009 5277 3336 5345 comminui,
3373 5294 3478 5334 non
3531 5292 3702 5349 potes:

2213 5491 2322 5561 (ει)
2350 5492 2570 5546 Montes.
2600 5493 2702 5548 Pro
2730 5507 2971 5549 montem.

2214 5565 2324 5632 (2'2)
2355 5563 2552 5627 Ipsum.
2579 5565 2767 5624 Αὐτόν,
2801 5569 3056 5622 eumdem.

2215 5633 2327 5698 [23)
2362 5632 2496 5690 Nisi.
2524 5633 2700 5693 Forte.
2735 5636 2834 5690 nisi
2857 5648 2934 5691 ut.
