4050 6206
385 331 543 389 “29‘

1682 332 1770 387 DE
1805 330 2287 388 [NCORPORALL

3479 340 3616 393 “30

378 464 635 505 revocare
693 465 841 502 suam
902 449 1147 513 ruinam;
1189 461 1241 502 et
1289 453 1331 507 si
1390 454 1590 508 scissus
1639 456 1797 509 fuerit
1840 473 1941 510 non
1974 460 2018 514 Α
2048 452 2126 522 git
2152 453 2294 505 enim
2330 451 2541 505 ﬂeatnma
2578 467 2723 507 eum.
2754 452 2808 507 Si
2840 464 3018 507 autem
3060 454 3200 524 ignis
3246 456 3615 516 confabulatus

370 544 733 614 conjungitur,
769 551 820 594 et
847 540 1049 594 divisus
1091 541 1260 596 distat
1288 558 1315 597 a
1349 548 1659 616 semetipso.
1692 546 1767 601 lta
1798 560 1851 602 et
1878 551 1944 603 de

370 634 642 689 montibus
668 632 969 687 etiiciuntur
997 633 1292 688 incisioues
1322 646 1374 689 et
1420 639 1614 702 ruitur;
1650 648 1702 694 et
1741 652 1941 708 quanto

372 726 574 793 majora
617 734 738 779 sunt
772 739 891 791 qua:
920 724 1275 789 scinduntur,
1305 737 1456 781 tanto
1488 745 1692 799 magna:
1734 742 1860 785 Sunt
1890 742 1944 785 et

370 818 560 869 mium.
594 815 655 868 Et
681 828 784 866 non
816 813 868 866 in
918 813 1280 869 crassitudine
1322 818 1496 870 virtus
1529 828 1630 871 est.
1654 817 1710 873 Si
1762 830 1939 874 autem

369 916 575 975 oportet
612 914 664 959 et
705 906 945 973 ipsorum
976 920 1265 975 corporum
1299 910 1531 963 scrutari
1565 920 1819 976 naturas,
1854 926 1939 967 se-

370 997 596 1049 cundum
625 998 955 1065 propositam
985 1000 1337 1066 quaestionem
1371 1012 1766 1070 consequenter
1792 1004 1940 1059 vide-

369 1088 555 1147 bimus,
606 1087 730 1155 quia
768 1097 822 1141 et
876 1090 1113 1158 ipsorum
1169 1104 1456 1160 corporum
1509 1094 1779 1150 subtilitas
1820 1111 1939 1163 qua:

364 1189 622 1247 putantur
643 1179 1022 1244 esselntirma,
1068 1180 1294 1236 fortiora
1327 1185 1725 1251 quodammodo
1772 1203 1939 1256 appa-

364 1278 478 1321 rent
518 1283 533 1319 :
570 1278 629 1320 u-t
658 1276 800 1335 puta
821 1268 961 1336 quod
990 1269 1111 1324 dico
1131 1311 1145 1335 ,
1177 1279 1318 1325 terra
1350 1274 1506 1343 aquis
1538 1285 1621 1330 est
1676 1281 1934 1342 crassior,

363 1374 527 1427 aquae
574 1376 603 1413 a
654 1371 797 1413 terra
852 1360 1027 1416 minus
1073 1364 1610 1420 erassaa‘babentur.
1662 1368 1765 1423 Sed
1812 1385 1935 1423 cum

365 1458 506 1503 terra
562 1450 847 1504 incurrerit
888 1466 1106 1518 aquam,
1166 1452 1530 1508 dissolvitur:
1578 1471 1698 1509 cum
1754 1470 1933 1513 autcm

362 1554 504 1607 aqua
529 1540 942 1608 apprelienderit
975 1550 1197 1605 terram,
1228 1553 1471 1611 penetrat
1519 1560 1660 1601 eam.
1698 1547 1763 1600 Et
1792 1552 1933 1616 quod

364 1630 568 1701 patitur
615 1639 755 1683 terra
799 1631 867 1684 ab
920 1646 1079 1698 aqua,
1113 1633 1213 1687 hoc
1272 1635 1475 1701 patitur
1517 1652 1657 1704 aqua
1693 1637 1761 1690 ab
1790 1652 1930 1691 aere.

366 1721 507 1788 Quid
558 1723 700 1777 enim
753 1725 1202 1792 improvectiones
1254 1727 1365 1798 (24)
1425 1729 1544 1783 ista:
1608 1732 1933 1785 ostendunt?

2045 545 2206 598 fuerit
2233 543 2417 613 lapidi,
2456 558 2552 613 per
2579 554 2745 598 totum
2796 545 3025 614 lapidem
3066 557 3329 617 penetrat.
3363 542 3437 602 ita
3483 562 3535 603 et
3571 554 3617 606 si

2044 645 2396 687 aeramentum
2419 634 2714 689 immissum
2744 634 2904 690 fuerit
2927 638 2976 690 in
3004 638 3144 705 igne,
3171 649 3262 691 aut
3285 638 3620 704 ferrum,aut

2044 724 2215 791 ipsum
2243 739 2465 786 aurum,
2502 726 2857 779 immutantur
2900 727 3109 781 colores
3138 729 3414 794 omnium,
3456 741 3510 782 et
3550 731 3617 783 ad

2045 814 2188 884 ignis
2247 814 2661 870 transferuntur
2705 817 2938 871 colorem
2988 829 3042 873 et
3095 819 3408 888 magistrum
3452 819 3562 890 (‘27)
3599 836 3613 873 :

2017 909 2291 982 .quodque
2321 921 2509 961 eorum
2540 908 2699 977 ignis,
2728 918 2821 963 aut
2858 910 2957 963 boc
2989 924 3092 978 qua
3129 910 3326 964 dicitur
3353 920 3407 965 et
3436 911 3614 966 calore

2040 1007 2093 1050 et
2134 996 2339 1067 fulgore
2381 1006 2436 1051 et
2487 998 2738 1053 omnibus
2785 1000 3201 1068 proprietatibus
3258 1001 3416 1070 ignis‘.
3478 999 3613 1069 Quia

2040 1097 2216 1141 autem
2243 1088 2383 1155 ignis
2412 1089 2477 1140 ad
2520 1103 2709 1143 aurum
2746 1106 2851 1143 non
2880 1090 3041 1156 cadit,
3072 1106 3258 1145 aurum
3298 1102 3473 1146 autem
3520 1110 3612 1147 ca-

2040 1177 2262 1243 lefacit;
2297 1178 2587 1236 manifesta
2617 1191 2699 1235 est
2731 1182 3042 1236 eminentia.
3088 1182 3152 1236 Et
3181 1184 3304 1252 quia
3342 1184 3477 1253 ignis
3502 1200 3607 1239 non

2039 1267 2355 1323 dissolvitur
2382 1287 2411 1324 a
2450 1272 2650 1339 petris,
2686 1272 2928 1327 dissolvit
2970 1283 3147 1328 autem
3176 1284 3387 1342 petras;
3422 1286 3608 1343 aperta

2037 1371 2123 1416 est
2175 1363 2370 1418 virtus.
2419 1364 2483 1417 Et
2523 1365 2647 1433 quia
2694 1364 2832 1434 ignis
2875 1380 2978 1420 non
3028 1368 3299 1420 detinetur
3346 1366 3414 1420 ab
3464 1382 3609 1433 acre,

2038 1454 2231 1507 scindit
2273 1465 2453 1510 autem
2491 1466 2545 1510 et
2572 1472 2783 1511 sursum
2813 1458 3021 1524 currit;
3050 1468 3289 1528 apertum
3328 1458 3608 1528 imperium

2036 1554 2139 1598 est.
2172 1544 2238 1597 Et
2264 1547 2388 1614 quia
2417 1558 2571 1615 urget
2605 1562 2817 1601 sursum
2863 1550 3000 1611 fieri,
3036 1562 3090 1602 et
3140 1550 3405 1618 positione
3447 1559 3612 1603 estet

2036 1637 2235 1692 virtute
2259 1648 2313 1692 et
2346 1638 2526 1692 colore
2557 1638 2769 1694 fortior.
2812 1642 2916 1695 Sed
2952 1642 3090 1696 forte
3132 1644 3348 1713 quidam
3376 1643 3610 1714 jurgium

2044 1741 2303 1796 aquarum
2332 1730 2615 1784 adversum
2646 1733 2821 1802 ignem
2863 1734 3037 1797 videt,
3074 1735 3199 1801 quia
3230 1734 3297 1788 ab
3330 1736 3483 1802 aquis
3516 1751 3609 1787 es-

366 1812 470 1866 boc
496 1828 659 1866 unum
690 1817 921 1870 maxime
944 1856 959 1880 ,
995 1818 1120 1887 quia
1161 1819 1227 1873 ad
1260 1819 1751 1889 incorporalitatem
1780 1835 1835 1878 et
1866 1829 1929 1880 ad
1963 1806 2003 1860 Β
2042 1819 2334 1886 stingnitur
2376 1820 2512 1890 ignis
2540 1837 2553 1872 :
2582 1824 2722 1891 quod
2756 1822 2971 1891 quidem
3007 1825 3238 1878 recessio
3265 1826 3433 1895 magis
3472 1827 3610 1895 ignis

367 1902 539 1958 levius
562 1919 778 1973 corpus,
811 1909 1068 1976 majorem
1099 1910 1377 1979 imponunt
1403 1913 1654 1967 virtutem
1684 1916 1934 1971 subtilio-

368 1996 534 2049 ribus.
584 1997 690 2051 Aer
730 1999 870 2051 enim
902 2015 998 2069 per
1034 2016 1203 2071 aquas
1241 2013 1527 2071 penetrat;
1561 2017 1804 2074 penetrat
1837 2024 1932 2061 an-

369 2096 473 2139 tem
508 2086 578 2139 ita
608 2097 666 2139 ut
706 2088 807 2141 vim
837 2088 1005 2143 faciat
1050 2107 1220 2161 aquas
1247 2096 1419 2148 emitti
1456 2112 1551 2166 per
1594 2113 1653 2152 se
1687 2100 1751 2152 ad
1779 2116 1931 2168 supe-

362 2177 535 2232 riores
562 2189 742 2248 partes
764 2218 778 2241 ,
810 2184 952 2253 quod
994 2183 1108 2250 ejus
1137 2201 1240 2241 non
1273 2197 1354 2241 est
1382 2199 1607 2244 naturae.
1644 2191 1705 2244 Et
1731 2194 1775 2246 si
1809 2195 1931 2262 quis

359 2270 588 2327 voluerit
619 2272 720 2329 boc
752 2291 931 2341 nosse,
960 2276 1086 2345 quia
1122 2293 1227 2332 non
1260 2280 1571 2335 detinentur
1603 2298 1833 2351 superna
1866 2288 1931 2340 ab

356 2363 443 2418 his
468 2379 587 2432 quae
609 2366 854 2419 deorsum
877 2378 1023 2432 sunt,
1052 2366 1098 2421 si
1122 2370 1244 2438 quis
1268 2370 1552 2439 repleverit
1583 2389 1708 2426 aere
1734 2387 1926 2438 utrem,

356 2469 589 2524 eumque
633 2457 954 2511 demerserit
1003 2459 1055 2512 in
1104 2475 1332 2528 aquam;
1384 2470 1437 2514 et
1504 2473 1651 2516 certe
1694 2482 1812 2519 cum
1862 2469 1929 2519 sit

356 2547 573 2613 pellium
609 2558 797 2601 natura
827 2551 1062 2604 crassior
1092 2562 1147 2603 et
1176 2553 1394 2620 gravior
1434 2554 1604 2621 magis
1640 2571 1799 2623 quam
1837 2573 1930 2612 aer

356 2636 609 2701 habetur,
640 2654 733 2693 aer
759 2654 1010 2708 quaerens
1052 2656 1205 2695 suum
1243 2640 1476 2695 oﬂicium
1527 2654 1582 2699 et
1632 2650 1925 2716 regionem,

357 2742 534 2795 neque
563 2743 684 2779 cum
713 2730 1047 2797 gravissimis
1080 2733 1287 2787 utribus
1319 2736 1589 2789 detinetur
1610 2777 1625 2799 ,
1666 2738 1758 2790 sed
1790 2740 1928 2793 scin-

356 2819 495 2872 dens
530 2833 698 2885 aquas
723 2835 936 2873 sursum
963 2823 1211 2877 educitur
1234 2840 1351 2879 cum
1379 2828 1634 2894 gravibus
1657 2846 1752 2897 per
1775 2846 1924 2884 aera.

357 2908 522 2963 istam
557 2910 720 2979 igitur
745 2914 1045 2985 passionem
1073 2930 1234 2983 quam
1269 2932 1421 2986 aqua:
1452 2920 1519 2972 ab
1548 2936 1672 2975 aere
1714 2924 1926 2991 patiuno

359 3010 471 3065 tur,
501 3009 558 3055 et
581 3017 674 3055 aer
702 3002 769 3055 ab
800 3005 921 3073 igne
952 3009 1217 3070 sustinet,
1239 3019 1292 3061 et
1321 3012 1469 3063 testis
1502 3010 1614 3079 (€25)
1660 3015 1925 3067 sermonis

362 3090 593 3146 ﬂammae
613 3103 735 3147 sunt
762 3104 815 3148 et
840 3094 1089 3152 luceruze.
1126 3094 1247 3153 Ideo
1276 3101 1418 3154 enim
1442 3098 1748 3158 attenuatur
1771 3102 1922 3158 ﬂam-

358 3198 461 3237 ma:
489 3184 792 3248 summitas,
816 3186 941 3255 quia
973 3188 1157 3242 incidit
1182 3190 1342 3245 istum
1372 3194 1696 3250 ambientem
1717 3211 1915 3253 aerem.

356 3274 425 3328 Et
458 3276 670 3331 videtur
696 3278 906 3345 quidem
959 3278 1094 3350 ignis
1153 3296 1183 3335 a
1230 3283 1557 3348 videntibus,
1608 3288 1920 3353 agnoscitur

356 3378 533 3423 autem
567 3371 634 3423 ab
662 3370 744 3423 his
767 3371 855 3438 qui
892 3383 1112 3440 possunt
1139 3376 1254 3443 ejus
1279 3386 1523 3430 naturam
1548 3379 1728 3433 videre
1747 3420 1759 3442 ,
1794 3382 1917 3450 quia

354 3462 421 3513 ad
450 3475 605 3515 suam
653 3460 871 3516 festinat
907 3465 1177 3532 regionem
1205 3506 1219 3526 ,
1268 3469 1334 3520 ad
1372 3468 1648 3536 superiora
1692 3469 1918 3525 scilicet.

352 3549 460 3603 iste
490 3551 651 3619 igitur
678 3550 1058 3605 subtilissimus
1092 3552 1230 3619 ignis
1267 3568 1390 3607 cum
1440 3556 1511 3608 sit
1556 3571 1692 3609 unus
1741 3571 1772 3610 e
1798 3572 1918 3611 cor-

354 3642 593 3710 poribus,
625 3645 898 3711 proximus
926 3653 1005 3696 est
1043 3643 1490 3713 incorporalibus.
1531 3644 1743 3700 Intuere
1771 3649 1915 3700 enim

350 3742 583 3800 quantas
613 3734 807 3789 habeat
831 3735 1188 3804 preprietates
1226 3734 1511 3788 adversum
1562 3748 1755 3792 caetera
1791 3753 1916 3792 cor-

353 3839 503 3891 pora.
540 3824 596 3877 In
629 3826 792 3879 certis
830 3830 974 3879 enim
1026 3824 1343 3894 corporibus
1385 3828 1767 3883 eondiscamus
1815 3830 1917 3883 im-

352 3914 558 3983 perium
607 3929 727 3967 esse
777 3914 1052 3968 snbtilium
1107 3928 1174 3967 ne
1224 3929 1441 3968 crassus
1485 3914 1710 3971 eifectus
1759 3918 1917 3972 cadat

351 4005 489 4059 sicut
512 4014 567 4060 et
590 4020 811 4074 corpora
843 4020 1022 4059 crassa
1060 4021 1073 4055 :
1113 4006 1212 4060 sed
1255 4017 1487 4061 mentem
1533 4008 1600 4062 ad
1629 4007 1866 4063 laetitiam
1898 4028 1913 4064 :

350 4098 673 4167 corporibus
699 4100 916 4168 quidem
964 4100 1041 4153 sis
1072 4099 1207 4153 liber
1229 4138 1245 4164 ,
1280 4099 1347 4152 ad
1384 4098 1696 4169 incorporea
1733 4110 1914 4155 autem

351 4189 590 4245 festines.
643 4191 785 4261 ignis
837 4192 1000 4259 igitur
1046 4191 1221 4260 primo
1270 4192 1488 4261 quidem
1538 4194 1715 4248 dicam
1772 4194 1914 4250 idem

352 4279 532 4347 gloria:
554 4290 638 4334 est
660 4297 818 4350 supra
844 4282 1023 4335 omnia
1052 4296 1278 4351 corpora
1300 4321 1316 4346 ,
1347 4292 1403 4336 et
1444 4282 1719 4339 illuminat
1752 4283 1856 4337 alia
1897 4301 1912 4337 :

352 4387 411 4426 se
437 4384 610 4427 antem
647 4389 749 4427 non
778 4374 931 4427 facile
960 4373 1025 4427 ad
1056 4373 1157 4427 alia
1193 4373 1455 4427 tenebrat.
1487 4373 1745 4428 Penetrat
1765 4375 1913 4428 enim

1949 3152 1989 3206 C

2035 1920 2116 1962 est
2169 1924 2328 1978 quam
2380 1913 2706 1979 corruptela.
2757 1914 2906 1967 Sicut
2957 1913 3097 1967 enim
3144 1928 3174 1966 a
3229 1915 3461 1969 tenebris
3502 1931 3605 1967 non

2034 2002 2407 2065 consumitur,
2456 2006 2548 2056 sed
2613 2004 2920 2058 cohabitare
2978 2004 3164 2057 iisdem
3223 2019 3326 2057 non
3384 2006 3602 2073 patitur.

2035 2088 2384 2146 lmmutemus
2417 2103 2620 2157 autem,
2649 2103 2704 2147 et
2732 2095 3007 2148 videamus
3056 2109 3176 2148 cum
3208 2109 3346 2161 aqua
3404 2096 3456 2148 in
3508 2111 3606 2152 vas

2032 2180 2198 2233 fuerit
2253 2181 2519 2246 immissa,
2577 2195 2632 2237 et
2674 2185 2910 2237 oblatum
2943 2198 3032 2238 ras
3074 2184 3233 2237 fuerit
3262 2184 3392 2251 igni,
3422 2186 3544 2253 quis
3576 2202 3605 2236 τι

2032 2286 2138 2339 quo
2167 2272 2286 2326 istic
2314 2274 2671 2336 consumitur,
2700 2274 2830 2343 quid
2875 2283 3051 2329 autem
3084 2275 3244 2328 veluti
3271 2289 3471 2343 pteuas-
3491 2289 3607 2329 sus-

2033 2364 2202 2428 tinet,
2246 2375 2300 2418 et
2340 2375 2496 2419 sonat
2545 2378 2599 2419 et
2642 2367 2812 2418 bullit.
2869 2366 3010 2433 Ignis
3057 2366 3201 2419 enim
3255 2381 3529 2436 nunquam
3574 2382 3604 2420 a

2030 2454 2223 2523 frigida
2255 2472 2391 2523 aqua
2443 2457 2623 2509 factus
2657 2467 2737 2509 est
2778 2455 3002 2524 frigidus
3030 2454 3051 2511 ἐ
3096 2471 3236 2525 aqua
3270 2466 3450 2511 autem
3501 2460 3609 2511 fre-

2030 2555 2256 2615 quenter
2279 2558 2330 2600 et
2357 2561 2589 2614 semper,
2625 2556 2680 2600 ut
2708 2549 2778 2600 ita
2807 2549 3002 2607 dicam.
3023 2547 3089 2600 ab
3112 2547 3234 2615 igne
3262 2547 3493 2602 eﬂicitur
3519 2564 3609 2603 eae

2030 2637 2158 2694 lida.
2186 2636 2326 2703 Ergo
2368 2646 2423 2691 et
2473 2638 2628 2702 istic,
2679 2638 2803 2708 quia
2866 2652 3002 2706 aqua
3060 2636 3291 2690 assumit
3346 2636 3604 2699 calorem,

2032 2730 2170 2801 ignis
2208 2741 2387 2785 autem
2445 2729 2740 2799 frigdorem
2798 2744 2905 2785 non
2955 2729 3236 2783 admittit:
3269 2732 3605 2784 consumitur

2029 2834 2206 2877 autem
2236 2837 2374 2890 aqua
2403 2824 2635 2891 amplius
2681 2821 2939 2876 calefacta
2959 2861 2976 2885 ,
3007 2823 3074 2875 ab
3117 2821 3258 2890 igne,
3306 2830 3360 2875 et
3394 2820 3605 2875 fervens

2030 2922 2214 2982 utpote
2248 2922 2304 2967 et
2336 2915 2530 2969 emissa
2560 2923 2615 2969 et
2643 2913 2939 2979 ebulliens,
2976 2912 3110 2981 fugit
3138 2923 3321 2981 partes
3349 2927 3603 2969 vasorum

2029 3004 2093 3057 ad
2120 3019 2255 3072 quas
2283 3004 2727 3074 propinquaverit
2754 3002 2894 3074 ignis
2915 3042 2934 3068 ,
2953 3012 3011 3058 et
3052 3014 3275 3071 urgetur
3301 3001 3535 3074 effugere
3573 3019 3604 3057 e

2028 3096 2171 3149 vasis
2197 3105 2251 3149 et
2276 3092 2499 3149 eﬂ'undi.
2543 3094 2656 3148 Non
2680 3095 2824 3150 enim
2850 3104 3028 3164 potest
3050 3094 3192 3163 ignis
3228 3092 3455 3150 sutierre
3483 3111 3615 3151 cru--

2024 3188 2220 3241 ciatns.
2275 3186 2416 3257 Ergo
2468 3187 2520 3240 in
2570 3186 2691 3240 istis
2744 3185 2999 3241 omnibus
3042 3186 3323 3241 subtiliora
3374 3202 3602 3256 corpora

2024 3277 2245 3331 fortiora
2280 3287 2410 3332 sunt
2442 3274 2658 3332 cteteris
2690 3292 2705 3327 :
2748 3277 2981 3332 secunda
3013 3288 3191 3331 autem
3227 3291 3290 3330 ea
3329 3290 3449 3332 esse
3489 3278 3600 3331 vir-

2020 3382 2165 3436 tute,
2193 3387 2312 3440 que:
2345 3372 2523 3425 minus
2551 3371 2816 3424 habentur
2860 3370 2913 3423 in
2942 3371 3241 3426 subtilitate
3264 3409 3279 3433 ,
3326 3380 3381 3425 et
3409 3386 3603 3426 secun-

2020 3463 2145 3518 dum
2177 3464 2591 3530 competentiam
2642 3461 3068 3529 uniuscujusque
3103 3475 3289 3529 usque
3339 3462 3405 3515 ad
3445 3477 3603 3531 quar-

2023 3562 2154 3605 tum.
2193 3550 2262 3606 Ut
2289 3562 2468 3603 autem
2495 3560 2551 3604 et
2580 3550 2680 3603 ista
2710 3549 2976 3603 addantur
2995 3588 3011 3613 ,
3052 3548 3266 3601 flamma
3294 3550 3463 3603 incisa
3492 3567 3597 3605 non

2022 3641 2294 3696 inciditur.
2332 3641 2437 3697 Sed
2465 3649 2520 3695 et
2544 3639 2589 3695 si
2630 3638 2866 3693 volueris
2901 3653 3186 3693 assumens
3231 3638 3472 3702 ferrum,
3503 3656 3598 3694 aut

2020 3733 2161 3787 aliud
2185 3734 2391 3803 aliquid
2415 3735 2559 3802 quod
2606 3732 2819 3786 videtur
2860 3732 3134 3794 incidere,
3160 3739 3214 3786 et
3251 3731 3321 3786 ad
3364 3732 3594 3788 alteram

2018 3826 2334 3899 perduxeris
2364 3835 2569 3895 partem
2597 3841 2690 3895 per
2716 3823 3011 3885 ﬂammam,
3037 3833 3222 3876 manet
3246 3831 3379 3887 tota,
3417 3831 3470 3875 et
3511 3823 3596 3879 in-

2021 3920 2279 3976 cisionetu
2310 3935 2419 3975 non
2470 3918 2720 3989 suscipit.
2778 3917 2835 3972 Si
2887 3920 3070 3971 autem
3113 3929 3220 3971 non
3254 3914 3597 3974 intellexistis

2019 4011 2159 4079 quod
2184 4010 2388 4065 dictum
2416 4019 2519 4073 est,
2554 4020 2893 4062 transeamus
2919 4006 2987 4061 ad
3032 4005 3217 4060 radios
3248 4006 3380 4060 solis
3416 4022 3431 4059 :
3462 4004 3594 4062 istos

2019 4100 2063 4157 si
2088 4098 2320 4155 voluerit
2346 4101 2468 4168 quis
2518 4099 2755 4154 incidere
2787 4097 2999 4167 gladio,
3043 4097 3095 4150 in
3150 4095 3392 4151 inferiori
3444 4107 3595 4166 parte

2020 4206 2124 4246 non
2160 4192 2502 4247 invenientur
2545 4209 2559 4245 :
2602 4205 2813 4245 sursum
2862 4189 3003 4245 enim
3044 4196 3326 4243 remanent
3366 4203 3469 4243 non
3510 4188 3594 4242 in?

2018 4286 2137 4339 cisi.
2168 4284 2245 4339 ita
2285 4294 2338 4337 et
2372 4283 2609 4346 ﬂamma,
2643 4282 2731 4336 ubi
2754 4282 2875 4351 ejus
2913 4280 3075 4335 fuerit
3105 4278 3253 4347 radix
3275 4318 3291 4342 ,
3338 4278 3447 4334 illic
3483 4288 3589 4334 tota

2018 4374 2308 4445 colligitur.
2346 4372 2459 4427 Non
2489 4382 2573 4427 est
2599 4372 2744 4426 enim
2777 4372 2959 4426 videre
3004 4378 3212 4438 partem
3254 4365 3483 4423 Damone
3510 4384 3593 4421 su-

351 4477 443 4531 per
469 4478 679 4527 eomes,
709 4475 764 4517 et
808 4464 1051 4521 dissolvit
1090 4468 1268 4522 omnia
1311 4481 1560 4535 corpora.
1592 4464 1907 4534 Quanquam
1942 4490 1986 4546 ο
2019 4467 2202 4537 perius
2224 4466 2405 4536 gladio
2436 4466 2657 4518 incisam
2684 4476 2987 4524 remanere,
3022 4469 3229 4530 partem
3283 4471 3464 4513 autem
3510 4462 3591 4512 ln-

349 4554 491 4606 enim
524 4570 670 4622 petra
709 4557 781 4609 ita
819 4565 903 4610 est
926 4556 1089 4623 dura,
1124 4567 1218 4610 aut
1267 4571 1387 4627 qua
1419 4566 1596 4626 potest
1646 4556 1912 4612 confabu-

349 4644 454 4698 lata
502 4644 615 4716 (26)
655 4647 886 4701 tlamtua:
934 4664 1039 4703 non
1114 4650 1401 4705 ostendere
1459 4648 1741 4703 fortiorem
1792 4663 1915 4704 esse

346 4735 571 4793 ﬂamma
601 4738 854 4792 virtutem
882 4756 911 4791 a
940 4741 1023 4794 sui
1073 4752 1265 4795 natura
1305 4759 1318 4795 :
1356 4740 1628 4796 emollitur
1669 4740 1812 4795 enim
1858 4752 1915 4794 et

346 4827 546 4883 ferrum
581 4844 675 4897 per
708 4830 903 4899 ignem.
935 4830 1192 4898 probatur
1234 4842 1290 4885 et
1319 4848 1532 4898 aurum,
1558 4835 1771 4889 colatur
1823 4851 1912 4887 ar-

346 4930 585 4986 gentum,
611 4918 878 4975 conﬂatur
900 4920 1195 4988 plumbum,
1225 4930 1278 4976 et
1300 4922 1481 4978 omnia
1513 4937 1633 4989 quae
1657 4932 1913 4993 putantur

346 5011 561 5066 fortiora
590 5027 715 5067 esse
734 5026 984 5082 corpora,
1018 5014 1126 5082 igni
1169 5013 1364 5068 cedunt
1404 5024 1627 5082 propter
1658 5013 1909 5068 subtilem

348 5105 481 5172 ignis
533 5116 799 5160 naturam.
860 5104 1098 5173 Denique
1141 5107 1185 5159 si
1240 5106 1529 5175 proieceris
1578 5106 1806 5175 lapidem
1854 5108 1905 5161 in

346 5194 574 5262 ttatnma,
611 5197 798 5251 transit
823 5196 1059 5264 quidem,
1096 5200 1188 5250 sed
1215 5214 1318 5252 non
1347 5212 1439 5265 per
1468 5195 1760 5252 ﬂammam.
1799 5196 1906 5250 Fu-

415 5397 524 5468 (24)
555 5396 1028 5468 Improvectiones._
1059 5395 1215 5449 Forte
1249 5395 1301 5468 in
1336 5409 1462 5445 voce
1495 5395 1591 5468 bar
1618 5410 1898 5465 perperam

339 5463 577 5524 additum
608 5469 696 5528 im,
721 5484 781 5520 ex
809 5466 1067 5521 vocabulo
1098 5466 1414 5535 praecedenti
1442 5463 1789 5532 geminatum.

411 5540 524 5603 (25)
550 5537 733 5592 Testis.
766 5537 945 5599 Forte,
974 5550 1145 5590 testes.
1468 5552 1473 5557 ι

410 5610 518 5677 (:16)
547 5614 648 5661 Aut
672 5626 787 5677 quo:
821 5619 1003 5673 potest.
1038 5605 1209 5677 Forte
1258 5618 1350 5677 per
1396 5605 1913 5677 interrogationem,

337 5668 435 5731 Αιά
468 5668 578 5744 qua:
608 5668 769 5742 potest
804 5668 1133 5742 conlabantur
1153 5668 1476 5742 (ὁμοξλήσασα
1507 5673 1723 5740 saviata)
1742 5673 1900 5744 fiant-

314 5767 455 5816 ;mtt',
479 5742 721 5805 νιςιικῖδὶιε
751 5758 867 5813 post
897 5764 1081 5811 pauca,
1116 5762 1157 5795 at
1190 5745 1323 5813 ignis
1350 5743 1707 5813 confabulatu:
1738 5742 1894 5809 fuerit

617 5845 885 5903 I’n'not.
924 5841 1040 5901 Gtt.
1076 5839 1304 5901 XXIV.

2019 4558 2210 4622 ferius,
2233 4558 2325 4613 sed
2362 4565 2472 4610 tota
2505 4555 2571 4609 ad
2594 4553 2940 4622 semetipsam
2968 4548 3331 4622 conjungitur.
3361 4548 3585 4621 Ligntnu

2010 4659 2187 4704 autem
2222 4660 2275 4704 et
2304 4657 2509 4702 terram
2533 4687 2549 4713 ,
2586 4654 2642 4700 et
2689 4660 2821 4701 saxa
2877 4642 3173 4698 incidentes
3222 4640 3513 4697 dividimus
3555 4657 3587 4696 a

2010 4740 2336 4810 semetipsis,
2385 4749 2441 4794 et
2496 4738 2856 4807 disjungimns
2894 4744 3100 4805 partem
3145 4748 3174 4784 a
3214 4743 3408 4802 parte:
3445 4733 3587 4787 forte

2010 4842 2189 4893 autem
2222 4833 2513 4887 incidimus
2550 4842 2605 4885 et
2636 4843 2842 4889 aerem,
2885 4826 2978 4881 sed
3012 4822 3188 4891 ejecta
3232 4838 3299 4878 eo
3321 4823 3461 4893 quod
3499 4823 3584 4879 in-

2009 4929 2157 4991 cidit,
2198 4929 2379 4984 statim
2424 4927 2496 4983 ob
2538 4926 2887 4983 subtilitatem
2939 4921 3021 4975 sui
3072 4920 3420 4987 semetipsum
3453 4931 3583 4970 con-

2012 5019 2209 5089 iungit.
2237 5017 2428 5074 Gladio
2462 5019 2627 5083 enim,
2656 5028 2747 5071 aut
2772 5014 2945 5086 ligno,
2973 5021 3067 5066 aut
3098 5012 3276 5080 lapide
3295 5051 3310 5076 ,
3342 5024 3436 5079 per
3462 5022 3581 5078 qua:

2019 5110 2207 5163 iucisio
2237 5108 2462 5163 edicitur
2501 5110 2620 5177 (per
2650 5108 2811 5161 multa
2850 5106 2992 5160 enim
3027 5102 3262 5159 admittit
3298 5101 3433 5156 ratio
3463 5099 3579 5158 fieri

2017 5199 2633 5263 incisionem)sub|ato,
2686 5213 2779 5254 aer
2821 5208 3043 5268 propter
3090 5193 3442 5250 subtilitatem
3491 5193 3578 5253 sui

2006 5398 2194 5466 lapidi,
2226 5409 2273 5452 et
2306 5400 2441 5453 infra
2474 5400 2539 5452 de
2569 5399 2824 5464 incorpor.
2855 5395 2949 5450 lib.
2970 5411 3006 5449 ιι
3030 5396 3127 5450 sub
3144 5395 3237 5450 ﬂn.
3265 5392 3591 5463 siconfabu.‘

2005 5470 2142 5523 latus
2167 5481 2317 5538 terra:
2355 5470 2533 5537 fuisse:
2566 5469 2771 5538 (ignis).

2077 5539 2187 5606 (ὶῖ)
2214 5537 2278 5591 Et
2306 5533 2634 5606 magistrum:
2664 5533 2824 5590 Forte
2866 5536 2942 5589 sic
2981 5533 3262 5606 legendum
3283 5574 3299 5606 ,
3328 5544 3377 5587 et
3400 5534 3576 5606 Amagi-

2004 5604 2175 5681 urunt
2196 5604 2433 5681 quodque
2470 5624 2642 5660 eorum
2683 5607 2815 5677 ignis
2838 5617 2940 5662 etc.
2972 5609 3066 5659 καὶ
3106 5605 3364 5681 δέσποζον
3390 5604 3575 5681 (domt-

2006 5676 2155 5740 uaus)
2181 5678 2237 5727 τὸ
2266 5675 2376 5747 πῦρ
2704 5675 2718 5677 ⁷
3136 5676 3147 5683 “

3138 5837 3218 5894 36
