4050 6206
469 268 598 323 1131

1133 260 1395 319 EUSEBII
1430 258 1912 318 CESARIENSIS
1950 261 2098 320 OPP.
2136 263 2318 320 PARS
2353 263 2440 320 IV.
2478 296 2545 305 —-
2584 263 3008 322 DOGMATICA.

3581 268 3729 322 11ὂῖ

465 386 743 461 εοιῄυηςὶι
772 391 951 456 partes
977 383 1194 438 incisas.
1229 385 1285 438 Si
1334 395 1511 438 autem
1545 384 1649 439 hoc
1692 394 1909 454 propter
1957 384 2038 437 in-
2069 389 2112 444 Α
2140 402 2295 442 ramo
2321 385 2522 455 potitus
2552 385 2687 455 (30).
2712 385 3044 452 Quibusdam
3070 392 3252 437 autem
3279 381 3606 452 compositio
3641 395 3732 439 est

465 479 832 536 visibilitatem
866 477 1044 531 minus
1084 479 1397 546 agnoscitur
1419 517 1434 542 ,
1466 478 1519 530 in
1550 479 1702 546 aquis
1725 478 2037 545 agnoscitur

462 573 606 642 quod
635 569 850 625 dicitur.
881 568 1013 623 Cum
1063 568 1231 622 incisa
1281 570 1446 624 fuerit
1505 584 1666 636 aqua,
1722 581 1816 625 aut
1867 570 2034 624 scissa

463 679 560 730 per
608 661 832 728 lignum,
884 668 976 712 aut
1018 674 1112 728 per
1158 658 1305 712 aliud
1361 659 1579 726 aliquod
1638 661 2035 730 operimentum

465 754 599 826 (ἓὸ),
637 762 757 822 post
789 761 967 806 autem
1000 751 1044 805 si
1080 751 1371 805 abstuleris
1403 751 1454 805 id
1492 751 1632 820 quod
1682 751 1894 817 incidit,
1943 768 2037 806 ur-

465 859 619 918 gctur
651 861 789 917 aqua
846 845 912 898 ad
949 844 1382 913 conjunctionem
1418 844 1503 897 sui
1543 858 1553 891 :
1599 851 1682 896 est
1710 845 1854 896 enim
1899 861 2036 912 aqua

405 975 408 979 ι
463 961 492 998 a
530 953 672 996 terra
703 939 971 994 subtilior.
1012 937 1182 992 Terra
1226 937 1370 990 enim
1417 936 1490 990 ita
1533 934 1637 990 sibi
1673 944 1730 990 ut
1761 952 1898 1008 aqua
1918 939 2037 1002 _ad~

459 1038 650 1106 juvare
681 1050 786 1088 non
840 1041 1020 1103 potest
1049 1047 1064 1084 :
1101 1039 1159 1085 ut
1192 1045 1253 1082 ex
1301 1029 1404 1083 hoc
1436 1038 1730 1098 appareat,
1760 1029 1884 1098 quia
1921 1045 2040 1098 qua:

463 1132 717 1187 dicuntur
757 1127 981 1182 fortiora
1033 1138 1285 1192 corpora,
1319 1122 1422 1175 ista
1478 1121 1648 1176 multo
1711 1120 1883 1190 magis
1915 1129 2040 1174 sunt

465 1223 785 1285 inﬁrmiora,
846 1229 900 1273 et
945 1232 1050 1271 non
1103 1217 1154 1270 in
1212 1213 1580 1282 magnitudine
1641 1222 1724 1267 est
1777 1211 2035 1281 potentia.

463 1316 601 1382 Quid
631 1314 774 1368 enim
806 1320 1012 1364 tantum
1045 1310 1206 1362 habet
1232 1321 1407 1370 mons,
1437 1315 1692 1374 quantum
1720 1305 1876 1358 habet
1900 1319 2040 1357 mar-

463 1409 636 1478 garita
682 1406 748 1460 ad
790 1399 1283 1474 pulchritudinem?
1334 1397 1646 1466 magnitudo
1687 1396 1831 1450 enim
1865 1396 2040 1448 calca-

466 1515 573 1566 tur,
623 1502 674 1553 iu
724 1497 873 1552 brevi
923 1507 1098 1550 autem
1153 1491 1498 1562 pulchritudo
1551 1490 1866 1560 requiritur.
1935 1489 2040 1544 Sed

467 1603 804 1647 transeamus
825 1605 852 1640 a
875 1588 1062 1656 primis
1089 1604 1206 1649 qua:
1241 1587 1492 1640 dicuntur
1523 1588 1861 1656 corporibus,
1881 1596 2038 1640 terra:

463 1685 586 1739 dico
639 1695 693 1736 et
737 1682 873 1752 ignis
911 1690 966 1734 et
1000 1695 1150 1749 aquae
1202 1689 1256 1732 et
1283 1681 1459 1743 aeris,
1497 1681 1560 1732 ad
1595 1695 1657 1732 ea
1682 1695 1802 1748 qua:
1834 1695 1898 1732 ex
1955 1679 2038 1731 his

464 1783 589 1829 sunt
617 1773 912 1842 composita
966 1782 1020 1826 et
1061 1772 1316 1824 videntur
1351 1771 1532 1824 omnia
1585 1786 1650 1825 ex
1698 1771 1781 1824 his
1823 1771 2042 1833 habere,

463 1865 695 1920 calorem
722 1866 840 1918 dico
868 1873 921 1916 et
949 1864 1228 1917 humorem
1257 1872 1311 1916 et
1341 1863 1760 1918 crassitudinem
1793 1875 1846 1917 et
1873 1863 2044 1918 subti-

465 1960 669 2012 litatem
704 1968 756 2010 et
783 1956 922 2020 alia;
958 1965 1014 2009 et
1044 1957 1321 2009 videamus
1355 1957 1398 2008 si
1425 1966 1511 2008 est
1544 1956 1594 2009 iu
1630 1955 1712 2010 his
1755 1957 2042 2020 stabilitas,

462 2054 508 2106 si
543 2062 626 2106 est
661 2049 889 2104 mansio.
940 2049 1004 2102 Et
1061 2065 1126 2103 ne
1177 2049 1298 2117 quis
1353 2058 1504 2117 putet
1551 2050 1840 2101 materiam
1873 2050 2044 2103 intro-

462 2145 582 2197 duci
608 2156 876 2204 sermone,
901 2150 994 2193 aut
1014 2141 1282 2208 quomodo
1307 2140 1728 2193 iutroducuntur
1751 2140 2042 2202 elementa,

462 2237 656 2303 quibus
680 2243 734 2287 et
767 2233 1110 2286 inducuntur.
1147 2231 1254 2285 Sed
1281 2232 1411 2285 illud
1439 2232 1583 2295 dico,
1614 2233 1737 2301 quia
1769 2232 1820 2285 itt
1851 2247 2044 2302 corpo-

461 2330 616 2380 ribus
639 2343 756 2395 quae
785 2335 1069 2378 moventur
1101 2338 1115 2376 :
1158 2326 1447 2379 motionem
1485 2334 1662 2379 autem
1698 2325 1819 2379 dico
1849 2325 2036 2391 istam,

461 2437 580 2488 qua
605 2419 867 2474 naturalis
898 2427 983 2472 est
1019 2433 1208 2472 eorum
1260 2417 1348 2486 qui
1407 2416 1609 2470 habent
1668 2425 1724 2469 ut
1771 2426 2043 2481 crescant,

462 2514 552 2581 qui
587 2513 784 2566 habent
815 2520 872 2564 ut
898 2510 1245 2574 minuantur;
1295 2525 1478 2564 eorum
1511 2510 1600 2578 qui
1637 2508 1870 2563 fructum
1911 2511 2044 2564 affe-

462 2616 610 2670 runt,
639 2620 822 2660 eorum
860 2606 950 2673 qui
980 2613 1266 2657 moventur
1294 2619 1322 2656 a
1357 2602 1490 2656 locis
1535 2602 1600 2654 ad
1654 2601 1788 2666 loca,
1835 2604 2046 2656 anima-

461 2699 589 2754 lium
617 2707 801 2766 utpote
828 2709 881 2752 et
921 2697 1178 2750 arborum
1234 2705 1288 2748 et
1338 2693 1640 2749 hominum.
1690 2693 2040 2749 Variﬁcatum

460 2793 606 2846 cnim
635 2801 719 2845 est
744 2803 941 2858 corpus
983 2797 1037 2842 et
1080 2787 1456 2856 compositum.
1498 2785 1866 2856 Compositum
1901 2789 2043 2841 enim

461 2899 545 2941 ost
568 2899 622 2940 et
655 2885 902 2938 Salvator
938 2883 1048 2952 (‘29)
1095 2897 1188 2950 per
1240 2879 1610 2948 incorporales
1663 2879 1908 2934 virtutes.
1937 2879 2043 2932 Ne-

462 2995 566 3048 que
594 2979 738 3033 enim
761 2977 982 3030 arbores
1017 2974 1234 3027 sibimet
1262 2973 1386 3039 ipsa!
1422 2978 1664 3025 statuunt
1725 2979 1936 3038 tempus
1986 2981 2046 3024 ut

2144 479 2195 531 in
2228 476 2551 532 butronibus
2586 479 2698 548 (5i)
2723 476 3011 545 conjungi,
3045 485 3098 530 et
3129 476 3434 531 immutatio
3479 479 3727 533 colorum

2145 574 2196 626 iu
2227 573 2414 626 iisdem
2443 581 2548 636 est,
2599 581 2653 624 et
2680 571 2845 639 ipsius
2871 568 2983 638 (32)
3009 568 3258 637 generis,
3293 579 3350 622 et
3388 570 3559 638 ipsius
3601 587 3730 640 spe-

2145 666 2246 720 ciei
2281 683 2294 719 :
2345 668 2703 735 quorumdam
2755 663 2970 733 quidem
3015 663 3418 716 .manducantur
3443 679 3503 715 ea
3536 680 3659 734 quae
3698 680 3728 716 a

2145 759 2278 814 foris
2325 758 2609 823 habentur,
2660 757 3016 826 quorumdam
3065 764 3244 808 autem
3301 755 3369 808 ab
3423 755 3567 810 intus
3600 767 3729 809 sunt

2143 869 2265 923 quze
2295 854 2667 908 comedttntur.
2707 851 2772 904 Et
2801 851 2966 904 multa
2999 858 3084 902 est
3125 850 3358 903 varietas
3394 851 3727 902 annuntians

2145 962 2242 1016 per
2269 947 2447 1000 omnia
2486 945 2747 1015 sapientis
2771 943 3118 1014 sapientiam,
3146 953 3200 995 et
3235 941 3398 1011 ipsius
3420 942 3608 1012 operis
3641 943 3726 994 di-

2147 1039 2453 1108 sciplinam.
2490 1039 2696 1091 Tamen
2755 1035 2808 1090 iu
2866 1035 2984 1089 istis
3012 1035 3326 1102 corporibus
3360 1035 3478 1102 quia
3538 1033 3726 1089 oﬂicia

2147 1131 2393 1199 quaedam
2423 1129 2725 1183 etordines
2755 1126 3189 1194 conspiciuntur,
3232 1134 3287 1180 et
3346 1141 3626 1189 mensurae,
3663 1137 3726 1180 et

2149 1229 2409 1289 tempora,
2426 1228 2482 1272 et
2501 1217 2828 1288 aguitiones,
2853 1226 2911 1270 ut
2930 1216 3277 1272 emolliantur
3303 1230 3424 1271 cum
3449 1217 3722 1286 incipiunt

2147 1312 2384 1366 fructum
2427 1309 2660 1375 afferre;
2694 1311 2986 1380 projiciunt
3018 1309 3160 1362 enim
3208 1308 3421 1362 etiamsi
3478 1310 3721 1362 floruerit

2148 1406 2214 1459 ad
2243 1403 2496 1470 fructum,
2527 1413 2582 1457 et
2611 1404 2936 1466 educantur,
2972 1412 3027 1456 et
3059 1403 3259 1458 sensim
3301 1402 3600 1466 accedunt,
3656 1411 3718 1456 et

2149 1499 2215 1552 ad
2247 1508 2453 1566 tempus
2483 1506 2813 1559 occurrunt;
2847 1511 3123 1564 nunquam
3161 1505 3339 1550 autem
3385 1505 3570 1549 essent
3610 1495 3714 1548 ista

2146 1607 2267 1660 quae
2296 1599 2441 1656 sunt,
2478 1590 2580 1644 nisi
2608 1605 2670 1644 ea
2701 1588 3062 1657 incorporalis
3095 1589 3341 1656 quzedam
3371 1589 3546 1642 virtus
3588 1588 3726 1657 ﬁgu-

2149 1692 2330 1738 raret:
2379 1683 2453 1736 ita
2486 1691 2540 1736 et
2573 1682 2624 1736 in
2658 1681 2982 1736 animalibus
3025 1681 3172 1749 leges
3231 1691 3514 1750 praecepta:
3571 1690 3724 1745 sunt,

2081 1757 2120 1810 Β
2149 1785 2206 1830 ut
2238 1775 2305 1830 ab
2329 1775 2486 1846 equis
2509 1777 2655 1845 equi,
2685 1785 2738 1830 et
2785 1777 2852 1828 ab
2910 1787 3237 1843 unoquoque
3295 1787 3497 1842 genere
3554 1787 3727 1842 genus

2147 1868 2449 1936 proprium,
2503 1867 2702 1922 similia
2733 1882 2762 1920 a
2799 1866 3107 1933 similibus;
3161 1874 3217 1918 et
3263 1876 3579 1918 mensurata
3639 1876 3727 1919 est

2146 1961 2584 2033 concupiscentia
2609 1958 2955 2012 animalibus.
2984 1956 3098 2010 Non
3133 1956 3278 2010 enim
3324 1957 3377 2010 iu
3409 1958 3555 2010 omni
3591 1968 3728 2010 tem-

2146 2072 2275 2126 pore
2307 2054 2632 2109 animalibus
2659 2061 2742 2105 est
2773 2049 3330 2112 communicatio,sed
3371 2059 3585 2116 tempus
3615 2059 3730 2102 sta-

2148 2160 2318 2204 tutum
2370 2158 2455 2202 est
2500 2156 2556 2201 et
2587 2146 2922 2214 agnoscitur.
2977 2143 3042 2197 Et
3079 2141 3305 2196 masculi
3342 2149 3473 2195 tunc
3505 2157 3726 2195 moven-

2150 2253 2263 2305 tur,
2296 2249 2352 2294 et
2379 2240 2590 2293 femina:
2628 2247 2755 2289 tunc
2783 2237 3082 2304 patiuntur,
3122 2242 3175 2288 et
3219 2235 3439 2288 transiit
3486 2245 3721 2302 tempus,

2145 2341 2199 2386 et
2227 2339 2474 2386 emortua
2504 2339 2588 2383 est
2620 2328 2673 2381 in
2729 2325 3198 2380 irrationabilibus
3253 2323 3720 2393 concupiscentia.

2150 2425 2218 2479 Et
2238 2425 2324 2479 ubi
2359 2433 2504 2478 tanta
2531 2422 2765 2476 varietas
2788 2429 2893 2483 est,
2919 2433 3096 2473 nonne
3127 2417 3467 2472 confessibile
3495 2418 3608 2485 (33)
3633 2428 3721 2470 est

2153 2517 2391 2587 ignorari
2445 2515 2513 2569 ab
2561 2513 3028 2568 irrationabilibus
3094 2526 3217 2579 quae
3289 2510 3452 2562 fiunt?
3506 2507 3713 2561 Tamen

2147 2618 2443 2681 agnoscunt
2465 2606 2734 2677 quomodo
2788 2612 3048 2672 reguntur
3073 2611 3130 2655 et
3154 2601 3508 2662 adducuntur,
3535 2609 3590 2654 et
3620 2600 3719 2652 ubi

2145 2709 2362 2772 oportet
2395 2699 2674 2762 seminari,
2709 2705 2764 2750 et
2791 2697 2882 2750 ubi
2909 2694 3198 2750 conveniat
3227 2691 3593 2747 commendari
3621 2708 3638 2745 :
3667 2702 3727 2744 et

2148 2795 2459 2865 ignorantes
2494 2793 2635 2862 quod
2676 2790 2912 2845 futurum
2981 2797 3086 2850 est.
3145 2787 3498 2842 nihilominus
3539 2796 3725 2839 tamen

2146 2889 2353 2956 legibus
2382 2886 2698 2940 suadentur.
2739 2881 2794 2934 In
2841 2881 3158 2934 matricibus
3198 2890 3377 2932 autem
3411 2893 3508 2932 nec
3552 2879 3725 2932 ratio-

2149 2980 2355 3034 nabiles
2383 2977 2635 3032 mulieres
2665 2983 2865 3028 norunt
2900 2972 3029 3041 quid
3057 2971 3350 3025 efﬁciatur.
3410 2969 3615 3023 Tamen
3671 2983 3727 3023 et

461 3073 710 3149 ilorgant.
741 3085 844 3122 non
901 3065 1323 3134 magnitudinem
1363 3063 1613 3117 foliorum
1640 3103 1653 3126 ,
1685 3078 1789 3115 non
1839 3073 2042 3131 tempus

2151 3069 2608 3125 irrationabilibus
2641 3067 2962 3137 figurantur,
2987 3073 3040 3117 et
3074 3064 3249 3116 nullus
3289 3074 3507 3117 emovet
3537 3073 3594 3115 ut
3619 3077 3722 3115 non

464 3163 696 3232 frugum,
729 3177 830 3214 non
859 3158 1308 3228 compositionem
1336 3171 1521 3209 eorum
1557 3169 1675 3222 quae
1722 3155 2044 3220 ﬁgurantur,

464 3273 568 3311 non
598 3271 658 3311 ea
687 3271 806 3324 qua:
837 3255 981 3309 intus
1015 3261 1143 3306 sunt
1171 3252 1239 3305 ad
1279 3250 1690 3304 custodiendum
1712 3289 1726 3311 ,
1770 3263 1876 3301 non
1928 3263 2048 3317 quae

465 3350 612 3405 foras
643 3358 770 3404 sunt
804 3349 871 3401 ad
905 3344 1142 3400 tutelam.
1191 3344 1305 3397 Non
1360 3342 1506 3397 enim
1559 3341 1611 3394 in
1659 3341 1910 3394 arborum
1965 3351 2048 3394 est

461 3451 746 3512 potestate.
781 3439 848 3494 de
879 3439 961 3493 his
990 3453 1110 3508 qum
1137 3446 1266 3490 sunt
1293 3436 1345 3489 in
1378 3433 1685 3488 arboribus.
1729 3431 1785 3484 Si
1817 3432 1960 3485 enim
1993 3441 2049 3485 et

464 3537 516 3589 in
542 3534 695 3588 nobis
726 3531 1140 3587 rationabilibus
1191 3545 1295 3582 non
1349 3537 1432 3582 est
1477 3535 1724 3596 potestas
1778 3539 2050 3578 mensura-

466 3644 605 3693 rum,
637 3642 742 3680 non
777 3635 995 3680 :etatum
1017 3664 1031 3688 ,
1070 3639 1175 3676 non
1209 3623 1601 3684 membrorum,
1635 3631 1806 3684 neque
1834 3616 2048 3684 quando

465 3723 656 3775 debeat
709 3733 1016 3788 procreare,
1074 3725 1166 3769 aut
1214 3715 1381 3777 nasci,
1421 3722 1517 3765 aut
1561 3725 1841 3772 crescere,
1874 3723 2049 3776 neque

466 3830 634 3884 usque
669 3814 734 3867 ad
766 3811 990 3880 capillos
1025 3827 1038 3859 :
1074 3825 1178 3863 non
1233 3807 1406 3860 solum
1459 3815 1515 3858 ut
1555 3801 1767 3871 quando
1799 3799 2045 3861 ﬂoreant,

465 3918 518 3963 et
565 3907 781 3977 quando
820 3905 1087 3965 debeant,
1133 3900 1222 3969 qui
1267 3898 1494 3952 necdum
1547 3903 1812 3949 venerunt
1841 3892 1908 3945 ad
1939 3889 2044 3975 flo-

466 4015 617 4067 rem;
655 3999 746 4054 sed
801 4012 974 4066 neque
1009 3996 1074 4049 de
1107 4009 1173 4048 eo
1220 4002 1277 4045 ut
1314 3988 1609 4045 transferat
1649 3985 1912 4049 colorem,
1939 3970 1990 4038 et
2019 4000 2046 4036 a

466 4095 624 4164 nigro
656 4092 838 4146 veniat
868 4091 933 4142 ad
966 4088 1171 4151 album,
1199 4093 1284 4140 est
1316 4085 1370 4138 in
1401 4092 1588 4137 nostra
1620 4087 1919 4149 potestate,
1959 4075 2048 4144 qui

467 4191 759 4258 cogitatum
789 4182 1127 4254 possidemus
1158 4190 1212 4233 et
1246 4191 1465 4233 sensum
1497 4194 1512 4232 :
1539 4175 1583 4228 si
1621 4173 1786 4244 igitur
1815 4180 1870 4226 et
1899 4186 2048 4238 qua:-

467 4294 679 4349 cunque
713 4279 762 4331 in
806 4275 960 4330 nobis
990 4282 1116 4328 sunt
1159 4270 1467 4334 naturalia,
1527 4282 1631 4320 non
1685 4276 1810 4320 sunt
1855 4272 2051 4317 nostrae

467 4371 776 4440 potestatis,
806 4378 1009 4438 quanto
1042 4365 1214 4435 magis
1243 4363 1297 4416 in
1346 4358 1810 4416 irrationabilibus
1840 4356 2052 4411 anima-

2152 3170 2473 3218 moveantur
2493 3170 2649 3214 extra
2682 3172 3010 3220 mensuram,
3047 3171 3220 3224 neque
3248 3167 3306 3209 ut
3339 3155 3468 3209 illud
3497 3155 3724 3207 mandu-

2151 3266 2254 3322 cet,
2283 3265 2336 3310 et
2389 3254 2456 3308 ab
2503 3252 2594 3305 illo
2653 3266 2713 3305 se
2748 3249 3038 3304 abstineat.
3069 3245 3466 3316 Nonnunquam
3499 3247 3637 3300 enim
3669 3253 3723 3298 et

2150 3348 2423 3402 minantur
2465 3345 2776 3414 plurimum,
2803 3351 2857 3397 et
2887 3350 3117 3394 currunt
3165 3355 3284 3408 qua:
3328 3349 3719 3408 conceperant,

2149 3450 2204 3496 et
2239 3439 2482 3494 custodit
2506 3453 2566 3491 ea
2595 3451 2715 3505 qua:
2737 3435 2994 3489 custodit.
3046 3434 3198 3499 Apud
3255 3447 3352 3484 nos
3411 3433 3552 3485 enim
3591 3432 3715 3499 quia

2150 3533 2368 3599 adjuvat
2403 3545 2492 3581 ars
2520 3539 2743 3590 natura},
2795 3526 3135 3579 immutatum
3167 3534 3248 3576 est
3275 3539 3303 3575 a
3351 3534 3542 3576 natura
3571 3523 3716 3588 adju-

2149 3631 2412 3678 mentum.
2434 3619 2532 3674 Ubi
2564 3629 2740 3670 autem
2775 3615 2904 3669 nihil
2931 3614 3161 3668 coel'ficit
3187 3630 3276 3666 ars
3295 3625 3525 3674 naturae,
3547 3622 3718 3666 totum

2150 3714 2517 3783 adiumentum
2561 3707 2885 3762 custoditur.
2921 3705 3085 3758 Multa
3118 3704 3260 3757 enim
3290 3712 3419 3756 sunt
3469 3719 3590 3771 qua:
3636 3704 3718 3756 vi-

2151 3806 2343 3859 dentur
2377 3804 2430 3856 in
2463 3801 2584 3855 aliis
2616 3798 2962 3861 animalibus,
2990 3811 3116 3865 qua:
3151 3810 3248 3848 nos
3280 3809 3387 3847 non
3435 3794 3718 3847 habemus.

2151 3897 2316 3950 Nobis
2343 3896 2487 3950 enim
2525 3907 2704 3963 neque
2732 3891 2865 3945 tales
2891 3897 3077 3953 cutes,
3135 3901 3311 3955 neque
3369 3887 3504 3939 tanti
3540 3885 3724 3952 capilli

2151 3997 2296 4053 sunt,
2331 3987 2513 4058 quanti
2550 3994 2604 4039 et
2640 3985 2768 4038 illis.
2800 3983 2902 4036 Ars
2934 3981 3076 4036 enim
3115 3980 3354 4034 vestiens
3377 3993 3464 4040 ea,
3491 3979 3726 4045 complet

2153 4080 2294 4151 quod
2326 4080 2536 4132 videtur
2561 4077 2746 4130 deesse
2793 4084 3017 4127 naturae.
3075 4071 3188 4126 Non
3223 4072 3553 4140 operimenta
3594 4081 3725 4129 sunt

2155 4171 2343 4226 iisdem
2374 4186 2388 4233 ;
2454 4167 2732 4222 sufficiunt
2763 4165 2905 4218 enim
2936 4164 3053 4231 pili.
3089 4162 3203 4214 Non
3233 4160 3496 4228 opertoria
3529 4174 3541 4218 ;
3575 4159 3720 4209 ami-

2153 4275 2239 4320 cta
2287 4271 2370 4316 est
2417 4261 2560 4314 enim
2619 4273 2745 4328 pars
2801 4271 2919 4324 qua:
2970 4255 3054 4308 his
3085 4253 3372 4320 indigebat.
3424 4248 3724 4302 Sufﬁciunt

2155 4350 2351 4420 quippe
2386 4347 2490 4401 illis
2531 4346 2706 4413 capilli
2739 4355 2792 4397 et
2816 4359 2912 4412 pro
2940 4344 3193 4396 domibus
3224 4351 3278 4395 et
3305 4340 3470 4401 tectis,
3497 4347 3552 4390 et
3571 4339 3687 4390 tuni
3711 4367 3726 4377 -

471 4431 630 4529 libus,
661 4431 771 4518 non
794 4431 917 4516 sunt
944 4461 1000 4514 in
1035 4431 1273 4528 ipsorum
1305 4460 1574 4524 potestate
1603 4465 1722 4519 qua:
1759 4463 1853 4503 sua
1887 4446 2050 4502 sunt?
2081 4464 2125 4520 ι)
2155 4443 2232 4497 cis
2261 4452 2317 4496 et
2349 4439 2522 4508 palliis
2548 4445 2603 4492 et
2629 4437 2982 4506 operimentis
3015 4453 3028 4502 ;
3080 4444 3130 4487 et
3183 4434 3466 4500 unicuique
3499 4431 3724 4485 animali

469 4558 634 4627 Magis
660 4565 837 4610 autem
876 4555 978 4607 hoc
1029 4552 1083 4606 in
1118 4547 1406 4604 arboribus
1451 4559 1556 4599 non
1590 4552 1672 4598 est
1725 4551 1779 4595 et
1826 4540 2042 4610 plantis.

469 4650 536 4706 Et
567 4648 822 4704 tamenin
854 4646 937 4700 his
974 4659 1095 4715 quat
1126 4643 1246 4696 sine
1298 4639 1477 4694 anima
1524 4646 1671 4700 sunt,
1726 4636 1825 4689 huc
1867 4641 1949 4688 est
1989 4634 2042 4687 in

469 4743 756 4799 arboribus
785 4741 903 4794 istis
942 4747 996 4792 et
1041 4735 1260 4806 plantis,
1303 4745 1598 4793 mensurae,
1645 4724 2043 4796 magnitudines

471 4835 735 4908 partibus,
770 4839 824 4885 et
848 4829 948 4900 ipsi
980 4828 1159 4883 omnia
1209 4822 1392 4879 arbori
1437 4831 1490 4877 et
1522 4821 1746 4889 plantae,
1798 4826 1852 4871 et
1896 4815 2042 4870 foliis

471 4929 587 5000 ejus
639 4936 694 4981 et
744 4923 1033 4985 fructibus,
1095 4928 1150 4975 et
1213 4913 1692 4985 compositionibus
1753 4909 2042 4981 habeptur.

473 4998 837 5088 Quarumdam
857 5015 999 5069 enim
1025 5011 1233 5066 fructus
1264 5007 1436 5078 sparsi
1471 5014 1599 5061 sunt
1626 5045 1643 5070 ,
1689 5002 1827 5058 alius
1859 5002 1914 5056 in
1939 4998 2046 5053 alio

548 5193 657 5262 (28)
707 5194 1116 5262 Operimeutum.
1140 5187 1278 5262 Lege
1326 5188 1744 5262 operamentunt,
1785 5191 1904 5262 quae
1932 5191 2038 5262 vox

475 5247 966 5332 interpreti'nostro
998 5247 1408 5332 familiarisptie
1455 5267 1518 5332 eo
1545 5249 1686 5332 quod
1725 5257 1807 5326 est
1843 5247 2042 5296 instru-

473 5317 721 5401 mentum.
758 5331 850 5387 Sic
893 5347 1052 5400 supra
1116 5328 1218 5401 col.
1277 5317 1411 5378 1099
1457 5323 1496 5376 Δ
1531 5317 2040 5401 :Pr‘oceqituagtlelm

869 5382 1198 5454 rnedirintilia
1223 5403 1580 5470 operam-enm;
1604 5398 1657 5442 et
1685 5383 1954 5464 col._H27
1979 5382 2038 5434 B:

473 5457 758 5554 Qessarunt
786 5473 1009 5526 visibilia
1031 5457 1395 5536 aperamenta:
1425 5463 1652 5532 idtpsum
1673 5457 1867 5527 passim
1906 5467 2049 5520 repe-

475 5557 603 5598 “88.

545 5613 655 5682 (‘29)
685 5612 952 5667 Salvator.
996 5611 1176 5674 Forte,
1218 5609 1473 5662 soluatur.

545 5685 657 5754 (3U)
685 5683 913 5754 faxitur.
953 5682 1131 5754 Forte.
1155 5683 1372 5754 positus.

546 5737 659 5831 (51)
682 5752 1020 5808 Butrouibus.
1063 5737 1298 5808 Deducta
1330 5763 1432 5804 vox
1463 5761 1526 5803 ea
1564 5747 1775 5803 videtur
1801 5754 1829 5794 a
1852 5737 2042 5794 (ἕτερα

2155 4550 2252 4605 pro
2283 4534 2364 4587 sui
2406 4541 2594 4585 natura
2645 4539 2700 4582 et
2753 4529 3022 4596 opertoria
3068 4529 3191 4579 data
3252 4534 3394 4579 sunt.
3431 4525 3524 4578 llis
3575 4525 3726 4576 enim

2151 4626 2242 4695 qui
2286 4625 2462 4677 minus
2483 4629 2733 4692 poterant
2757 4622 3038 4674 sustinere
3072 4620 3385 4688 fridgorem,
3436 4616 3728 4684 spissiores

2148 4716 2240 4787 pili
2266 4725 2320 4770 et
2355 4715 2624 4782 longiores
2661 4711 2848 4767 iudttlti
2878 4720 3026 4770 sunt,
3065 4711 3188 4763 aliis
3218 4709 3354 4761 lanae
3383 4726 3394 4760 :
3429 4719 3484 4761 et
3511 4706 3724 4760 unicui-

2148 4823 2253 4878 que
2289 4817 2531 4877 separata
2586 4815 2668 4861 est
2707 4820 2829 4861 esca
2865 4815 2920 4857 et
2972 4803 3210 4856 immissa
3237 4841 3253 4866 ,
3289 4809 3345 4853 et
3378 4799 3521 4852 circa
3575 4797 3724 4850 illam

2151 4917 2329 4958 escam
2365 4901 2452 4954 illa
2481 4900 2751 4955 alacritas.
2781 4899 2911 4964 Quae
2935 4896 3080 4949 enim
3104 4906 3329 4948 excusat
3357 4891 3474 4963 (34)
3506 4905 3723 4949 cervus.

2157 4997 2269 5052 hac
2307 4994 2651 5064 persequitur
2675 4992 2758 5045 leo
2785 5007 2799 5042 :
2827 4998 2881 5042 et
2908 4989 3058 5042 varia
3091 4986 3369 5056 proposita
3406 4992 3490 5038 est
3540 4981 3722 5050 magni

2150 5176 2328 5247 βότρις
2378 5171 2823 5247 racemus.__(_l_erte
2867 5166 3136 5247 sententia
3165 5164 3326 5247 huius
3358 5163 3459 5216 loci
3509 5161 3725 5247 videtur

2148 5235 2335 5299 eadem
2357 5258 2476 5297 esse
2499 5257 2616 5308 qua:
2647 5241 2784 5296 illius
2806 5240 2944 5305 apud
2965 5237 3218 5308 Plinium,
3367 5250 3455 5296 xv,
3482 5249 3599 5308 cap.
3619 5235 3720 5286 28:

2150 5314 2450 5380 Dependent
2477 5303 2583 5364 alia
2613 5303 2884 5380 pediculis,
2922 5318 2975 5361 tu
3020 5307 3172 5370 pira;
3209 5305 3316 5357 alia
3358 5303 3576 5360 racemis
3606 5342 3620 5365 ,
3665 5314 3721 5355 ut

2149 5400 2280 5448 urit,
2312 5385 2516 5450 palmet.
2890 5380 2900 5394 ‘

2225 5449 2336 5518 (32)
2367 5452 2560 5521 Ipsius.
2599 5449 2790 5512 Αὑτοῦ,
2818 5450 3070 5521 ejusdem.

2225 5511 2338 5596 (55)
2375 5511 3108 5596 Coufcsrsibile.Confessum,
3141 5523 3512 5596 compertum:
3532 5511 3611 5594 Ut.
3631 5526 3723 5565 su-

2155 5584 2245 5668 pra
2277 5584 2504 5668 nond'l'.
2556 5593 2749 5668 inimici
2809 5588 3126 5668 confessiles,
3163 5588 3351 5655 aperti.
3389 5584 3634 5651 professi.

2225 5666 2334 5738 (34)
2364 5649 2615 5738 Excussi.
2649 5663 2700 5717 ld
2748 5672 2826 5717 est
2863 5649 3050 5729 respuit
3083 5649 3224 5713 sicut
3271 5649 3580 5711 notavimus
3610 5649 3724 5708 col.

2155 5736 2312 5804 1101,
2351 5746 2463 5790 not.
2502 5736 2587 5790 U8.
