4050 6206
343 335 488 391 Ηδδ

1684 321 1774 375 DE
1807 316 2291 375 lNCORPilliALI.

3457 319 3594 374 ιιδι

343 450 439 506 Dei
473 463 683 512 mensa,
717 445 869 515 plena
897 439 1114 511 quidem
1152 438 1426 503 omnibus,
1458 437 1789 492 conveniens
1822 452 1919 489 au—
1955 440 1996 493 Α
2027 432 2309 488 mamillas.
2338 428 2757 499 quadripedibus
2788 436 2967 483 autem
2995 429 3047 483 in
3077 430 3201 485 aliis
3236 431 3409 486 infixit
3438 434 3589 490 ιοεεε,

344 550 456 595 tem
521 538 811 605 unicuique
868 543 1090 585 natum.
1129 528 1198 582 Et
1225 536 1309 582 est
1353 525 1660 581 admiratiu.
1693 523 1909 576 Numeri

339 626 492 679 enim
528 623 792 678 mensium
827 618 1146 673 matricibus
1176 625 1233 669 et
1258 614 1725 671 irrationabilibus
1754 612 1914 682 positi

342 726 492 772 sunt.
528 714 594 769 Et
633 713 750 783 quis
785 726 889 764 non
931 718 1171 780 stupeat,
1230 708 1354 777 quia
1406 708 1461 762 in
1516 715 1756 776 tempore
1815 707 1920 759 isto

303 800 699 867 ’concurrunt,
752 800 907 869 cuius
940 800 1120 854 exitus
1160 797 1396 853 fructum
1449 807 1741 867 apportat,
1794 812 1916 851 cum

347 900 611 969 asperitas
647 894 853 949 hiberni
910 892 1223 947 transierit?
1269 899 1329 943 ut
1367 905 1471 945 non
1524 898 1709 943 tenera
1744 889 1920 943 adhuc

349 990 640 1046 constituta
667 1002 789 1056 qure
815 995 941 1039 nata
962 992 1088 1038 sunt
1112 984 1166 1037 in
1190 982 1351 1037 domo
1376 996 1481 1036 non
1497 979 1735 1043 confota,
1763 993 1921 1048 aspe-

352 1083 565 1138 ritatem
598 1088 780 1132 autem
812 1075 1008 1131 hiemis
1035 1074 1364 1129 incurrentia
1406 1072 1670 1140 perirent,
1700 1078 1754 1122 et
1788 1069 1921 1122 defi-

350 1177 495 1222 ceret
522 1182 713 1237 genus,
750 1164 794 1218 si
827 1164 897 1217 ita
938 1163 1187 1233 frigdore
1211 1162 1398 1232 gelida:
1425 1160 1618 1217 hiemis
1644 1159 1921 1214 interfice-

351 1265 514 1310 retur.
540 1254 647 1309 Sed
681 1254 825 1323 leges
852 1262 1085 1316 statutae,
1111 1261 1165 1306 et
1194 1253 1328 1307 lines
1350 1260 1476 1304 sunt
1498 1249 1683 1319 positi,
1706 1248 1923 1318 quando

351 1348 625 1402 seminare
657 1346 937 1411 deberent,
967 1354 1023 1399 et
1056 1343 1271 1413 quando
1318 1342 1554 1396 fructum
1609 1340 1825 1395 afferre.
1859 1341 1922 1393 Et

349 1453 530 1507 neque
562 1437 669 1491 illis
692 1451 827 1506 opus
880 1446 964 1490 est
1011 1435 1327 1498 obstetrice,
1360 1447 1536 1502 neque
1568 1442 1685 1487 arte
1736 1432 1922 1486 istius-

352 1534 521 1594 modi,
556 1542 806 1601 nequeut
832 1532 990 1586 cadat
1013 1540 1067 1583 et
1093 1530 1270 1600 jaceat
1298 1546 1311 1582 :
1345 1527 1438 1582 sed
1471 1526 1652 1583 statim
1677 1533 1736 1579 ut
1762 1524 1921 1579 enixa

355 1625 521 1680 fuerit
544 1634 673 1688 stat,
706 1624 888 1679 statim
921 1632 979 1675 ut
1007 1632 1192 1674 uatum
1222 1618 1386 1673 fuerit
1439 1631 1607 1686 pecus
1659 1614 1920 1683 exsurgit,

355 1728 411 1772 et
435 1719 677 1788 agnoscit
713 1715 1083 1771 irrationabile
1126 1712 1325 1768 animal
1362 1710 1506 1781 quod
1556 1708 1718 1777 ejecit
1744 1724 1774 1763 e
1810 1723 1927 1760 ma-

2020 523 2158 589 Quid
2187 532 2364 575 autem
2391 521 2526 575 dicis
2550 521 2675 587 quia
2701 520 3115 591 unumquodque
3150 522 3375 588 animal,
3409 527 3594 580 statim

2020 625 2077 667 ut
2112 624 2291 668 natum
2318 612 2498 679 fuerit,
2533 622 2791 681 quantum
2828 624 2910 667 est
2939 624 3145 669 tantum
3182 627 3283 676 est,
3315 619 3590 687 magnitu-

2021 705 2147 760 dine
2173 704 2317 768 dico,
2351 706 2443 759 sed
2472 706 2617 775 quod
2646 706 2781 761 nihil
2819 708 3049 775 amplius
3082 710 3314 762 assumit
3346 711 3410 763 ad
3443 727 3596 765 men-

2024 805 2151 851 tem.
2181 795 2353 850 Habet
2373 796 2515 849 enim
2546 797 2933 852 sensibilitates
2966 815 3113 863 suas,
3146 798 3306 855 habet
3343 802 3592 872 capillos;

2021 898 2077 943 et
2107 887 2231 956 quia
2272 887 2405 942 nihil
2436 890 2576 953 apud
2623 904 2717 943 eos
2769 888 3064 960 pretiosum
3102 901 3206 955 est,
3264 893 3383 947 ideo
3419 904 3589 948 totum

2023 981 2206 1034 statim
2232 980 2284 1033 in
2309 980 2387 1035 eis
2409 978 2634 1034 effusum
2666 990 2793 1036 est':
2827 983 2968 1036 sicut
3021 992 3075 1036 et
3125 983 3477 1038 infructuosis
3500 1000 3593 1037 ar-

2023 1074 2245 1128 boribus
2279 1073 2458 1128 statim
2481 1075 2831 1130 concurritet
2857 1075 3150 1130 effunditur
3179 1079 3507 1147 magnitudo.
3537 1078 3594 1142 in

2024 1163 2320 1220 fructiferis
2345 1174 2525 1219 autem
2578 1167 2775 1221 sensim
2830 1167 3047 1235 proficit
3100 1180 3467 1239 augmentum.
3512 1168 3592 1224 Ita

2022 1265 2079 1309 et
2118 1254 2547 1310 rationabilibus
2579 1270 2683 1309 non
2714 1258 2895 1311 statim
2924 1257 3160 1313 efficitur
3189 1271 3244 1312 ut
3300 1243 3588 1329 crescant,

2024 1361 2131 1400 non
2160 1347 2339 1400 statim
2364 1354 2566 1411 Status,
2613 1363 2716 1401 non
2755 1348 2938 1402 statim
2990 1363 3136 1407 esca.
3171 1350 3445 1420 Siquidem
3493 1365 3599 1409 nec

2025 1438 2332 1508 margaritae
2355 1440 2406 1493 in
2440 1440 2579 1495 facie
2607 1442 2952 1511 reperiuntur
2977 1450 3172 1495 terrae:
3206 1442 3300 1495 sed
3332 1451 3450 1511 post
3472 1452 3597 1496 tan-

2027 1541 2109 1584 tas
2133 1530 2483 1585 difficultates
2507 1532 2648 1601 quod
2692 1532 2993 1601 pretiosum
3038 1542 3120 1586 est
3164 1533 3458 1587 invenitur.
3488 1533 3598 1588 Ta-

2026 1638 2146 1678 men
2180 1624 2318 1693 quod
2350 1633 2607 1694 properat
2635 1639 2815 1678 sermo
2842 1626 2906 1678 ad
2962 1625 3307 1696 semetipsum
3359 1626 3592 1682 dicimus

2027 1714 2149 1781 quia
2184 1729 2358 1782 neque
2383 1715 2864 1770 irrationabilibus.
2890 1714 2947 1771 Si
2988 1718 3130 1771 enim
3169 1729 3414 1781 nossent,
3454 1718 3597 1774 forte

358 1810 513 1874 trice,
542 1818 595 1863 et
615 1808 755 1878 quod
781 1823 883 1860 non
910 1806 1121 1860 viderat
1147 1813 1208 1857 ut
1241 1803 1420 1858 sciens
1450 1811 1623 1855 mater
1654 1798 1923 1870 agnoscit,
1957 1794 2000 1849 Β
2027 1805 2243 1873 quidam
2276 1820 2439 1859 ausus
2464 1805 2674 1872 fuisset,
2708 1817 2762 1861 et
2784 1806 2989 1862 diceret
3021 1808 3259 1875 ipsorum
3294 1824 3413 1864 esse
3435 1825 3587 1880 opus.

358 1895 417 1956 et
435 1892 713 1972 progenies
738 1902 802 1954 ad
836 1909 1059 1952 matrem
1078 1897 1413 1951 convertitur
1434 1909 1594 1963 quam
1625 1891 1919 1947 nesciebat.

359 1993 425 2047 Et
464 2009 584 2047 cum
608 1993 788 2046 adsint
818 1991 929 2063 (55)
964 1990 1130 2060 ipsius
1162 1989 1376 2057 generis
1406 1989 1517 2054 alii,
1551 2002 1660 2041 non
1688 1992 1808 2040 erat
1846 1983 1922 2037 ir-

360 2086 691 2140 rationabilis
713 2086 779 2138 ad
804 2085 1094 2149 modicum,
1116 2093 1168 2138 et
1192 2083 1374 2139 statim
1402 2080 1648 2153 agnoscit
1672 2088 1921 2133 matrem.

357 2178 615 2248 Agnoscit
642 2187 818 2231 autem
855 2186 909 2230 et
942 2176 1024 2231 sui
1058 2176 1272 2246 generis
1306 2193 1321 2229 :
1356 2190 1465 2229 nou
1500 2174 1715 2244 ignorat
1759 2169 1923 2222 etiam

357 2277 413 2323 et
436 2282 555 2338 qum
584 2268 682 2321 sibi
716 2268 940 2320 adversa
974 2277 1120 2320 sunt.
1177 2265 1526 2335 Accipiamus
1569 2262 1715 2316 enim
1750 2258 1927 2326 gratia

356 2359 774 2428 comparationis
801 2372 965 2410 unum
990 2370 1057 2410 et
1090 2356 1197 2421 his,
1226 2367 1279 2409 et
1308 2356 1613 2410 videamus.
1648 2348 1807 2405 Cervi
1832 2362 1927 2403 ca-

359 2453 577 2523 preulus
611 2452 789 2506 statim
821 2460 879 2505 ut
912 2459 1067 2504 natus
1098 2450 1261 2504 fuerit
1288 2448 1461 2502 currit
1488 2446 1553 2499 ad
1588 2454 1840 2506 matrem,
1873 2448 1928 2494 et

359 2545 679 2613 quireritnou
730 2544 868 2597 unde
892 2542 1240 2612 processerit,
1298 2539 1393 2593 sed
1451 2538 1594 2591 unde
1647 2543 1925 2603 pascatur.

359 2633 450 2687 llla
482 2644 657 2687 autem
700 2648 817 2699 qua:
849 2644 1005 2686 antea
1031 2645 1139 2684 non
1178 2624 1730 2690 dederatmamillam,
1760 2637 1926 2693 agno-

363 2727 469 2782 scit
496 2727 611 2793 ejus
634 2726 725 2793 qui
766 2734 927 2777 natus
958 2734 1037 2778 est
1066 2723 1438 2785 alacritatem,
1488 2728 1543 2773 et
1596 2725 1747 2787 aptat
1798 2723 1927 2769 nato

364 2829 671 2871 mensuram
695 2815 889 2869 volenti
915 2815 1228 2884 contingere
1251 2821 1308 2866 ut
1336 2811 1629 2881 pertingat,
1654 2809 1811 2862 matri
1833 2823 1929 2860 au-

365 2918 473 2962 tem
505 2922 624 2976 qua:
652 2907 851 2975 praebet
883 2915 939 2958 ut
966 2906 1224 2974 suscipiat
1253 2915 1306 2957 et
1341 2912 1545 2973 pascat.
1596 2902 1707 2971 Cur
1748 2910 1927 2956 autem

365 3012 473 3052 non
504 2996 634 3051 abiit
668 2996 733 3049 ad
771 2997 931 3049 aliam
961 2995 1225 3053 similem?
1251 2994 1361 3049 Cur
1394 2995 1564 3064 ipsius
1588 3004 1798 3047 natura:
1822 2992 1925 3045 alia

366 3103 475 3142 non
514 3086 780 3156 suscepit?
809 3088 916 3141 Cur
947 3103 1050 3141 non
1082 3089 1148 3141 ad
1174 3104 1234 3143 os
1268 3088 1439 3157 patris
1498 3085 1791 3155 perrexit?
1829 3098 1928 3138 cur

372 3193 477 3232 non
506 3178 724 3234 offendit
777 3180 843 3233 ad
892 3179 1057 3242 latus,
1104 3181 1195 3235 sed
1235 3178 1524 3231 mamillam
1557 3175 1797 3245 quaerit?
1824 3189 1932 3244 quo
1957 3160 2001 3219 C

370 3270 667 3325 edocente?
688 3286 793 3340 quo
823 3272 1185 3341 suggerente?
1219 3270 1366 3325 Unde
1397 3278 1576 3323 autem
1610 3278 1665 3323 et
1689 3267 1932 3337 agnoscit

369 3361 496 3431 quid
536 3361 729 3416 habeat
765 3363 1043 3416 mamilla?
1101 3363 1243 3417 unde
1289 3362 1444 3416 novit
1503 3360 1632 3431 quid
1670 3367 1928 3429 operetur

368 3454 490 3512 fons
517 3456 866 3511 mamillarum
892 3456 915 3508 ?
942 3456 1066 3525 quis
1102 3457 1151 3510 ei
1180 3456 1335 3521 dixit,
1361 3454 1488 3524 quia
1514 3453 1695 3507 fontes
1722 3449 1934 3504 mamil-

371 3548 435 3603 lae
463 3548 623 3603 sunt?
650 3547 782 3602 Nam
839 3560 894 3601 et
940 3563 1059 3602 cum
1110 3547 1374 3602 ceciderit
1426 3546 1476 3599 iu
1520 3554 1687 3607 terra,
1745 3542 1930 3596 statim

375 3651 502 3703 stat,
528 3654 582 3694 et
611 3656 781 3711 neque
810 3656 1009 3695 cornua
1035 3638 1377 3711 pertimescit
1403 3651 1690 3692 cervorum
1725 3634 1856 3689 talia
1881 3644 1935 3688 et

370 3732 447 3788 ita
476 3733 754 3797 terribilia,
782 3745 956 3801 neque
983 3731 1266 3801 perturbat
1315 3743 1437 3783 eum
1466 3727 1774 3782 immutatio
1807 3740 1932 3795 gre-

371 3827 471 3897 gis.
503 3825 557 3880 Si
583 3837 758 3880 autem
793 3824 1102 3894 apparuerit
1122 3821 1334 3877 catulus
1360 3820 1539 3883 canis,
1566 3819 1751 3873 statim
1785 3819 1853 3871 ab
1869 3831 1935 3872 eo

372 3919 462 3987 qui
499 3929 655 3972 natus
678 3927 762 3971 est
786 3917 1114 3986 agnoscitur,
1143 3913 1266 3983 quia
1300 3912 1651 3981 impugnator
1682 3919 1767 3964 est
1790 3908 1929 3977 ejus.

373 4010 438 4065 Et
467 4011 511 4066 si
538 4009 800 4066 simulans
843 4010 1005 4063 homo
1057 4008 1296 4062 imitatus
1331 4003 1493 4058 fuerit
1541 4018 1731 4057 vocem
1762 4005 1931 4067 canis,

372 4106 557 4159 statim
586 4112 641 4157 et
672 4114 957 4173 antequam
997 4098 1218 4165 videat“,
1275 4099 1634 4154 imitationem
1668 4096 1893 4151 audiens
1920 4133 1937 4159 ,

372 4206 557 4250 vocem
584 4194 735 4265 fugit.
770 4194 901 4261 Quis
925 4207 1053 4262 ergo
1097 4192 1151 4247 in
1189 4188 1650 4245 irrationabilibus
1682 4185 1938 4256 sapiens?

374 4298 427 4342 et
448 4298 595 4343 certe
626 4304 725 4342 nos
753 4287 844 4355 qui
895 4286 1142 4340 videmur
1186 4293 1242 4338 et
1274 4297 1464 4337 sumus
1524 4278 1882 4335 rationabiles
1920 4316 1939 4344 ,

374 4383 551 4436 statim
585 4383 692 4436 nati
724 4381 857 4436 nihil
888 4382 1078 4436 horum
1105 4378 1390 4437 habemus.
1420 4375 1669 4443 quodest
1693 4370 1938 4426 admira-

2030 1898 2161 1964 Quia
2183 1907 2359 1951 autem
2394 1898 2645 1968 ignorant
2673 1900 2911 1967 quidem,
2943 1898 3182 1953 efficitur
3213 1915 3377 1966 vero;
3410 1911 3587 1954 tamen

2030 1989 2152 2058 quia
2184 1988 2318 2042 fiunt
2342 2004 2592 2057 corpora,
2619 1998 2675 2043 et
2720 1989 3019 2060 figurantur
3071 1991 3125 2044 in
3162 1992 3513 2055 matricibus,‘
3539 2004 3594 2046 et

2031 2091 2281 2135 crescunt
2305 2091 2425 2152 post
2454 2084 2740 2147 matrices;
2795 2092 3103 2154 quzerentes
3134 2086 3440 2141 invenimus
3466 2089 3593 2157 quia

2032 2172 2317 2242 praesentia
2346 2172 2645 2243 corporalis
2672 2173 2866 2228 animae
2910 2189 2973 2231 ex
3026 2176 3341 2230 matricibus
3375 2187 3594 2244 exeunt,

2031 2274 2085 2317 Cl
2114 2272 2231 2333 pllSl
2260 2279 2537 2333 egressum
2569 2275 2882 2335 pascuntur,
2922 2275 2975 2321 ει
3012 2277 3265 2321 crescunt
3287 2278 3343 2323 ει
3371 2283 3594 2323 ητογεηι

2035 2364 2141 2409 tur.
2170 2356 2226 2409 Si
2255 2365 2431 2410 autem
2463 2357 2583 2426 quis
2609 2356 2836 2421 dubitet,
2869 2359 3178 2413 consideret
3213 2374 3409 2428 corpus
3455 2362 3599 2415 unde

2032 2447 2261 2502 recessit
2296 2447 2497 2513 anima,
2525 2457 2578 2501 et
2602 2449 2739 2503 sciet
2774 2447 2925 2515 cujus
2968 2451 3249 2518 przeseutia
3277 2460 3406 2505 sunt
3427 2467 3596 2521 opera

2034 2539 2151 2593 ista.
2178 2538 2317 2609 Ergo
2345 2548 2398 2594 et
2431 2540 2750 2608 corporibus
2784 2551 2844 2594 ut
2876 2542 2984 2594 sint
3009 2552 3064 2596 et
3097 2554 3371 2606 crescant,
3400 2553 3455 2598 et
3484 2560 3598 2597 ma-

2034 2641 2198 2685 neant
2226 2641 2400 2689 etnon
2426 2632 2814 2698 dissolvantur,
2839 2635 3121 2703 praesentia
3147 2635 3339 2691 anima:
3371 2637 3593 2705 praebet,

2034 2724 2347 2793 impertiens
2375 2739 2497 2795 qua:
2525 2739 2630 2779 non
2659 2724 2823 2780 habet
2877 2741 3094 2796 corpus.
3124 2727 3257 2782 Cum
3310 2728 3454 2780 enim
3488 2744 3595 2781 non

2034 2824 2285 2885 pascatur
2312 2817 2521 2885 pascit;
2559 2832 2679 2870 cum
2713 2832 2817 2870 non
2862 2826 3091 2882 crescat,
3144 2818 3357 2885 corpori
3396 2818 3597 2887 praebet

2034 2914 2092 2959 ut
2116 2915 2364 2961 crescat:
2401 2920 2522 2960 cum
2544 2908 2777 2961 colorem
2812 2922 2921 2962 non
2977 2907 3192 2972 habeat,
3220 2909 3425 2977 praebet
3449 2910 3597 2963 colo-

2034 3012 2145 3052 rem
2174 3013 2188 3050 :
2219 3012 2338 3053 cum
2372 3013 2477 3053 non
2510 3009 2748 3053 transeat
2778 3014 2808 3052 a
2849 2997 2968 3053 loco
3003 3000 3069 3052 ad
3124 2999 3323 3063 locum,
3356 3015 3423 3054 ex
3476 3000 3595 3053 loco

2036 3089 2101 3143 ad
2138 3088 2313 3145 locum
2349 3099 2695 3145 transmutat.
2727 3090 2793 3144 Et
2826 3089 2929 3144 hoc
2972 3090 3146 3159 ipsum
3191 3092 3332 3159 quod
3384 3091 3635 3145 videtur"

2033 3197 2151 3236 esse
2174 3198 2391 3252 corpus,
2415 3197 2512 3254 per
2552 3184 2787 3238 animam
2822 3192 2905 3237 est
2946 3181 3087 3251 quod
3138 3190 3239 3237 est.
3292 3182 3600 3237 Recedeute

2033 3282 2211 3328 autem
2243 3275 2443 3341 anima,
2480 3278 2662 3328 statim
2687 3274 3029 3328 convincitur
3051 3290 3268 3343 corpus.
3296 3276 3475 3329 statim
3494 3277 3601 3330 dis-

2034 3366 2282 3428 solvitur,
2306 3366 2486 3420 statim
2524 3366 2729 3430 defluit,
2755 3365 3045 3435 spargitur,
3068 3366 3422 3435 obputrescit,
3451 3383 3603 3423 emo-

2038 3457 2191 3517 ritur,
2231 3456 2577 3526 infrigdatur,
2610 3457 2859 3510 immutat
2891 3456 3147 3510 colorem.
3191 3457 3308 3512 Non
3334 3460 3451 3527 ejus
3472 3475 3602 3515 ocu-

2036 3548 2121 3604 lus
2151 3550 2318 3613 videt,
2348 3556 2532 3604 etnon
2575 3559 2824 3603 movetur
2854 3564 3069 3612 manus,
3119 3563 3224 3601 non
3282 3566 3397 3619 pes,
3450 3553 3602 3606 auris

2036 3654 2141 3694 non
2169 3638 2335 3701 audit,
2363 3637 2539 3708 lingua
2570 3652 2678 3693 non
2702 3646 2880 3707 gustat
2912 3656 2927 3693 :
2958 3647 3013 3692 et
3038 3636 3082 3689 si
3108 3636 3399 3693 immiseris
3420 3653 3603 3693 escam

2035 3732 2144 3786 vim
2176 3729 2404 3798 faciens,
2439 3745 2547 3785 non
2601 3730 2845 3785 efficiunt
2892 3738 3236 3800 operamenta
3292 3746 3410 3800 quae
3460 3731 3605 3784 intus

2037 3837 2161 3881 sunt
2193 3843 2208 3881 :
2239 3826 2524 3880 recedente
2547 3825 2689 3880 enim
2716 3823 2928 3878 artifice
2954 3830 3117 3877 stant.
3139 3821 3206 3875 Et
3232 3822 3408 3891 capilli
3437 3822 3602 3877 etiam

2040 3932 2145 3971 non
2176 3917 2543 3981 adducuntur,
2577 3926 2629 3970 et
2673 3916 3002 3980 moriuntur,
3035 3923 3089 3970 et
3122 3929 3329 3985 ungues
3353 3913 3465 3981 jam
3494 3931 3603 3968 non

2040 4020 2369 4073 crescentes,
2407 4017 2460 4061 et
2487 4007 2668 4062 omnia
2714 4008 2886 4061 otiosa
2922 4016 3087 4062 sunt:
3150 4006 3291 4061 sicut
3336 4006 3473 4061 fabri
3513 4018 3608 4060 aut

2041 4102 2270 4157 alterius
2295 4100 2546 4162 artificis,
2571 4102 2617 4155 si
2656 4100 2945 4154 recesserit
2985 4098 3206 4164 artifex,
3250 4109 3602 4169 operamenta

2035 4194 2217 4264 jacent
2245 4193 2485 4263 quidem,
2520 4192 2765 4260 indigent
2808 4200 2992 4246 autem
3024 4190 3310 4245 habentem
3348 4190 3606 4243 animam.

2042 4279 2238 4336 Statim
2270 4280 2415 4334 enim
2455 4288 2539 4332 est
2586 4278 2770 4332 videre
2818 4278 2961 4332 foeda
3002 4286 3233 4347 corpora
3264 4278 3609 4333 morientium

2043 4370 2355 4426 animalium
2390 4368 2631 4441 putrida,
2663 4384 2839 4439 neque
2886 4378 2944 4424 ut
2999 4372 3385 4439 contingantur
3430 4378 3557 4439 apta
3591 4386 3606 4424 :

375 4477 521 4528 tione
549 4474 765 4544 dignum
796 4491 812 4527 :
844 4487 942 4527 cur
964 4470 1139 4525 infans
1166 4476 1390 4523 matrem
1424 4466 1641 4536 ignorat
1669 4504 1686 4527 ,
1738 4473 1793 4518 et
1835 4478 1937 4533 pa-
1967 4496 2013 4551 ι)
2044 4476 2141 4516 nec
2168 4461 2312 4515 enim
2340 4469 2395 4513 et
2427 4458 2494 4513 ad
2526 4473 2705 4513 escam
2739 4468 2865 4513 sunt
2884 4460 3244 4514 conducibilia
3282 4476 3296 4513 :
3327 4459 3397 4512 ita
3429 4458 3611 4512 anima

376 4575 510 4620 trem
542 4579 646 4620 non
680 4562 955 4634 agnoscit?
991 4559 1174 4630 Neque
1204 4574 1233 4613 a
1265 4572 1325 4613 se
1364 4557 1541 4627 pergit
1584 4556 1698 4627 (56)
1732 4555 1799 4609 ad
1822 4570 1939 4608 ma-

374 4657 598 4721 millam,
624 4671 795 4725 neque
822 4654 1025 4723 aliquid
1054 4649 1360 4706 istiusmodi
1390 4648 1548 4704 facit.
1594 4648 1732 4715 Quia
1786 4645 1932 4702 enim

373 4759 454 4804 est
482 4764 676 4803 sensus
706 4748 757 4802 in
786 4755 981 4810 matre,
1014 4754 1069 4799 et
1103 4743 1267 4797 tutela
1303 4742 1354 4795 in
1398 4751 1591 4811 patre,
1630 4748 1686 4794 et
1734 4752 1824 4792 ars
1879 4736 1935 4791 in

373 4842 665 4897 obetetrice
689 4854 704 4892 :
729 4849 787 4892 ut
811 4845 1066 4907 appareat
1088 4834 1433 4905 providentiae
1463 4829 1817 4901 dispensatio,
1845 4827 1934 4881 ubi

375 4932 476 4987 ista
504 4930 717 4992 desunt,
743 4937 936 4983 natura
963 4926 1195 4994 complet
1226 4943 1241 4979 :
1274 4924 1365 4977 ubi
1392 4932 1576 4976 autem
1610 4922 1711 4975 ista
1756 4918 1935 4972 abun-

376 5027 530 5089 dant,
558 5032 746 5077 natura
775 5020 938 5075 cedit.
966 5017 1080 5073 Non
1113 5018 1255 5071 enim
1282 5016 1463 5071 statim
1502 5014 1675 5083 surgit
1704 5010 1886 5066 infans
1921 5029 1940 5065 :

380 5116 539 5170 habet
580 5117 725 5171 enim
758 5129 948 5169 manus
977 5127 1097 5181 quae
1139 5116 1403 5180 portant:
1465 5104 1806 5163 necessarios
1844 5118 1938 5158 ca-

376 5206 537 5278 pillos
562 5223 667 5261 non
690 5205 914 5261 habuit:
945 5203 1040 5273 pili
1063 5203 1207 5258 enim
1240 5201 1419 5256 ovium
1449 5195 1756 5253 necessaria
1784 5210 1937 5250 com-

377 5298 544 5369 plent.
583 5296 816 5364 Quaerito
862 5305 1042 5350 autem
1072 5301 1127 5348 et
1160 5293 1330 5361 ipsam
1385 5290 1712 5362 positionem
1770 5286 1939 5343 fontis

377 5406 625 5447 metu
652 5388 828 5460 qualia
859 5386 1001 5457 apud
1030 5398 1151 5451 nos,
1190 5393 1246 5439 et
1281 5383 1459 5453 qualis
1486 5380 1625 5452 apud
1651 5380 1942 5433 irrationa-

376 5484 514 5540 biles
539 5484 817 5537 habeatur.
844 5478 979 5547 Quia
1010 5480 1153 5533 enim
1175 5486 1395 5532 erectus
1419 5486 1606 5531 noster
1633 5482 1721 5527 est
1740 5482 1942 5535 status,

377 5577 503 5648 quia
526 5576 577 5630 in
609 5575 752 5629 inani
796 5589 857 5628 os
907 5582 1213 5642 portamus,
1248 5568 1497 5639 superius
1556 5566 1835 5622 constituit
1884 5573 1941 5619 et

448 5760 561 5834 (35)
595 5758 785 5833 Ipsius.
814 5756 1008 5824 Αὐτοῦ,
1038 5756 1295 5827 ejusdem.

2046 4554 2331 4608 recedente
2364 4566 2469 4606 non
2508 4551 2619 4605 sint
2662 4552 2812 4605 utilia
2849 4552 2915 4606 ad
2965 4566 3026 4605 ea
3059 4567 3179 4621 quae
3234 4566 3345 4605 sure
3406 4560 3612 4605 natura:

2044 4654 2187 4699 sunt.
2216 4643 2400 4698 Mirari
2428 4642 2572 4697 enim
2596 4644 2876 4709 estetilla,
2895 4660 3119 4713 quorum
3148 4643 3323 4697 anima
3356 4642 3613 4713 languore

2045 4745 2138 4789 aut
2168 4734 2528 4790 dissolutione
2554 4733 2857 4789 istiusmodi
2890 4736 3117 4791 recedit.
3147 4734 3203 4789 Si
3230 4741 3409 4787 autem
3444 4741 3500 4787 et
3529 4747 3615 4787 re-

2043 4827 2238 4883 cedere
2262 4832 2478 4895 oportet
2505 4823 2611 4879 dici
2638 4828 2873 4879 animam
2905 4825 3383 4887 irrationabilium,
3418 4823 3612 4876 horum

2045 4915 2389 4971 mortificatio
2422 4915 2705 4972 immutata
2731 4924 2815 4971 est
2839 4931 2869 4970 a
2902 4924 3047 4969 statu
3086 4915 3297 4968 illorum
3326 4929 3445 4983 qua:
3468 4912 3607 4966 oeci.

2044 5006 2263 5060 duntur.
2289 5004 2419 5071 Quae
2434 5003 2763 5060 occiduntur
2786 5004 2930 5060 enim
2960 5003 3066 5058 alia
3120 5012 3246 5058 sunt
3274 5010 3330 5057 et
3382 4999 3568 5056 calore
3596 5043 3612 5069 ,

2041 5100 2144 5157 alia
2170 5115 2383 5171 sapore,
2416 5103 2519 5157 alia
2559 5110 2614 5157 et
2646 5099 2837 5163 odore,
2867 5097 2971 5152 alia
3021 5094 3468 5151 manducatione.
3517 5093 3613 5148 illa

2045 5205 2223 5249 autem
2246 5210 2367 5265 qua:
2390 5195 2694 5251 moriuntur
2720 5200 2777 5245 et
2801 5206 2908 5245 non
2943 5189 3285 5254 occiduntur,
3326 5198 3382 5242 et
3412 5188 3466 5241 in
3498 5187 3616 5256 ipsa

2046 5298 2221 5343 morte
2244 5288 2447 5343 habent
2477 5285 2915 5343 immutationem
2963 5283 3070 5337 sui.
3126 5282 3180 5335 In
3217 5290 3427 5336 tantum
3471 5280 3616 5334 enim

2047 5379 2454 5435 demonstratur
2486 5386 2748 5447 quantum
2807 5385 2987 5444 potest
3039 5376 3323 5444 praesentia
3373 5372 3567 5426 anima:
3597 5414 3614 5441 ,

2048 5471 2174 5539 quia
2205 5480 2254 5525 et
2286 5486 2387 5524 vos
2444 5469 2625 5524 subito
2678 5467 2902 5530 recedit,
2935 5475 2991 5521 et
3036 5477 3298 5536 tanquam
3332 5464 3617 5536 vestigium

2051 5577 2173 5631 qua:
2196 5562 2247 5616 in
2284 5562 2474 5616 iisdem
2502 5570 2584 5615 est
2607 5559 2730 5612 vitae
2760 5557 3035 5629 relinquit.
3060 5557 3205 5626 Quid
3231 5566 3437 5615 autem
3466 5556 3621 5612 dicae

2121 5743 2231 5818 (36)
2264 5743 2307 5797 Α
2333 5760 2405 5799 se.
2441 5740 2702 5799 Δύτόθεν.
