4050 6206
489 351 627 407 Ηῦδ

1157 340 1420 399 EUSEBII
1458 334 1936 394 CIESARIENSIS
1975 335 2131 389 OPP.
2175 333 2353 387 PARS
2392 331 2481 385 ιν.
2524 361 2589 369 -
2623 324 3045 384 DOGMATICA.

3589 317 3735 371 1138

486 468 553 525 de
577 474 760 522 nostra
791 462 1011 519 anima?
1041 459 1135 516 sed
1162 475 1268 514 non
1303 467 1387 513 est
1416 454 1641 511 rationis
1678 456 1750 509 ita
1779 466 1877 508 nos
1906 452 2049 521 inju-
2080 459 2125 513 Α
2154 452 2353 504 decens
2372 448 2565 501 honor.
2602 445 2660 499 Ei
2692 455 2867 497 autem
2898 440 2987 511 qui
3016 435 3219 509 creavit
3250 450 3481 503 corpora
3525 442 3582 487 et
3613 436 3734 487 ani.

485 559 621 618 riam
657 557 835 611 facere
858 554 1106 624 pretiosae
1127 552 1340 605 animae.
1377 548 1433 602 Si
1462 548 1605 601 enim
1636 544 1966 601 voluerimus
1996 543 2049 597 in

487 651 591 704 isto
614 648 760 703 brevi
794 644 968 714 spatio
1002 645 1148 699 horae
1171 648 1391 698 movere
1424 642 1489 696 de
1537 655 1599 695 ea
1635 652 1966 699 sermonem,
1998 643 2053 690 et

487 738 799 796 transitorie
845 735 961 804 ejus
1020 734 1335 788 memoriam
1385 732 1591 797 facere,
1638 730 1840 784 inimici
1882 726 2053 797 magis

487 830 790 884 videbimur
816 835 1015 881 nostra:
1046 824 1239 879 anima:
1270 838 1433 894 quam
1467 821 1649 877 amici.
1680 819 1786 875 Sed
1834 818 1905 873 sit
1937 834 2047 873 ser-

487 921 629 975 moni
679 920 893 987 quidem
952 931 1229 978 mensura,
1294 915 1487 967 anima-
1518 924 1697 966 autem
1737 908 2047 964 rationabili

2157 556 2295 603 mas,
2326 549 2380 592 ct
2435 534 2785 597 rationabiles
2816 545 2871 586 et
2896 526 3324 589 irrationabiles,
3370 527 3437 578 ab
3471 526 3731 580 omnibus

2156 632 2334 697 simul,
2368 640 2421 683 et
2454 630 2542 698 qui
2570 644 2671 685 non
2695 627 3008 695 loquuntur,
3061 635 3159 691 per
3210 633 3401 686 unum,
3436 632 3532 685 per
3562 631 3731 686 quem

2156 734 2209 778 et
2234 724 2413 776 omnia
2443 718 2748 780 constituit,
2777 718 2846 771 sit
2890 713 3082 786 gloria,
3138 712 3335 775 honor,
3394 708 3687 777 imperium
3714 745 3733 773 ,

2159 814 2430 883 majestas,
2464 828 2584 867 cum
2620 809 2821 879 Spiritu
2854 816 3061 870 sancto,
3087 811 3140 857 et
3166 816 3311 857 nunc
3329 809 3380 855 et
3403 813 3644 871 semper,
3676 810 3732 851 et

2158 924 2252 976 per
2278 908 2451 956 munia
2486 902 2676 956 srerula
2716 898 3053 953 saeculorum.
3086 896 3256 948 Amen

1142 1042 3729 1090 ____________._____________________________._

1437 1238 1996 1364 EUSEBII
2088 1229 2767 1346 PAMPHILI

1303 1483 1449 1569 DE
1547 1470 2370 1570 INCORPORALI
2466 1463 2925 1561 ANlMA,

1762 1667 1996 1729 LIBER
2040 1661 2459 1724 SECUNDUS.

556 1982 838 2053 Reliquiae,
862 1993 983 2051 quae
1020 1979 1086 2033 de
1134 1972 1456 2044 incorporali
1486 1970 1781 2027 refectione
1809 1969 2062 2022 hesterno
2098 1974 2135 2027 Β
2165 1967 2442 2031 agnoscat.
2487 1957 2847 2024 lncongruum
2909 1961 2995 2007 est
3034 1950 3175 2007 enim
3203 1990 3219 2017 ,
3254 1961 3314 2004 ut
3346 1949 3417 2005 de
3444 1950 3568 2004 aliis
3612 1951 3731 2019 qui-

491 2075 648 2130 nobis
677 2071 990 2127 resederunt
1022 2068 1127 2133 die,
1157 2067 1315 2120 hodie
1364 2062 1657 2117 secundum
1713 2072 2055 2125 consequen-

495 2166 623 2217 tiam
653 2161 918 2218 sermonis
977 2159 1071 2211 iter
1100 2156 1439 2225 perfruamur
1476 2150 1614 2224 (57).
1651 2149 1881 2204 Solitum
1915 2148 2056 2202 enim

494 2264 547 2308 et
577 2254 662 2308 liis
690 2262 795 2317 est,
823 2250 911 2320 qui
946 2262 1170 2317 corpora
1197 2254 1426 2314 pascunt
1455 2260 1575 2304 sua,
1610 2257 1729 2296 cum
1764 2255 1869 2293 non
1893 2236 2060 2291 sull‘e-

493 2341 665 2396 cerint
693 2340 761 2393 ad
790 2338 1107 2393 sumendum
1142 2335 1385 2405 plurimis
1410 2332 1477 2387 ad
1509 2330 1853 2387 refectionem
1888 2343 2056 2398 appo-

493 2436 657 2490 sitis:
694 2430 1131 2500 manducantque
1162 2429 1303 2485 diem
1339 2436 1603 2498 quantum
1644 2432 1869 2493 possunt
1915 2420 2055 2491 (38),

493 2524 794 2580 recondunt
826 2531 1018 2575 autem
1075 2521 1178 2575 sibi
1216 2518 1484 2589 superﬂua
1541 2515 1594 2570 in
1644 2516 1870 2571 alterum
1918 2513 2051 2567 rele-

492 2617 690 2673 ctionis
710 2615 873 2668 diem.
900 2612 1063 2667 Forte
1092 2623 1270 2665 autem
1299 2626 1402 2664 non
1433 2609 1621 2664 eadem
1659 2607 1841 2675 imago
1859 2619 2057 2659 conve-

494 2709 577 2764 nit
621 2706 803 2765 nobis.
845 2704 961 2759 Non
987 2704 1129 2763 enim
1179 2719 1241 2759 ea
1280 2718 1399 2772 qua:
1427 2701 1744 2757 resederant
1788 2696 2060 2766 proposita

495 2814 638 2855 nunc
669 2808 814 2864 sunt,
850 2798 942 2852 sed
984 2796 1093 2851 sint
1119 2810 1181 2849 ea
1236 2796 1451 2860 quidem
1498 2806 1616 2861 quae
1664 2798 2056 2859 praecesserunt

494 2906 602 2945 non
631 2888 888 2955 esca,sed
917 2898 1136 2958 gustus:
1161 2900 1300 2941 nunc
1316 2896 1514 2949 autem,
1540 2893 1597 2935 ut
1618 2882 1689 2935 ita
1713 2883 1908 2942 dicam,
1941 2881 2053 2949 ipsa

500 2982 745 3036 refectio.
783 2980 958 3034 Motus
1017 2978 1161 3032 enim
1217 2975 1370 3029 nobis
1404 2986 1483 3029 est
1539 2988 1719 3028 sermo
1771 2973 1836 3026 de
1885 2980 2063 3026 monte

500 3072 653 3136 Sina,
697 3071 750 3124 in
786 3085 893 3139 quo
929 3069 1213 3123 dicebatur
1241 3068 1418 3121 fumus
1474 3064 1642 3118 fuisse
1702 3072 1756 3117 et
1812 3062 1951 3131 ignis
2008 3070 2060 3114 et

499 3161 733 3231 procella
774 3169 827 3213 et
883 3161 1022 3214 tuba)
1069 3171 1125 3211 et
1152 3171 1311 3211 voces
1355 3170 1383 3208 a
1439 3156 1546 3209 Deo
1575 3155 1620 3185 “
1658 3172 1672 3208 :
1722 3167 1841 3222 qua:
1884 3155 2060 3207 omnia

501 3251 671 3321 magis
696 3248 1020 3319 quaestiones
1043 3247 1350 3303 movebant.
1379 3245 1637 3300 Videntur
1661 3247 1807 3324 enim
1837 3244 1936 3299 ista
1958 3259 2059 3298 non

2160 2054 2277 2107 dem
2302 2049 2568 2105 curiosius
2594 2048 2852 2117 requirat,
2885 2044 3229 2112 semetipsum
3265 2052 3447 2096 autem
3472 2042 3732 2111 negligat,

2160 2146 2241 2199 cui
2270 2142 2545 2212 proprium
2582 2155 2779 2209 corpus
2814 2150 2917 2193 eSt.
2955 2137 3091 2203 Quia
3140 2138 3283 2190 enim
3315 2136 3489 2206 posita
3529 2145 3612 2191 est
3635 2152 3731 2191 re-

2160 2235 2236 2288 lut
2262 2235 2315 2288 in
2347 2231 2538 2286 mediis
2564 2231 2840 2300 gradibus,
2868 2228 2989 2281 aliis
3041 2227 3256 2296 quidem
3291 2225 3626 2295 praecellens,
3656 2231 3732 2278 ab

2160 2326 2281 2381 aliis
2310 2335 2489 2379 autem
2526 2323 2806 2386 deficiens,
2847 2320 2986 2375 forte
3022 2334 3329 2389 agnoscens
3360 2320 3729 2389 semetipsam,

2163 2417 2425 2487 despiciet
2446 2414 2662 2484 quidem
2696 2414 2926 2473 minora,
2967 2412 3325 2480 protendetur
3358 2420 3533 2464 autem
3565 2410 3630 2461 ad
3653 2424 3725 2464 ea

2160 2527 2277 2581 qua:
2308 2526 2469 2579 supra
2505 2524 2563 2563 se
2596 2517 2744 2561 sunt.
2777 2505 3122 2573 Accipiamus
3148 2504 3307 2574 igitur
3336 2503 3499 2571 ipsius
3524 2502 3727 2556 animm

2162 2602 2506 2672 dignitatem,
2540 2611 2594 2654 et
2625 2597 2925 2653 efficientes
2946 2594 3082 2664 ejus,
3119 2612 3183 2650 ex
3211 2596 3394 2665 quibus
3426 2594 3623 2664 cogitat
3662 2602 3729 2650 et

2162 2700 2347 2766 agitat.
2377 2703 2633 2762 operatur
2683 2700 2739 2745 et
2780 2690 2946 2745 donat
2997 2688 3233 2757 corpori,
3273 2698 3327 2743 et
3350 2704 3413 2742 ex
3438 2688 3636 2757 quibus
3672 2688 3728 2741 ei

2162 2793 2483 2843 adversatur
2504 2786 2813 2848 utilissime,
2838 2794 2894 2841 et
2920 2800 2985 2839 ex
3011 2785 3206 2853 quibus
3240 2786 3309 2838 de
3365 2786 3472 2838 Deo
3525 2785 3733 2853 cogitat

2163 2894 2216 2937 et
2248 2882 2405 2951 sapit.
2457 2880 2797 2949 Accipiamus
2852 2888 3033 2931 autem
3082 2887 3137 2930 et
3192 2877 3503 2931 testimonia
3536 2891 3600 2929 ea
3646 2876 3731 2927 his

2163 2990 2281 3043 quae
2314 2974 2585 3039 videntur,
2607 2982 2664 3025 et
2693 2988 2722 3024 a
2748 2969 3069 3040 Scripturis.
3102 2967 3167 3022 Et
3204 2969 3403 3038 primo,
3435 2969 3561 3036 quia
3612 2968 3731 3035 qui-

2165 3067 2284 3120 dam
2304 3075 2489 3136 putant
2511 3064 2743 3117 animam
2766 3071 3002 3116 nostram
3026 3077 3130 3115 non
3153 3061 3328 3116 solum
3352 3076 3474 3115 cum
3507 3074 3733 3129 corpore

2165 3172 2305 3224 esse,
2336 3157 2429 3212 sed
2455 3166 2545 3210 aut
2570 3154 2924 3225 wrporalem,
2953 3163 3046 3208 aut
3069 3168 3266 3223 corpus
3295 3171 3309 3208 :
3341 3152 3525 3206 multis
3546 3164 3724 3206 autem

2167 3249 2384 3317 sanguis
2418 3257 2638 3317 putatur
2672 3257 2726 3302 et
2751 3257 2932 3299 nostra
2961 3247 3141 3300 anima
3168 3261 3324 3312 esse;
3377 3246 3607 3300 dicimus
3657 3245 3727 3298 de

499 3341 813 3396 consentire
852 3338 1179 3407 incorporali
1232 3346 1458 3392 natum.
1510 3336 1646 3403 Quia
1682 3336 1846 3406 igitur
1876 3335 2057 3391 dome-
2091 3314 2131 3370 ο
2169 3341 2251 3395 his
2284 3340 2550 3410 primum;
2588 3348 2641 3391 ct
2672 3339 2797 3407 quia
2835 3353 2901 3392 ex
2956 3337 3238 3406 Scriptura
3292 3336 3730 3391 circumveniunt

506 3433 647 3488 stica
679 3431 917 3485 efficitur
976 3429 1309 3493 satisfactio,
1350 3444 1474 3483 cum
1514 3444 1543 3483 a
1577 3428 1957 3497 communibus
2012 3436 2065 3479 et

498 3523 699 3594 apertis
726 3523 889 3576 fuerit
916 3531 1079 3585 mota,
1117 3521 1237 3575 ideo
1266 3520 1317 3574 in
1347 3534 1631 3575 commune
1664 3520 1731 3574 de
1755 3519 2065 3586 incorpora-

501 3616 639 3669 libus
668 3615 932 3668 movimus
963 3613 1336 3681 quaestionem.
1391 3610 1737 3678 Accipientes
1765 3610 1909 3665 enim
1939 3624 2063 3664 cor-

500 3723 693 3780 porum
752 3716 974 3760 naturas
1024 3705 1411 3767 discrevimus,
1446 3711 1501 3756 et
1544 3703 1881 3758 ostendimus
1938 3702 2063 3769 quia

502 3815 603 3855 non
636 3810 693 3852 ut
723 3806 944 3867 putatur
973 3797 1243 3853 crassiora
1280 3793 1504 3849 fortiora
1528 3804 1675 3859 sunt,
1731 3794 1824 3848 sed
1871 3808 2063 3847 secun-

500 3894 623 3945 dum
656 3888 1075 3957 competentiam
1111 3885 1535 3956 uniuscujusque
1577 3884 1842 3954 corporis,
1900 3898 2063 3951 quan-

503 3990 611 4032 tum
641 3979 1059 4046 unumquodque
1080 3975 1329 4030 subtilius
1369 3984 1472 4041 est,
1515 3983 1722 4028 tantum
1759 3982 1813 4027 et
1849 3971 2059 4026 fortius.

501 4069 664 4125 Istinc
696 4076 1077 4139 promoventes
1104 4066 1346 4121 venimus
1390 4066 1457 4129 ad
1489 4077 1757 4133 naturam,
1796 4081 1825 4117 a
1868 4073 2058 4119 natura

501 4163 568 4218 ad
599 4160 1048 4216 irrationabilium
1109 4160 1367 4213 animam.
1417 4158 1474 4212 In
1510 4173 1616 4226 quo
1652 4156 1771 4211 loco
1814 4171 2059 4225 compre-

504 4255 690 4309 ltendit
718 4269 816 4308 nos
866 4268 1114 4322 vespera,
1166 4264 1221 4306 et
1266 4252 1652 4309 collocavimus
1702 4250 2059 4305 mansionem.

503 4345 635 4411 Quia
672 4360 800 4414 ergo
822 4344 1083 4399 successit
1107 4344 1216 4412 jam
1245 4343 1445 4409 lumen,
1487 4351 1842 4411 exsurgentes
1882 4351 2064 4396 tenea-

503 4449 620 4488 mus
647 4434 1085 4502 consequentiam
1118 4448 1302 4489 eorum
1330 4446 1450 4501 quae
1481 4447 1694 4485 rursum
1719 4429 2063 4485 ambulantes

502 4524 873 4578 transivimus.
930 4521 1236 4577 Secundum
1302 4522 1743 4590 consequentiam
1785 4521 1947 4592 igitur
2010 4531 2066 4578 et

501 4617 745 4669 ordinem
779 4613 989 4668 initium
1022 4613 1092 4667 sit
1114 4614 1372 4679 sermoni,
1399 4627 1521 4682 qua:
1551 4612 1709 4669 hodie
1745 4612 1811 4666 de
1862 4623 2060 4671 nostra

503 4708 697 4761 animae
723 4707 980 4776 dignitate
1006 4707 1266 4760 dicemus.
1293 4704 1446 4759 Sicut
1478 4705 1621 4761 enim
1667 4720 1695 4758 a
1743 4704 2062 4772 corporibus

498 4801 564 4856 ad
590 4812 859 4863 naturam,
891 4813 921 4852 a
964 4806 1153 4852 natura
1189 4810 1369 4852 autem
1397 4799 1464 4849 ad
1505 4797 1929 4851 irrationabilem
1951 4797 2061 4852 aui-

499 4892 713 4947 malium
736 4890 982 4945 venimus
1009 4889 1268 4952 animam,
1294 4889 1361 4940 ita
1389 4899 1773 4955 promoventes
1812 4898 2063 4943 ettrans-

498 4985 789 5039 candentes
810 5024 825 5048 ,
864 4982 931 5036 ab
952 4978 1400 5036 irrationabilium
1430 4980 1613 5032 anima
1645 4978 1710 5032 ad
1746 4978 2051 5033 rationabi-

496 5074 601 5129 lem
640 5074 1005 5145 pervenimus,
1031 5081 1089 5125 ut
1109 5071 1334 5126 exerciti
1364 5070 1415 5124 in
1441 5070 1757 5138 corporibus
1795 5070 2053 5137 primunt,

498 5168 571 5220 ita
605 5168 884 5223 veniamus
908 5165 974 5221 ad
996 5163 1388 5233 incorporalem
1421 5164 1674 5218 animam:
1701 5173 1757 5218 et
1788 5163 1856 5217 ab
1879 5161 2057 5215 anima

498 5259 563 5312 ad
597 5260 970 5327 incorporalia.
1001 5255 1066 5319 Et
1093 5258 1163 5311 ita
1195 5272 1301 5312 non
1326 5256 1504 5312 subito
1539 5257 1607 5310 ad
1638 5261 1929 5324 puritatem
1964 5252 2057 5307 Dei

500 5349 839 5413 accedentes,
873 5362 939 5401 ex
969 5345 1264 5416 fulgoribus
1288 5347 1380 5414 qui
1414 5347 1537 5400 inde
1577 5356 1704 5400 sunt
1734 5344 2059 5397 obtcnebre-

499 5452 638 5489 ttntr.
668 5436 828 5490 Decet
850 5436 992 5492 enim
1019 5437 1217 5501 taliter,
1252 5447 1308 5490 ιιι
1329 5437 1506 5491 anima
1531 5439 1680 5506 prius
1708 5437 2054 5505 semetipsam

568 5555 615 5587 “
637 5556 806 5609 Exod.
839 5570 952 5622 xu,
976 5557 1062 5613 16.
1167 5559 1209 5587 ⁸⁷
1246 5557 1381 5612 Gen.
1412 5573 1450 5623 ι,
1474 5558 1565 5612 24.
1640 5557 1685 5587 ⁸⁸
1710 5555 1843 5611 ibid.
1881 5557 1969 5611 ‘20.

542 5668 683 5751 .(37)
721 5670 835 5751 iter
855 5672 1206 5749 perfruamur.
1226 5670 1385 5725 Forte
1414 5673 1510 5726 iter
1536 5688 1635 5728 vox
1665 5670 1763 5726 fuit
1805 5687 2051 5745 Cutnpt‘tt-

502 5742 589 5796 tliu
629 5742 828 5809 scripta
863 5742 915 5792 in
943 5756 1043 5793 nts.
1070 5756 1165 5810 pro
1196 5746 1399 5797 iterum.

2167 3432 2399 3485 animam
2431 3439 2684 3498 tanquam
2714 3429 2936 3498 sanguis
2972 3429 3261 3493 habeatur,
3292 3443 3357 3481 ex
3406 3429 3523 3497 ipsa
3578 3426 3726 3479 Scri-

2166 3535 2321 3593 ptura
2354 3522 2471 3591 ejus
2522 3536 2836 3589 separemus
2895 3520 3233 3590 dignitatem.
3272 3519 3724 3573 lrrationabilium

2166 3614 2307 3667 enim
2336 3612 2648 3667 animalium
2683 3610 2879 3664 anima:
2903 3612 3008 3664 uno
3037 3620 3303 3679 praecepto
3338 3625 3463 3663 cum
3493 3611 3731 3677 corpori-

2166 3706 2263 3759 bus
2289 3707 2528 3774 ﬁguratae
2553 3712 2698 3756 sunt.
2720 3701 2894 3766 Dixit,
2915 3703 3110 3772 inquit,
3133 3701 3569 3772 Deus,producat
3593 3714 3734 3755 terra

2164 3795 2420 3847 animalia
2471 3793 2816 3863 quadripedia
2876 3792 2945 3855 ⁸⁷,
2980 3800 3034 3845 et
3066 3807 3185 3860 quae
3239 3803 3563 3861 sequuntur.
3618 3792 3738 3847 Uno

2165 3900 2415 3940 sermone
2450 3901 2647 3955 genera
2681 3884 2998 3938 animalium
3029 3886 3278 3939 universa
3319 3896 3373 3940 et
3415 3901 3643 3953 corpora
3682 3895 3739 3938 et

2163 3977 2372 4031 animas
2402 3976 2551 4041 fecit,
2577 3985 2630 4031 et
2660 3992 2766 4031 non
2798 3978 3076 4031 discrevit.
3114 3976 3179 4029 Et
3202 3978 3421 4042 iterum,
3460 3976 3735 4031 Prodacat

2165 4083 2321 4137 aqua.
2385 4066 2558 4121 Etiam
2608 4070 2652 4122 si
2721 4069 2827 4123 hoc
2877 4069 3116 4138 primum
3188 4071 3421 4138 positum
3479 4081 3562 4124 est
3610 4070 3735 4122 ait:

2164 4158 2432 4212 Producat
2467 4176 2604 4228 aqua
2635 4162 2869 4213 natantia
2910 4179 3027 4230 qua:
3053 4163 3106 4215 in
3138 4162 3289 4232 aquis
3319 4172 3460 4223 sunt,
3491 4172 3537 4214 et
3569 4163 3737 4214 vola-

2165 4251 2281 4305 tilia
2305 4253 2418 4305 cali
2455 4269 2572 4321 qua!
2597 4253 2651 4305 in
2683 4270 2801 4307 aere
2855 4253 2922 4309 ⁸⁸.
2956 4253 3315 4323 Propinquior
3345 4253 3485 4307 enim
3528 4267 3737 4321 genere

2164 4356 2304 4411 aqua
2334 4342 2449 4398 aeri
2470 4353 2573 4398 est.
2604 4342 2862 4410 Repletur
2897 4345 3041 4399 enim
3075 4359 3167 4398 aer
3191 4345 3344 4415 aquis
3376 4358 3471 4412 per
3526 4343 3731 4397 nubes.

2163 4434 2349 4491 Colnta
2385 4445 2562 4491 autem
2594 4451 2734 4505 aqua
2771 4436 3160 4490 transmittitur
3190 4439 3258 4491 ad
3281 4444 3538 4492 aeternet
3564 4436 3740 4492 nubes

2163 4526 2605 4591 adunat.etvelut
2622 4528 2927 4581 immutatio
2938 4529 3182 4596 quaedam
3200 4538 3283 4583 est
3296 4544 3453 4599 aqua
3467 4530 3532 4583 ad
3549 4544 3735 4583 aerem

2164 4628 2219 4671 et
2249 4621 2441 4673 iterum
2470 4620 2757 4675 restitutio.
2783 4619 2930 4676 Unde
2958 4631 3012 4676 et
3034 4637 3152 4691 qua:
3178 4623 3317 4676 facta
3351 4632 3481 4679 sunt
3500 4638 3566 4676 ex
3595 4637 3738 4691 aqua

2166 4709 2328 4762 veluti
2358 4725 2422 4762 ex
2468 4709 2726 4764 crassiori
2751 4722 2957 4776 natura.
3004 4715 3248 4783 quaedam
3278 4714 3496 4783 quidem
3526 4728 3741 4767 reman-

2163 4809 2349 4854 serunt
2380 4801 2433 4854 in
2461 4801 2616 4869 aquis
2644 4840 2659 4866 ,
2718 4802 2820 4857 alia
2871 4804 3020 4859 velut
3055 4806 3121 4858 ad
3170 4820 3529 4875 congenerem
3556 4818 3738 4858 aerea

2166 4891 2478 4946 transmissa
2531 4902 2677 4947 sunt.
2714 4894 2822 4948 Sed
2869 4909 2976 4949 non
3006 4897 3073 4952 de
3118 4896 3206 4951 bis
3248 4912 3391 4951 nunc
3428 4910 3607 4951 sermo
3649 4906 3740 4951 est

2164 4984 2341 5039 nobis.
2375 4984 2482 5039 Sed
2511 4987 2635 5054 quia
2667 4986 2898 5041 aliorum
2928 4990 3145 5057 quidem
3174 4989 3491 5043 animalium
3540 4990 3739 5044 anima

2200 5076 2428 5129 niversa'.
2455 5092 2561 5131 uno
2589 5089 2857 5147 precepto
2894 5094 3014 5132 cum
3044 5081 3362 5149 corporibus
3390 5079 3546 5133 facta
3572 5088 3700 5133 sunt
3717 5098 3734 5133 :

2169 5166 2328 5221 homo
2377 5180 2556 5223 autem
2592 5185 2764 5240 neque
2808 5187 2929 5225 cum
2969 5173 3092 5228 aliis
3145 5174 3472 5228 animalibus
3500 5213 3517 5239 ,
3549 5187 3737 5242 neqne.

2167 5268 2291 5313 ante
2325 5260 2427 5315 alia
2481 5260 2653 5317 lactus
2698 5264 2909 5319 videtur
2938 5282 2953 5318 :
2986 5274 3039 5318 et
3070 5281 3191 5320 eum
3234 5265 3355 5319 aliis
3382 5266 3599 5335 quidem
3630 5280 3739 5321 nou

2166 5360 2249 5403 est
2301 5349 2474 5406 factus
2517 5366 2735 5423 propter
2788 5358 3223 5427 pretiositatem;
3256 5368 3381 5411 ante
3422 5357 3527 5410 alia
3554 5367 3737 5410 autem

2168 5456 2274 5497 non
2331 5454 2415 5498 est
2463 5456 2681 5502 creatus
2716 5459 2938 5519 propter
2982 5448 3204 5503 tutelam
3267 5448 3379 5503 Dei.
3418 5449 3550 5514 Quia
3590 5448 3739 5501 enim

2236 5675 2345 5743 (58)
2379 5673 2475 5731 Ms.
2514 5676 2833 5735 manducent
2868 5677 3076 5748 quidem
3104 5689 3352 5747 quanmm
3380 5686 3618 5744 pusum.
