4050 6206
373 260 510 315 H37
1321 294 1328 301 α
1585 276 1674 333 DE
1714 278 1901 334 li‘COf

2001 279 2174 335 ’ΚΑΜ
2214 283 2449 340 ΑΝῙΜΑ.
3478 304 3611 363 H38

373 376 709 447 incipiebant
749 379 797 435 ei
831 381 1021 452 subjici
1050 383 1229 438 omnia
1270 401 1391 457 qua:
1417 389 1555 444 facta
1590 407 1617 445 a
1644 393 1752 450 Deo
1780 406 1940 461 sunt;
1971 403 2016 456 Α
2045 414 2113 466 go
2146 410 2326 456 autem
2355 403 2584 457 necdum
2616 402 2807 459 vivens
2834 445 2849 469 ,
2904 413 2959 460 et
3000 408 3214 474 jacebat
3241 412 3383 481 quod
3414 414 3609 473 factum

364 477 421 521 ut
458 483 566 522 non
601 471 769 538 ipsius
796 482 1117 542 putarentur
1147 492 1309 547 opera
1343 496 1462 551 quae
1495 482 1638 541 facta
1665 489 1937 555 videntur,
2040 503 2122 548 est
2152 503 2212 548 ut
2244 509 2650 564 operamentum
2689 518 2706 555 :
2749 501 3057 569 requirebat
3084 514 3274 560 autem
3324 508 3607 579 artiﬁcem,

360 562 696 619 novissimus
744 566 1004 635 ﬁguratur
1055 569 1217 625 homo
1247 612 1264 637 ,
1326 582 1381 628 et
1430 590 1534 630 non
1589 579 1816 647 primus.
1876 581 1935 637 Si
2039 598 2143 637 non
2177 562 2451 641 intellectu
2482 599 2576 642 aut
2601 590 2794 645 cﬂ'ectu
2818 632 2832 655 .
2865 593 2958 648 sed
2984 597 3307 653 necessitate
3332 602 3605 669 poscebat.

357 653 506 706 enim
539 663 595 708 et
623 654 694 708 ita
717 656 1010 711 novissimo
1046 659 1190 715 facto
1233 662 1472 727 homine.
1501 670 1621 723 ausi
1661 682 1788 724 sunt
1815 674 1935 743 qui-
2038 673 2312 745 Scriptum
2367 679 2512 733 enim
2540 692 2624 735 est
2647 721 2663 746 ,
2700 684 2823 752 quia
2877 694 2996 754 post
3043 686 3142 742 hoc
3172 706 3186 741 :
3219 688 3507 759 [aspiravit
3548 696 3606 749 in

366 736 413 759 ,κ
669 747 689 759 .
719 748 731 759 .
791 747 803 759 .
922 750 933 759 .
1090 755 1099 759 -

1833 736 1846 743 -
2165 736 2177 745 .
2649 736 2662 746 ,
2717 736 2729 752 ,
2877 736 2994 754 τη-
3044 736 3140 742 --η
3173 736 3186 741 -
3219 736 3504 759 “Tm-..

358 736 485 796 dam
538 760 633 812 per
664 747 870 802 fabulas
922 750 1301 821 introducere;
1344 759 1471 825 quid
1506 776 1609 814 non
1646 763 1760 817 ausi
1797 763 1933 818 fuis-
2038 781 2157 818 eum
2191 766 2441 822 Dominus
2478 772 2854 839 spiramentum
2888 776 3044 842 vila’;
3077 788 3129 832 et
3159 779 3328 849 [actas
3354 794 3429 837 est
3453 786 3604 840 homo

358 843 483 888 sent
513 837 555 889 si
594 852 700 890 non
735 838 834 893 ista
874 845 1241 909 przecessisset
1282 849 1442 901 tutela
1477 850 1499 903 ?
1551 851 1723 907 Aliter
1750 864 1930 909 autem

355 933 413 976 et
446 924 670 999 decebat
716 938 1008 997 antequam
1053 943 1338 990 crearetur
1380 954 1472 993 rex
1506 955 1666 1010 super
1701 953 1928 1007 terram,

360 1014 650 1081 praeparari
690 1020 999 1073 necessaria
1028 1022 1259 1088 primum
1285 1065 1302 1091 ,
1342 1036 1399 1081 ut
1436 1029 1503 1083 ita
1534 1033 1810 1088 adveniret
1837 1038 1929 1105 qui

354 1118 417 1157 ea
448 1104 652 1172 perfrui
702 1107 942 1163 deberet.
988 1111 1250 1169 Servatur
1285 1127 1463 1173 autem
1518 1130 1574 1175 et
1630 1124 1679 1176 in
1716 1104 1929 1179 irratio-

358 1196 632 1251 nabilibus
688 1200 842 1264 ordo,
881 1206 1176 1260 secundum
1228 1207 1588 1280 Scripturam.
1621 1214 1737 1270 Non
1784 1222 1927 1274 enim

356 1288 506 1355 prius
532 1289 676 1344 facta
707 1303 835 1346 sunt
862 1297 1150 1363 animalia,
1190 1316 1351 1370 quam
1383 1303 1575 1359 ﬁerent
1602 1323 1662 1361 ea
1698 1326 1816 1379 quae
1839 1328 1925 1381 pa-

354 1388 569 1433 scerent
620 1380 893 1437 animalia.
944 1385 1075 1452 Quia
1129 1390 1271 1443 enim
1315 1391 1513 1448 factum
1542 1399 1759 1464 quidem
1814 1380 1925 1471 jam

349 1465 530 1522 fuerat
558 1470 771 1536 coelum,
800 1472 1015 1529 fundata
1045 1488 1220 1533 autem
1241 1480 1352 1549 jam
1382 1495 1501 1537 erat
1533 1494 1696 1553 terra,
1730 1501 1785 1545 et
1814 1465 1926 1545 ina-

355 1573 416 1611 re
447 1556 621 1611 fuerat
643 1570 950 1627 separatum
977 1565 1044 1619 ab
1071 1569 1243 1634 arida,
1273 1568 1479 1627 eﬁusus
1504 1585 1685 1630 autem
1723 1590 1838 1634 erat
1871 1593 1925 1636 et

354 1661 470 1711 aer,
496 1660 751 1703 coronata
779 1661 956 1707 autem
994 1666 1148 1710 erant
1187 1671 1308 1726 quae
1351 1662 1492 1716 facta
1544 1677 1696 1732 sunt,
1731 1685 1923 1724 unum-

353 1739 605 1808 quodque
640 1740 691 1795 in
723 1755 1040 1800 ornamento
1074 1762 1172 1804 suo
1216 1768 1229 1804 :
1274 1759 1414 1806 terra
1452 1756 1669 1823 quidem
1725 1757 1920 1816 ﬂorens

353 1829 635 1883 arboribus
678 1840 734 1885 et
781 1832 977 1901 plantis
1013 1849 1149 1890 :aer
1198 1854 1295 1908 per
1347 1843 1525 1897 avium
1578 1846 1681 1900 iter
1730 1850 1921 1906 avibus

354 1918 595 1982 praabens
628 1937 643 1974 :
682 1937 831 1978 mare
874 1934 930 1979 et
968 1924 1185 1982 ﬁumina
1216 1938 1270 1983 et
1311 1931 1484 1989 fontes
1512 1937 1749 2005 piscibus
1776 1941 1921 1995 lana-

354 2007 569 2073 bantur,
600 2012 689 2079 qui
715 2013 767 2066 in
815 2029 874 2068 se
902 2015 1118 2072 fuerant
1149 2021 1280 2075 nati.
1328 2024 1532 2079 Caelum
1564 2041 1744 2083 autem
1780 2033 1921 2088 vari-

355 2110 532 2155 catum
580 2104 691 2173 (59)
726 2108 840 2163 suis
884 2109 1109 2167 ﬁoribus
1139 2125 1294 2180 erat,
1342 2126 1396 2172 et
1434 2127 1557 2174 tunc
1606 2120 1779 2178 factus
1833 2135 1919 2179 est

358 2190 538 2246 homo.
565 2192 793 2252 Creatus
824 2211 1002 2254 autem
1039 2213 1123 2258 est
1160 2205 1322 2261 homo
1358 2224 1462 2261 non
1494 2225 1598 2265 uno
1626 2226 1913 2284 przccepto,

348 2282 442 2335 sed
472 2298 666 2354 corpus
689 2288 902 2357 quidem
931 2292 1128 2349 dicitur
1185 2300 1433 2356 manibus
1469 2302 1776 2373 ﬁguratum.
1806 2282 1913 2359 lix-

350 2371 475 2428 hinc
501 2385 680 2431 autem
722 2376 836 2446 jam
876 2396 1192 2454 argumenta
1236 2391 1345 2444 sint
1376 2393 1443 2446 de
1490 2371 1730 2450 incertis.
1769 2396 1914 2451 Scri-

352 2474 495 2531 ptum
519 2477 603 2521 est
632 2471 775 2524 enim
828 2472 892 2540 ",
926 2477 1050 2545 quia
1076 2481 1283 2548 accepit
1313 2481 1454 2537 Deus
1474 2499 1505 2538 e
1530 2493 1671 2539 terra
1702 2487 1907 2545 limum.

348 2548 508 2612 Putas
537 2561 661 2628 quia
714 2566 955 2633 accepit,
987 2568 1165 2634 dixit,
1223 2572 1483 2628 addemus
1509 2576 1556 2630 ei
1592 2586 1645 2631 et
1670 2594 1856 2635 manus
1887 2582 1909 2634 ?

351 2645 619 2718 Scriptum
641 2663 723 2708 est
754 2656 880 2724 quia
911 2668 966 2712 et
1018 2660 1267 2729 ﬁguravit
1292 2664 1587 2726 hominem.
1622 2669 1688 2724 Et
1710 2673 1909 2742 liguru-

345 2737 421 2791 tio
451 2741 668 2807 quidem
704 2748 947 2814 corporis
979 2749 1214 2819 iacebat,
1247 2756 1423 2810 anima
1451 2770 1630 2814 autem
1662 2778 1765 2817 non
1790 2775 1907 2819 erat

343 2829 505 2884 simul
540 2845 744 2909 creata.
778 2836 884 2891 Sed
915 2840 1101 2896 volens
1132 2843 1267 2900 Deus
1314 2862 1410 2917 per
1440 2865 1601 2919 Opera
1630 2863 1905 2922 separatas

351 2934 639 2989 segregare
668 2933 891 2981 naturas
920 2934 1209 2999 separatim
1246 2935 1490 3007 ﬁguravit
1522 2956 1718 3012 corpus
1745 2983 1759 3005 ,
1818 2960 1903 2999 se-

341 3010 569 3075 paratim
600 3014 830 3069 animam
858 3017 1005 3073 fecit.
1036 3022 1098 3075 Et
1128 3023 1327 3079 factum
1358 3039 1441 3084 est
1472 3010 1631 3085 velut
1647 3036 1896 3088 taberna-

343 3102 523 3155 culum
551 3118 744 3175 corpus
779 3126 793 3161 :
827 3110 1128 3168 introducta
1160 3126 1243 3171 est
1285 3131 1462 3175 autem
1491 3125 1693 3189 anima,
1716 3135 1769 3180 et
1799 3129 1896 3182 ha-

349 3192 555 3246 bitavit.
606 3195 667 3249 Et
693 3214 757 3250 ne
786 3210 939 3266 putes
972 3205 1092 3271 quia
1123 3211 1395 3273 praecessit
1423 3227 1621 3283 corpus
1661 3219 1713 3270 in
1742 3234 1896 3273 crca-

346 3283 486 3336 tinue
516 3324 530 3349 ,
566 3287 676 3353 jam
721 3301 775 3342 et
829 3293 878 3344 in
929 3293 1129 3350 honore
1155 3301 1429 3367 praecellit.
1479 3306 1582 3358 Sed
1632 3320 1897 3363 memento

337 3388 453 3442 qua:
481 3380 726 3444 superius
757 3382 977 3448 audisti,
1004 3386 1127 3454 quia
1157 3397 1209 3442 et
1234 3390 1617 3449 irrationabilia
1642 3399 1894 3453 animalia

333 3474 456 3519 ante
492 3466 760 3524 hominem
794 3474 934 3526 [acta
965 3487 1091 3530 sunt
1128 3495 1140 3531 :
1171 3486 1224 3533 et
1250 3483 1496 3552 nonquia
1527 3500 1897 3554 praevenerunt

331 3557 384 3609 in
420 3561 730 3627 operatione
760 3604 773 3625 ,
801 3563 913 3633 jam
950 3576 1002 3618 et
1034 3568 1206 3635 prima
1246 3583 1371 3628 sunt
1411 3573 1465 3629 in
1496 3576 1717 3635 honore.
1750 3579 1896 3650 Ipso-

336 3664 448 3701 rum
477 3658 653 3704 autem
689 3652 1136 3713 irrationabiliqu
1174 3677 1236 3717 ea
1262 3679 1382 3734 quae
1416 3669 1482 3721 ad
1512 3684 1691 3726 escam
1715 3688 1893 3728 neces-

329 3741 469 3794 saria
492 3749 636 3808 sunt,
667 3746 845 3814 priora
875 3760 1053 3803 creata
1090 3764 1213 3807 sunt
1238 3772 1251 3807 :
1278 3765 1330 3808 et
1362 3772 1466 3811 non
1493 3763 1616 3828 quia
1652 3779 1769 3831 qua:
1799 3766 1893 3819 uti-

328 3830 397 3883 lia
428 3838 552 3886 sunt
577 3834 923 3904 animalibus,
954 3847 1007 3893 et
1050 3838 1162 3907 jam
1193 3842 1304 3914 (40)
1331 3830 1733 3906 honorabiliora
1763 3866 1889 3909 sunt

325 3921 540 3976 iisdem.
574 3918 713 3993 Ergo
738 3941 843 3981 non
877 3942 906 3981 a
945 3932 1277 3998 temporibus
1302 3937 1648 4005 accipiamus,
1685 3945 1887 4011 pretio-

327 4010 469 4067 siora
502 4030 563 4070 ea
602 4030 722 4073 esse
751 4034 871 4088 quae
912 4024 1088 4091 priora
1126 4035 1287 4081 sunt:
1330 4030 1593 4099 siquidem
1647 4046 1700 4091 et
1745 4050 1884 4095 terra

324 4115 447 4160 ante
498 4106 656 4161 istum
709 4112 801 4179 qui
858 4112 1073 4168 videtur
1103 4118 1298 4173 cmlum
1338 4122 1615 4180 estfacta.
1670 4128 1726 4183 Si
1764 4131 1885 4199 quis

322 4196 466 4250 enim
500 4197 627 4267 legit
660 4203 1021 4270 Scripturatn,
1046 4218 1138 4261 aut
1166 4208 1429 4279 legentem
1458 4218 1683 4282 audivit,
1736 4196 1883 4277 inve-

326 4288 435 4342 niet
457 4291 578 4358 quia
616 4294 872 4363 scriptum
900 4306 981 4351 est
1014 4317 1024 4351 :
1056 4297 1121 4353 1η
1147 4304 1403 4372 principio
1444 4308 1565 4374 fecit
1616 4310 1751 4366 Deus
1782 4332 1882 4368 ca:-

318 4378 425 4432 lum
463 4391 509 4434 et
546 4393 735 4437 terram
771 4386 839 4441 '°.
885 4388 1094 4443 leum
1146 4394 1286 4446 enim
1322 4412 1440 4451 cum
1494 4410 1629 4457 terra
1683 4404 1877 4469 factum
1915 4428 1975 4481 Dp

318 4471 487 4536 dicit,
526 4490 629 4529 non
662 4478 825 4530 iStum
869 4470 957 4548 qui
1010 4482 1240 4548 videtur,
1280 4488 1374 4541 sed
1424 4490 1586 4546 alium
1634 4499 1879 4565 superio-

318 4556 451 4616 rem.
485 4560 734 4622 Secundo
764 4570 905 4623 enim
944 4572 1042 4649 die
1092 4573 1321 4631 eilicitur
1366 4579 1465 4637 iste
1512 4586 1601 4653 qui
1640 4590 1876 4659 videtur,

315 4663 369 4707 et
399 4658 709 4713 nominatur
742 4660 1155 4767 ﬁrmameqtum.
1198 4669 1429 4728 Tantum
1474 4680 1615 4733 enim
1645 4682 1876 4740 honora-

315 4745 470 4767 ,_,,,,_
506 4760 546 4767 ί,
604 4750 665 4767 ._
790 4763 799 4767 -

312 4745 471 4802 bilior
496 4760 551 4803 et
602 4750 703 4806 istc
730 4769 756 4804 a
788 4763 926 4809 terra
968 4745 1049 4812 est
1075 4798 1090 4823 ,
1126 4774 1382 4830 quantum
1409 4778 1467 4822 et
1506 4774 1680 4841 spatio
1710 4777 1874 4832 distat

309 4841 698 4911 superpositus.
726 4844 790 4899 Et
818 4862 923 4901 non
955 4851 1076 4917 quia
1119 4862 1229 4910 toto
1273 4857 1357 4911 die
1386 4866 1667 4928 pr:ecessit
1724 4879 1867 4925 terra

309 4930 472 4987 istum
512 4936 604 5006 qui
635 4936 841 4992 videtur
865 4943 1082 5006 malum,
1109 4945 1218 5013 jam
1248 4956 1301 5003 et
1342 4950 1542 5008 honore
1576 4958 1745 5024 prima
1774 4978 1871 5030 puo

310 5026 528 5081 labitur.
559 5029 634 5084 Ita
670 5030 927 5101 ﬁguretur
973 5036 1121 5101 prius
1155 5054 1373 5110 corpus,
1401 5053 1454 5098 et
1481 5057 1601 5114 post
1636 5052 1726 5105 liat
1751 5026 1866 5110 avni-

306 5132 415 5183 ma,
448 5118 499 5172 et
528 5120 680 5175 nobis
712 5136 959 5179 servetur
983 5128 1238 5197 dignitas.
1275 5132 1472 5191 Factus
1501 5138 1663 5208 igitur
1704 5146 1868 5205 homo

302 5208 383 5261 es‘t
410 5253 423 5273 ,
460 5209 533 5262 ita
565 5212 705 5266 enim
734 5216 971 5269 nominat
1005 5216 1143 5273 Deus
1168 5223 1292 5275 dum
1328 5226 1474 5280 dicit.
1512 5228 1579 5281 Et
1622 5230 1863 5303 ﬁguravit

303 5300 442 5355 Deus
475 5304 757 5372 hominem,
791 5310 976 5365 limum
1003 5330 1035 5366 a
1070 5323 1211 5367 terra
1232 5318 1488 5386 accipiens
1511 5322 1578 5373 ⁸¹.
1627 5322 1863 5389 Necdum

297 5402 417 5447 erat
448 5403 590 5451 totus
624 5396 780 5454 homo
814 5421 827 5456 :
858 5403 949 5457 sed
984 5404 1027 5458 si
1064 5404 1201 5459 forte
1241 5407 1415 5479 imago
1446 5412 1695 5484 hominis,
1728 5420 1859 5474 ima-

370 5508 412 5541 “
451 5510 587 5567 Gen.
643 5530 700 5579 ιι,
745 5516 793 5570 7.
869 5518 915 5549 ⁵ο
962 5518 1098 5574 Gen.
1151 5538 1187 5587 ι,
1240 5524 1290 5577 1.

367 5669 475 5739 κιο)
510 5670 689 5739 Forte,
722 5671 1082 5737 Vari/iculum.
1109 5690 1162 5734 ut
1186 5697 1344 5749 supra
1378 5687 1478 5744 col.
1519 5686 1645 5748 “31
1686 5689 1747 5743 Β.

2038 858 2090 908 iu
2123 859 2354 910 animam
2382 862 2635 917 viventem
2664 863 2729 918 ⁵³.
2756 864 2819 919 Et
2845 867 3059 933 iterum,
3087 869 3147 923 In
3177 873 3418 941 spiritum
3441 876 3610 945 vivi/i4-

2035 959 2239 1002 cantem
2271 950 2341 1004 ⁵³.
2397 953 2539 1023 Ergo
2586 957 2652 1010 ab
2689 956 2840 1011 initio
2887 962 3175 1028 separatim
3224 964 3442 1032 quidem
3484 981 3603 1020 cor-

2032 1052 2131 1105 pus
2158 1078 2173 1102 ,
2209 1042 2503 1108 separatim
2538 1054 2717 1099 autem
2745 1047 2923 1101 anima
2975 1050 3115 1103 facta
3166 1062 3268 1107 est.
3311 1053 3377 1108 Et
3403 1070 3600 1126 corpus

2032 1128 2248 1195 quidem
2276 1130 2395 1186 sine
2423 1133 2605 1187 anima
2633 1152 2739 1190 non
2782 1138 2912 1191 vivit
2946 1156 2959 1191 :
2994 1155 3114 1194 cum
3152 1152 3330 1197 autem
3355 1144 3597 1212 ingressa

2032 1222 2197 1276 fuerit
2223 1224 2429 1287 anima,
2464 1235 2597 1281 tunc
2628 1227 2855 1284 edicitur
2881 1232 3041 1287 homo
3077 1234 3128 1287 in
3161 1238 3394 1292 animam
3422 1242 3601 1296 viven-

2032 1320 2162 1366 tem.
2196 1312 2263 1367 Et.
2300 1317 2421 1383 quis
2456 1320 2790 1387 comparabit
2814 1333 3115 1391 opportune
3160 1340 3352 1395 corpus
3382 1331 3594 1398 quidem

2030 1405 2180 1469 nubi,
2209 1405 2446 1462 animam
2483 1420 2662 1465 autem
2690 1413 2946 1471 immissis
2975 1433 3004 1471 a
3034 1418 3147 1474 sole
3178 1420 3597 1489 splendoribus!

2030 1494 2278 1549 innuutat
2304 1499 2448 1552 enim
2510 1501 2667 1556 nubis
2716 1505 2989 1572 colorem,
3027 1509 3273 1564 immutat
3323 1512 3438 1580 ejus
3490 1514 3598 1570 eiii-

2027 1586 2189 1653 giem,
2221 1589 2315 1641 sed
2348 1605 2453 1644 non
2479 1592 2741 1648 viviﬁcat.
2793 1596 2984 1663 Quaere
3012 1615 3139 1670 ergo
3186 1606 3456 1671 quomodo
3506 1622 3595 1663 ac-

2026 1678 2165 1747 cepit
2219 1680 2362 1735 Deus
2396 1682 2581 1738 limum
2637 1696 2794 1743 terra:
2823 1731 2841 1756 ,
2887 1700 2942 1745 et
2989 1695 3259 1762 quomodo
3310 1697 3594 1768 inspiravit

2026 1770 2185 1825 Deus.
2219 1773 2430 1843 Accipit
2458 1775 2601 1830 enim
2637 1779 2753 1832 sine
2794 1783 3042 1838 manibus
3069 1825 3085 1849 ,
3116 1795 3171 1840 et
3209 1787 3438 1857 inspirat
3469 1790 3593 1847 sine

2019 1875 2136 1915 ore.
2171 1861 2282 1917 Cur
2315 1881 2443 1936 ergo
2477 1870 2736 1938 accepit?
2785 1881 2843 1925 ut
2890 1886 3169 1943 appareret
3199 1879 3323 1947 quia
3362 1895 3468 1934 non
3517 1882 3594 1937 ab

2021 1950 2121 2003 alia
2150 1963 2394 2009 creatura
2425 1967 2505 2011 est
2532 1961 2718 2024 homo,
2749 1965 2843 2017 sed
2878 1979 2905 2017 a
2935 1969 3321 2037 conspersioue
3354 1970 3588 2027 fermen-

2023 2052 2157 2098 tum.
2180 2044 2289 2099 Cur
2318 2058 2494 2103 autem
2520 2061 2575 2106 et
2603 2051 2934 2122 inspiravit?
2966 2056 3069 2113 Pro
3091 2074 3155 2114 eo
3179 2070 3238 2115 ut
3259 2062 3425 2129 dicat,
3457 2063 3586 2134 quia

2020 2133 2266 2192 immisit.
2299 2137 2355 2193 Si
2384 2142 2526 2196 enim
2552 2145 2904 2213 corporaliter
2942 2153 3311 2217 acceperimus
3337 2156 3478 2223 quod
3504 2157 3589 2210 in-

2017 2228 2244 2295 spiravit
2296 2230 2457 2297 Deus,
2492 2245 2603 2288 uta
2641 2235 2749 2291 Deo
2779 2252 2905 2306 pars
2929 2239 3193 2297 eﬁicimur
3228 2244 3317 2299 Dei
3349 2245 3584 2316 inspira-

2016 2318 2160 2372 tione
2192 2320 2293 2375 ista
2322 2362 2335 2385 ,
2364 2333 2417 2377 et
2459 2325 2748 2383 dividimus
2779 2331 3089 2387 indivisum.
3129 2334 3194 2387 Et
3227 2339 3580 2403 quemadmo-

2012 2405 2140 2461 dum
2196 2412 2452 2477 possibile
2482 2425 2600 2468 erat
2622 2432 2848 2484 peccare
2875 2435 2989 2487 eos,
3019 2424 3108 2491 qui
3137 2440 3167 2477 a
3208 2424 3317 2482 Deo
3351 2438 3408 2481 ut
3441 2445 3567 2499 pars

2010 2495 2128 2561 ejus
2171 2511 2324 2552 erant
2355 2505 2635 2570 separati?
2684 2505 2763 2561 lta
2798 2523 2928 2579 ergo
2984 2527 3048 2566 ex
3082 2524 3329 2570 creatura
3360 2495 3576 2585 quidem

2010 2587 2120 2656 ipsa
2144 2593 2324 2643 statim
2352 2608 2660 2662 separatum
2691 2608 2773 2652 est
2808 2610 3049 2655 nostrum
3084 2618 3284 2673 corpus
3303 2607 3369 2660 ab
3394 2609 3577 2663 anima

2006 2689 2215 2736 nostra.
2245 2682 2437 2737 Anima
2475 2696 2655 2740 autem
2692 2691 2932 2744 omnium
2969 2694 3279 2748 animalium
3330 2712 3448 2766 qua:
3503 2700 3573 2753 ab

2007 2770 2313 2827 hominibus
2358 2777 2780 2843 manducantur,
2832 2782 3008 2839 dictus
3047 2795 3128 2839 est
3164 2790 3423 2856 sanguis,
3466 2805 3573 2845 non

2006 2873 2185 2919 tamen
2221 2867 2475 2924 hominis.
2511 2870 2617 2925 Sed
2648 2887 2767 2927 cum
2818 2876 3020 2932 diceret
3070 2880 3271 2935 homini
3307 2883 3444 2937 Deus
3467 2922 3483 2948 ,
3514 2895 3573 2937 ut

2001 2958 2148 3025 prius
2194 2958 2491 3016 eﬁunderet
2541 2967 2894 3035 sanguinem,
2951 2979 3007 3024 et
3059 2971 3130 3025 ita
3184 2974 3569 3040 manducaret;

1927 3083 1968 3141 Ο
2002 3048 2066 3100 de
2101 3048 2424 3108 animalibus
2450 3056 2552 3109 iste
2581 3057 2696 3125 eius
2728 3070 2847 3114 erat
2889 3075 3086 3116 sermo.
3131 3063 3211 3118 Ab
3246 3065 3399 3120 initio
3433 3081 3568 3137 ergo

2001 3145 2399 3209 creaturae,ita
2436 3148 2630 3201 melior
2668 3160 2750 3204 est
2794 3164 2979 3207 nostra
3027 3155 3206 3209 anima
3237 3172 3267 3211 a
3317 3172 3567 3229 corpore,

1998 3241 2053 3285 et
2086 3246 2332 3303 separata
2364 3248 2466 3293 cst.
2508 3240 2575 3294 Ut
2619 3252 2799 3297 autem
2841 3247 3121 3324 veniamus
3151 3249 3218 3304 ad
3245 3248 3362 3317 ejus
3388 3252 3567 3324 digni-

2001 3329 2186 3385 tatem,
2212 3326 2514 3380 scrula‘ntes
2546 3343 2852 3386 scrutemur
2884 3322 3008 3403 quia
3045 3351 3273 3406 corpora
3309 3358 3412 3396 non
3438 3360 3568 3414 ger-

1999 3412 2224 3475 minant,
2266 3417 2359 3469 sed
2391 3420 2616 3473 arbores
2652 3428 2705 3474 et
2735 3422 2935 3490 planta:
2957 3440 3281 3495 acceperunt
3316 3412 3561 3502 germen,

1996 3510 2049 3555 et
2069 3513 2438 3573 augmentum,
2471 3516 2525 3561 et
2546 3524 2752 3574 escam,
2784 3526 2946 3579 quam
2992 3529 3100 3569 non
3132 3516 3404 3574 habebant
3431 3539 3561 3579 saxa

1994 3608 2112 3661 quae
2136 3609 2262 3650 vere
2307 3606 2430 3651 sunt
2481 3615 2633 3656 saxa.
2663 3601 2981 3660 Germinare
3009 3606 3151 3661 enim
3182 3617 3235 3663 et
3267 3627 3516 3672 crescere
3541 3658 3558 3683 ,

1993 3694 2047 3739 et
2097 3685 2357 3742 imbribus
2389 3693 2584 3747 nutriri
2616 3709 2719 3749 non
2775 3695 3012 3765 habent,
3063 3702 3156 3755 sed
3188 3700 3305 3757 hare
3337 3719 3561 3777 accepec

1995 3786 2117 3829 runt
2142 3777 2339 3847 planta:
2367 3790 2421 3835 et
2444 3784 2685 3840 arbores.
2710 3785 2777 3840 Et
2801 3802 2867 3842 ne
2886 3788 3010 3857 quis
3048 3793 3310 3861 producat
3340 3807 3559 3852 contra-

1991 3867 2316 3937 dictionem,
2347 3874 2392 3927 si
2423 3876 2590 3945 aliqui
2635 3878 2842 3948 lapides
2883 3893 3137 3938 crescunt
3166 3886 3217 3940 in
3248 3889 3406 3953 mari,
3441 3890 3557 3947 sive

1991 3961 2169 4027 nigri,
2203 3964 2320 4018 sive
2367 3966 2560 4021 rubri:
2588 3968 2663 4023 illi
2709 3969 2853 4024 enim
2905 3971 3101 4040 plantis
3132 3977 3303 4047 magis
3352 3979 3554 4036 similes

1985 4059 2111 4102 sunt
2134 4065 2293 4119 quam
2324 4054 2590 4123 lapidibus
2617 4076 2643 4120 :,
2662 4060 2816 4115 incisi
2850 4062 2999 4117 enim
3023 4080 3144 4120 cum
3170 4066 3393 4134 fuerint,
3426 4080 3554 4128 tunc

1989 4138 2192 4207 lapides
2219 4141 2529 4201 eﬂiciuntur
2558 4165 2573 4201 :
2600 4148 2652 4203 in
2684 4163 2942 4219 quantum
2982 4167 3159 4211 autem
3181 4166 3326 4212 stant
3348 4167 3553 4215 natum

1984 4230 2210 4301 legibus,
2240 4243 2295 4288 et
2332 4237 2543 4293 radices
2573 4241 2860 4310 eunttunt,
2892 4255 2947 4300 et
2990 4248 3391 4317 pullulationem
3421 4266 3555 4322 ope-

1986 4334 2191 4389 rantur,
2228 4334 2281 4379 et
2317 4326 2708 4387 incrementum
2735 4336 3031 4407 accipiunt,
3066 4350 3122 4395 et
3152 4342 3314 4397 ramis
3337 4359 3547 4399 annun-

1989 4416 2121 4470 tiant
2151 4414 2484 4475 aﬂlnitatem.
2520 4424 2661 4495 Ergo
2690 4428 2890 4497 plantis
2926 4439 2982 4485 et
3009 4434 3294 4489 arboribus
3322 4435 3422 4490 ista
3445 4438 3546 4493 ad-

1984 4506 2205 4575 duntur,
2242 4512 2363 4579 quia
2398 4513 2597 4570 habent
2639 4528 2697 4572 ut
2727 4522 3066 4590 germinent,
3104 4535 3162 4578 ut
3209 4528 3546 4596 procedant,

1985 4610 2044 4653 ut
2081 4612 2373 4669 crescant,
2424 4615 2483 4659 ut
2533 4622 2840 4675 pascantur.
2876 4613 3210 4671 Animalibus
3257 4627 3435 4673 autem
3490 4620 3545 4674 id

1979 4691 2286 4763 inestquod
2318 4697 2477 4761 inest,
2504 4700 2605 4756 hoc
2631 4714 2715 4757 est
2752 4716 2810 4758 ut
2857 4718 3162 4773 nascantur,
3192 4718 3246 4764 ct
3268 4723 3543 4779 crescant,

1975 4794 2029 4840 et
2058 4800 2368 4854 pascantur.
2401 4792 2591 4849 Juncta
2619 4807 2794 4867 autem
2821 4799 3013 4855 iisdem
3038 4810 3121 4856 est
3154 4812 3207 4857 et
3240 4806 3540 4873 proprieta-

1978 4880 2047 4933 tis
2073 4879 2490 4941 additamentum
2512 4890 2855 4946 sensibilitas.
2877 4891 2973 4947 Est
2990 4904 3167 4950 autem
3193 4896 3294 4951 hoc
3320 4896 3374 4951 in
3404 4896 3542 4968 lapi-

1976 4967 2131 5025 dibus
2175 4981 2232 5028 ut
2258 4978 2383 5041 sint,
2414 4980 2507 5033 sed
2540 4996 2642 5033 non
2680 4981 2820 5035 inest
2858 4982 2937 5037 eis
2965 4992 3024 5037 ut
3056 4995 3322 5053 crescant,
3358 4997 3412 5041 et
3442 4967 3537 5043 ad-

1977 5061 2269 5119 ditamenta
2303 5080 2539 5135 sumant,
2571 5073 2710 5139 quod
2735 5082 2814 5127 est
2847 5074 2898 5127 iu
2922 5077 3242 5131 animalibus
3264 5079 3533 5135 omnibus.

1971 5149 2104 5207 Esse
2136 5164 2315 5211 autem
2353 5159 2493 5214 inest
2514 5164 2660 5216 saxis
2690 5173 2745 5217 et
2792 5174 2987 5220 terras:
3023 5171 3325 5237 germinare
3347 5180 3525 5226 autem

1969 5251 2024 5296 et
2056 5259 2324 5313 crescere,
2362 5259 2415 5304 et
2446 5254 2652 5321 augeri,
2694 5257 2835 5323 quod
2861 5269 2979 5310 erat
3014 5260 3287 5323 arborum,
3322 5277 3424 5315 non
3447 5271 3533 5318 est

1967 5333 2019 5388 in
2049 5336 2149 5391 eis.
2184 5338 2621 5395 Additamenlum
2656 5356 2834 5399 autem
2875 5362 3060 5401 eorum
3088 5362 3389 5421 separatum
3445 5362 3530 5409 est

1969 5427 2304 5484 seusibilitas
2325 5470 2341 5497 ,
2368 5440 2549 5501 utpote
2572 5449 2714 5493 uua:
2746 5438 2799 5493 in
2828 5438 3148 5498 animalibus
3186 5442 3430 5500 habetur.
3468 5444 3531 5501 In

1368 5526 1411 5556 ³¹
1442 5526 1575 5583 Gen.
1605 5546 1663 5597 ll,
1695 5531 1743 5586 7.
1817 5535 1865 5566 δ’
1891 5536 2018 5593 ibid.

2098 5543 2144 5573 "
2174 5543 2302 5598 ibid.

2036 5695 2151 5766 ιιο)
2179 5696 2243 5753 Et
2275 5698 2411 5769 jam.
2452 5700 2531 5758 An
2568 5706 2773 5761 etiam?
