2025 3103
236 133 306 170 ms

574 141 617 170 EU
623 141 707 169 SEBII
725 142 964 170 CA'JSARIENSIS
982 142 1057 170 OPP.

1079 142 1168 170 PARS
1188 142 1231 171 Ν.
1247 138 1285 164 λ--
1304 143 1516 172 DOGMATICA.
1787 146 1859 174 ηιο

237 200 315 227 nobis
339 203 427 227 antem
451 200 540 226 omnia
564 207 625 234 quze
648 196 854 235 praedictasunt
877 202 1020 229 habentur.
1037 203 1058 230 Α
1074 201 1194 235 perﬂua;
1211 203 1258 229 sed
1272 207 1373 229 tantum
1385 203 1475 229 anima
1492 209 1605 237 corpore
1623 202 1718 230 fortior
1733 206 1859 240 est,quia

235 246 363 273 Additum
390 250 479 272 autetn
498 245 575 272 nobis
591 251 632 272 est
653 247 724 281 quod
748 252 870 274 nostrum
894 252 936 274 est
959 255 1022 282 pro-

239 292 337 325 prium,
350 296 377 317 et
387 291 457 326 quod
472 291 549 318 nobis
566 292 690 324 provenit
704 312 711 324 ,
734 297 763 319 ut
778 293 901 319 deorsum
914 293 1021 327 quidem

239 338 387 365 habeamus
402 337 490 364 omnia
508 344 567 371 qua:
580 338 678 365 habent
692 345 724 365 ea
737 345 797 372 quae
813 339 863 365 sub
881 347 928 366 nos
939 344 1020 371 sunt;

238 383 406 415 extrinsecus
416 388 503 409 autem
517 387 638 410 nostrum
661 385 731 418 qttod
749 390 790 411 est
807 384 944 419 proprium
957 405 965 417 ,
987 385 1022 412 sit

238 430 265 456 iu
284 428 360 455 nobis
375 428 507 463 cogitatus
532 433 558 455 ct
575 436 682 455 sensus.
704 428 803 456 lterum
829 437 859 457 ea
878 437 938 464 quae
963 435 1023 464 post

238 482 286 501 nos
301 478 379 506 sunt,
400 473 490 500 statim
512 473 707 501 irrationabilia
723 474 850 501 animalia
872 475 990 510 cogitatu
1006 483 1021 502 a

238 521 314 547 nobis
331 520 520 554 relinquuntur
533 525 561 546 et
582 527 675 547 sensu.
694 520 800 547 Habent
816 525 905 548 autem
920 522 1020 555 omnia,

238 574 403 601 quascunque
419 567 527 599 habent,
544 567 661 593 minora.
672 567 726 593 Illis
737 568 808 594 enim
823 573 850 594 et
861 568 932 601 quod
944 576 1020 595 suum

238 617 280 639 est
299 612 388 645 inest.
407 613 576 640 sensibilitas
602 613 715 640 scilicet.
731 613 829 640 lterum
856 614 966 641 arbores
995 619 1022 641 et

237 658 335 691 plantae
350 658 540 692 relinquuntttr
561 658 668 693 quidem
685 666 700 685 a
722 659 840 693 cogitatu
857 664 961 691 nostro,
979 667 1022 686 re-

238 703 395 737 linqttuutur
418 709 507 730 autem
524 709 551 730 et
567 711 581 730 a
597 704 776 730 sensibilitate
789 704 954 731 animalium.
970 704 1022 732 Ha-

237 749 302 775 bent
324 754 415 776 autem
436 757 484 776 sua
514 750 708 784 proprietatem
732 750 874 777 adversum
904 758 969 777 saxa
995 755 1023 778 et

239 798 350 824 terram.
371 794 594 827 gertuiuatimteut
619 795 725 821 scilicet
735 801 761 822 et
781 799 976 830 augmentum,
995 800 1022 822 et

237 839 455 867 crescibilitatem
477 846 504 867 et
521 849 623 869 escam.
646 842 700 869 Fex
720 848 822 874 autem,
841 847 867 869 et
887 850 946 877 qua:
973 850 1021 876 pu-

1072 251 1099 274 et
1122 248 1228 283 corpori
1245 251 1395 276 mensuras
1420 249 1454 275 ad
1479 249 1593 276 salutem
1611 251 1695 284 ponit.
1715 251 1747 277 Et
1769 252 1860 285 primo

1071 292 1180 326 quidem
1196 293 1315 320 ostendit
1327 301 1387 328 quae
1402 294 1497 322 debeat
1509 302 1624 328 sumere,
1637 301 1665 323 et
1680 304 1695 323 a
1716 297 1815 331 quibus
1830 305 1860 326 se

1072 337 1221 369 abstinere.
1236 342 1262 364 et
1273 345 1303 364 ea
1314 345 1374 372 quae
1387 338 1458 366 licita
1471 345 1534 367 sunt
1549 341 1725 372 manducare.
1738 343 1858 377 quando,

1072 389 1099 411 et
1117 389 1267 419 quantum,
1280 389 1306 412 et
1319 385 1419 419 quibus
1443 384 1517 412 horis
1530 405 1538 417 ,
1554 391 1581 412 et
1604 385 1667 419 quid
1682 385 1780 413 debeat
1794 393 1860 415 ante

1072 437 1162 458 escam
1179 431 1285 466 operari
1301 451 1309 464 ,
1334 435 1361 458 et
1386 431 1615 465 quemadmodum
1635 432 1734 458 moveri
1750 433 1860 460 deside-

1072 475 1140 502 rium
1152 483 1286 507 escarutn,
1297 480 1324 502 et
1344 476 1570 510 quemadmodum
1588 484 1695 504 servare
1704 485 1796 504 esuam
1810 479 1855 505 itt-

1073 528 1190 556 gressam
1201 543 1207 551 .
1222 526 1248 548 et
1261 522 1396 556 quontodo
1413 522 1527 549 reticere
1541 528 1712 556 operamenta
1727 533 1733 550 :
1749 529 1778 551 ut
1798 532 1858 551 non

1064 571 1105 593 ‘ex
1126 566 1273 593 abundanti
1300 567 1417 593 motione
1434 566 1555 594 confusio
1570 567 1616 593 ﬂat
1631 567 1688 600 ejus
1698 568 1739 600 qui
1753 570 1857 602 pascit.

1073 612 1106 639 Et
1132 613 1260 646 potuisset
1281 613 1373 647 utique
1392 620 1491 647 corpus
1514 613 1650 647 corrumpi
1677 613 1725 639 nisi
1746 615 1857 642 adesset

1073 659 1174 691 anima,
1190 660 1348 693 permittens
1369 664 1500 693 quantum
1521 659 1648 691 deberet,
1663 664 1690 686 et
1714 660 1854 687 continens

1072 708 1201 737 quantum
1218 708 1364 738 oporteret,
1381 709 1409 730 et
1421 711 1580 731 meusurans
1592 707 1619 731 et
1640 704 1853 738 permiscens,et

1072 749 1196 776 aetatibus
1221 749 1394 784 semetipsam
1420 740 1581 780 extendens,
1601 753 1628 775 et
1655 749 1752 776 iterum
1781 749 1856 777 colli-

1072 802 1137 829 gens
1155 802 1208 821 non
1225 794 1411 828 magnitudine
1424 794 1484 820 dico
1497 814 1504 826 ,
1516 795 1562 820 sed
1577 795 1723 822 mensuris.
1746 795 1859 828 Quoties

1073 841 1145 867 cnim
1163 840 1291 867 irascitur
1302 847 1401 874 corpus
1412 840 1474 874 quia
1487 840 1616 867 derelicta
1634 845 1676 867 est
1690 848 1751 868 esca
1774 849 1858 875 quam

239 890 331 912 tantur
351 885 508 918 fortissima,
532 893 626 922 patrna,
651 888 774 922 inquam,
800 894 827 915 et
842 876 919 915 [ert-le
934 909 942 919 ,
971 888 1022 915 hoc
1038 876 1058 903 Β
1074 885 1187 912 libenter
1204 885 1336 916 sumebat,
1357 888 1384 910 et
1400 884 1494 910 iterum
1514 884 1632 916 volebat,
1651 890 1677 912 et
1695 893 1747 912 non
1762 886 1860 920 permi-

229 932 325 968 jpsum
338 937 400 958 sunt
411 939 525 966 corpus;
540 941 593 960 tton
606 933 799 968 producuntur,
809 941 860 960 nott
878 937 1020 961 crescunt:

238 977 262 1004 si
274 977 346 1005 enim
362 983 388 1005 et
402 983 538 1010 crescunt,
551 979 585 1004 ita
600 985 724 1008 crescunt
739 984 767 1005 ut
784 987 833 1006 nec
848 980 949 1006 sciatur
960 979 1023 1014 quia

240 1028 374 1051 crescunt.
391 1022 436 1051 His
450 1024 485 1050 ita
499 1032 514 1050 a
530 1025 654 1051 deorsum
668 1032 753 1058 usque
766 1032 883 1057 sursum,
894 1030 920 1052 et
940 1033 954 1051 a
968 1032 1024 1052 sur-

239 1077 299 1096 sum
325 1075 410 1103 usque
426 1070 551 1095 deorsum
580 1070 713 1103 separatis
727 1089 734 1101 ,
757 1077 935 1103 agnoscamus
960 1070 1022 1104 quia

240 1121 290 1141 nos
302 1114 408 1148 quidem
425 1122 518 1142 sutnus
537 1115 564 1141 in
581 1122 724 1142 commune
735 1134 741 1146 .
758 1116 828 1141 sicut
851 1121 878 1142 et
897 1120 967 1142 terra
997 1120 1024 1142 et

240 1160 342 1194 lapides
357 1161 578 1188 :coextendituur
602 1165 691 1188 autem
708 1165 736 1187 et
752 1160 852 1195 plantis
875 1165 903 1187 et
917 1161 1022 1188 arbori—

241 1208 301 1233 bus.
319 1206 454 1234 llabemus
474 1207 545 1234 enim
568 1212 597 1233 ut
619 1211 646 1234 et
663 1214 806 1234 nascantur
821 1212 848 1234 et
869 1215 1023 1235 crescamus

242 1258 270 1279 et
293 1260 447 1287 pascamur.
463 1252 691 1280 Transcendimus
702 1258 791 1280 autetn
809 1258 835 1280 et
850 1253 1023 1280 irrationabi-

240 1299 275 1325 lia
292 1299 418 1325 animalia
441 1306 503 1326 cum
519 1298 707 1326 sensibilitate.
731 1298 907 1326 Transilimus
940 1298 1021 1326 etiam

240 1350 267 1371 et
281 1345 315 1372 ab
329 1345 372 1372 his
387 1353 396 1372 :
414 1345 545 1372 habentes
563 1344 632 1379 quod
655 1349 697 1371 est
714 1345 887 1379 praecipuum,
904 1345 1023 1371 rationa—

240 1390 303 1417 bilis
315 1390 415 1425 quippe
427 1390 489 1417 vita
504 1390 660 1425 cogitatum.
676 1389 747 1417 Nihil
766 1395 854 1417 autem
871 1390 1023 1424 prtescribi-

240 1441 285 1463 tur
296 1443 312 1462 a
324 1436 512 1463 communibus
523 1456 530 1467 ,
547 1440 575 1462 ut
594 1440 667 1470 puta,
684 1436 706 1462 si
725 1435 785 1470 quis
807 1436 921 1462 voluerit
934 1435 1022 1462 homi—

241 1490 302 1510 nem
327 1482 442 1517 aliquem
462 1489 589 1517 separare
608 1484 641 1508 ab
659 1482 745 1508 altero
760 1502 767 1513 ,
790 1489 841 1508 nou
856 1482 934 1508 debet
949 1482 1023 1509 dice-

242 1536 292 1555 re:
309 1528 355 1555 llle
371 1528 417 1562 qui
437 1528 504 1555 duos
517 1527 609 1554 oculus
624 1527 704 1554 habet
717 1532 763 1553 aut
776 1527 842 1553 duas
857 1533 957 1558 aures:
977 1535 1022 1554 ue-

242 1581 294 1607 qne
310 1574 355 1600 illa
370 1581 431 1608 quae
453 1573 480 1600 in
496 1580 637 1600 commune
652 1577 715 1600 sunt
736 1578 762 1600 et
785 1573 845 1600 aliis
859 1594 866 1604 .
889 1574 936 1600 sed
953 1573 1023 1601 illius

242 1618 359 1645 hontiuis
379 1619 449 1652 quod
468 1623 509 1645 est
524 1619 687 1653 praecipuum
705 1619 739 1645 ad
757 1619 932 1652 agnitionem.
958 1619 1024 1646 Esse

241 1665 313 1691 enim
328 1671 380 1691 tton
396 1664 472 1691 ttobis
486 1664 550 1691 solis
563 1669 604 1691 est
616 1683 624 1696 ,
649 1669 677 1691 et
696 1664 848 1698 germinare
862 1673 914 1691 ttou
934 1665 960 1691 itt
975 1672 1025 1691 no-

241 1709 285 1736 bis
298 1714 339 1736 est
365 1713 490 1740 tantum,
506 1714 533 1736 et
559 1710 723 1736 manducare
747 1717 799 1736 non
820 1710 959 1737 hominum
981 1717 1025 1738 so-

242 1752 389 1785 lummodo,
413 1758 439 1779 et
454 1761 578 1781 crescere
592 1761 644 1781 non
660 1759 783 1782 nostrum
797 1759 838 1782 est
857 1759 973 1788 tantum,
997 1760 1026 1782 et

242 1797 469 1826 sensibilitatibus
490 1798 527 1825 uti
551 1806 604 1825 non
631 1803 754 1825 nostrum
779 1803 821 1825 est
846 1798 948 1831 solum;
977 1799 1024 1825 sed

244 1844 353 1877 quando
368 1852 417 1871 nos
433 1849 460 1871 et
475 1844 530 1876 ubi,
548 1844 576 1870 in
591 1851 727 1875 sermone,
744 1844 770 1871 in
791 1844 922 1877 cogitatu,
936 1843 961 1870 in
978 1851 1023 1870 ra-

241 1889 365 1916 tionabili
379 1890 434 1916 vita
446 1908 455 1923 ,
481 1890 532 1916 hoc
547 1889 627 1916 homo
641 1893 693 1921 est,
719 1889 777 1916 hazc
790 1889 879 1922 imago
890 1909 897 1921 ,
912 1889 962 1916 hoc
984 1893 1025 1916 est

243 1935 391 1962 secundum
408 1934 553 1970 imaginem
565 1954 572 1966 .
593 1935 645 1962 hoc
658 1939 699 1962 est
724 1934 870 1968 pretiosum
885 1953 893 1965 .
911 1935 962 1961 hoc
979 1934 1027 1961 itu-

244 1980 345 2014 periale
355 2000 363 2013 ,
378 1981 429 2008 hoc
441 1986 483 2008 est
498 1981 569 2015 quod
593 1985 665 2007 tenet
687 1987 736 2012 per
754 1980 883 2007 animam.
898 1979 950 2007 Per
971 1981 1027 2007 lucc

244 2027 400 2062 agnoscitur
426 2033 453 2055 et
478 2027 613 2062 pudicitia:
642 2027 781 2054 honestas.
808 2026 841 2054 Et
864 2031 937 2054 certe
963 2035 1028 2056 caro

243 2074 393 2100 contrarias
408 2074 528 2108 suggerit
554 2073 688 2100 motiones
708 2082 714 2100 :
734 2077 831 2108 utpote
854 2073 1028 2101 irrationabi-

247 2119 311 2145 lium
327 2120 360 2146 ad
383 2119 642 2146 communicationes
670 2128 677 2146 :
703 2118 749 2145 sed
774 2119 871 2145 anima:
897 2119 1029 2153 cogitatus

244 2164 395 2198 gubernans
412 2164 547 2191 motiones
562 2163 845 2198 concupiSt-entiarum
856 2183 863 2195 ,
884 2168 911 2190 et
924 2164 1028 2199 asperi-

1038 1544 1058 1573 ς

1074 931 1109 957 sit
1123 931 1219 956 anima:
1235 929 1367 964 cogitatus
1381 931 1392 956 *ἐ
1412 929 1522 962 Quoties
1539 937 1652 957 accensa
1668 935 1709 958 est
1724 932 1855 966 concupi-

1074 976 1189 1007 scentia,
1201 980 1227 1002 et
1241 975 1323 1002 voluit
1336 983 1396 1003 esse
1415 983 1461 1002 sua
1480 974 1580 1006 aliena,
1593 981 1619 1002 et
1635 971 1749 1003 accensa
1762 983 1813 1008 est.
1831 982 1862 1005 et

1075 1022 1139 1047 arsit
1156 1020 1289 1048 ﬂamma?
1311 1022 1358 1048 sed
1381 1028 1476 1048 sensus
1492 1030 1587 1049 rorans
1608 1023 1739 1049 exstinxit
1762 1024 1859 1051 motio-

1075 1075 1147 1098 nem,
1160 1072 1186 1094 et
1200 1069 1344 1094 marcidum
1363 1068 1496 1095 ﬂammam
1519 1067 1618 1101 effecit,
1633 1074 1659 1096 et
1674 1070 1789 1096 ostendit
1808 1071 1860 1097 lto-

1075 1113 1139 1139 utini
1163 1114 1266 1140 ratione
1291 1114 1354 1148 quia
1371 1114 1453 1141 homo
1469 1118 1521 1146 est,
1545 1119 1573 1142 et
1598 1122 1651 1142 nou
1670 1115 1859 1143 irrationabile

1075 1166 1165 1193 pecus.
1177 1157 1235 1185 Noti
1247 1166 1339 1186 sumus
1350 1159 1422 1187 inter
1433 1168 1528 1195 greges
1541 1160 1575 1187 ad
1588 1162 1858 1194 connutmicationes,

1075 1204 1122 1231 sed
1136 1205 1235 1238 uuptim
1247 1205 1318 1238 apud
1341 1212 1400 1237 uos.
1419 1210 1446 1232 et
1464 1206 1489 1232 iu
1501 1205 1627 1233 domibus
1641 1226 1648 1237 ,
1664 1212 1689 1233 et
1709 1207 1859 1233 successio-

1076 1257 1123 1276 nes
1135 1253 1160 1276 et
1171 1251 1344 1285 cognationes
1355 1251 1498 1278 habentur.
1510 1251 1692 1286 Coutpatimur
1701 1252 1770 1278 enim
1783 1251 1856 1279 alter

1077 1296 1166 1327 alteri,
1183 1302 1211 1322 et
1224 1297 1435 1331 congaudemtts.
1456 1296 1596 1331 Cogitatus
1610 1298 1678 1324 enim
1703 1297 1856 1331 coniungit.

1075 1348 1102 1368 ct
1117 1347 1248 1376 separata:
1262 1343 1361 1376 nuptia:
1375 1343 1444 1377 apud
1460 1351 1508 1370 nos
1530 1348 1605 1371 sunt.
1628 1344 1765 1378 Separavit
1779 1345 1856 1371 enim

1076 1388 1128 1415 hoc
1141 1387 1210 1415 ratio
1225 1395 1322 1415 sensus
1335 1397 1342 1415 τ
1358 1393 1386 1415 ct
1401 1389 1470 1423 quod
1489 1393 1530 1416 est
1541 1389 1710 1422 admirabile,
1724 1397 1784 1424 quae
1804 1396 1860 1417 non

1075 1438 1118 1460 est
1136 1433 1194 1460 visa
1211 1433 1235 1460 ei
1259 1434 1304 1468 qui
1326 1440 1379 1461 non
1402 1439 1445 1461 est
1459 1434 1532 1462 visus
1544 1454 1552 1466 ,
1568 1439 1614 1461 aut
1629 1434 1692 1461 alibi
1709 1435 1807 1462 nutrita
1832 1435 1859 1462 ei

1083 1479 1128 1514 qui
1145 1479 1206 1506 alibi
1219 1484 1260 1507 est
1271 1480 1411 1512 educatus,
1427 1480 1518 1507 subito
1535 1481 1631 1507 tradita
1649 1480 1792 1514 conjuncta
1816 1487 1860 1507 est

1077 1525 1183 1552 ratione
1197 1530 1225 1551 et
1249 1532 1329 1552 scnsu
1345 1530 1372 1553 et
1397 1525 1525 1560 cogitatu,
1541 1530 1568 1552 et
1594 1526 1798 1560 przehonoratus
1818 1532 1860 1553 est

1075 1572 1122 1606 qui
1146 1572 1251 1606 accepit
1275 1577 1301 1599 et
1319 1572 1389 1606 patri
1415 1572 1533 1604 dilecto,
1557 1565 1586 1599 et
1616 1572 1695 1599 matri
1713 1572 1817 1604 amicze,
1831 1577 1859 1598 et

1074 1617 1149 1644 omni
1172 1617 1338 1652 cognationi.
1361 1617 1418 1644 Non
1446 1618 1517 1644 enirn
1542 1617 1607 1644 tnilti
1626 1625 1699 1645 nttnc
1715 1618 1858 1644 inducatur

1076 1671 1168 1690 eorum
1193 1664 1239 1697 qui
1253 1663 1405 1690 adulteram
1426 1671 1565 1690 nummum
1588 1663 1666 1698 (tl):
1687 1665 1749 1698 quia
1768 1671 1819 1691 nec
1842 1671 1859 1692 a

1076 1709 1155 1736 caecis
1166 1708 1323 1743 agnoscitur
1339 1708 1410 1735 oculi
1434 1708 1529 1741 virtus,
1543 1717 1630 1744 neque
1645 1716 1659 1736 a
1672 1710 1775 1737 claudis
1798 1717 1856 1736 am-

1076 1753 1180 1781 bulatio
1195 1759 1266 1781 recta
1281 1774 1288 1786 ,
1316 1761 1402 1788 neque
1418 1755 1452 1781 ab
1472 1754 1600 1782 adulteris
1617 1756 1718 1782 nutttmi
1735 1755 1855 1791 tignratio

1076 1806 1148 1826 vera.
1165 1798 1217 1825 Sed
1234 1799 1334 1833 nuptiae
1348 1799 1521 1833 sintnuptite,
1535 1807 1594 1833 qua:
1606 1801 1732 1828 terminis
1749 1801 1859 1828 rationis

1077 1852 1090 1870 a
1117 1844 1233 1878 cogitatu
1264 1849 1329 1871 sunt
1349 1844 1497 1872 honorate.
1514 1845 1571 1872 Duo
1594 1846 1666 1873 enim
1684 1846 1860 1879 liuntunum,

1078 1889 1140 1924 quia
1154 1897 1185 1916 ex
1201 1897 1254 1916 uno
1268 1889 1331 1916 facti
1348 1895 1412 1917 sunt
1429 1890 1463 1918 ab
1474 1891 1552 1917 ittitio
1565 1892 1628 1918 dtto.
1643 1891 1676 1918 Et
1687 1892 1749 1926 quis
1762 1892 1863 1927 poterit

1078 1935 1208 1963 exhibere
1219 1943 1312 1963 eorum
1327 1936 1374 1970 qui
1385 1936 1525 1964 salvantur
1540 1936 1664 1972 ﬁguram,
1678 1937 1861 1972 pulchritudi-

1078 1989 1139 2009 nem
1154 2002 1162 2014 ,
1186 1982 1405 2017 speciositatem,
1429 1983 1527 2018 quibus
1553 1984 1681 2012 tristities
1707 1985 1862 2013 consolatio

1078 2032 1120 2055 est
1134 2028 1146 2054 ?
1159 2028 1311 2062 partiuntur
1324 2029 1407 2060 enim,
1420 2034 1446 2057 et
1464 2029 1624 2057 alterutrum
1640 2038 1722 2058 onera
1739 2037 1860 2066 portant,

1078 2078 1106 2100 et
1118 2073 1185 2101 alius
1202 2081 1251 2108 pro
1267 2074 1318 2101 alio
1329 2074 1462 2102 sollicitus
1476 2080 1529 2106 est.
1553 2082 1583 2103 ut
1604 2084 1656 2103 uou
1672 2077 1790 2104 tristetur
1806 2085 1859 2105 nec

1079 2119 1177 2152 doleat,
1199 2128 1242 2152 ne,
1260 2120 1282 2147 si
1306 2128 1358 2147 nou
1374 2121 1464 2148 videat
1482 2122 1597 2155 tristem,
1612 2123 1707 2150 iterum
1723 2123 1857 2151 tristetur.

1081 2167 1134 2193 Aut
1146 2167 1217 2193 enim
1230 2167 1362 2201 ﬁguratur
1373 2167 1520 2202 tristitiam,
1536 2173 1582 2195 aut
1596 2169 1677 2204 pellit.
1686 2170 1751 2196 Cum
1765 2174 1858 2196 autem

244 2215 326 2236 tatem
353 2209 494 2237 libidiuutu
523 2216 637 2244 regens.
661 2209 783 2236 ostendit
805 2209 867 2244 quia
895 2209 983 2236 anima
1010 2217 1024 2236 a
1042 2215 1063 2242 ο
1080 2213 1225 2240 incurrerit
1249 2213 1356 2248 aliquod
1379 2214 1506 2248 gaudium
1529 2219 1577 2242 aut
1599 2215 1735 2248 laetitiam.
1755 2215 1862 2244 videbis

244 2263 357 2290 corpore
370 2259 494 2289 separata
510 2259 562 2283 est.
575 2254 604 2281 Si
620 2254 691 2281 enim
706 2261 805 2289 corpus
825 2254 959 2287 turbatur,
972 2263 1025 2283 tuo-

245 2307 333 2333 vetur,
350 2301 495 2328 lluctuatur
516 2308 531 2327 a
556 2299 784 2334 concupiscentiis
797 2319 804 2332 ,
823 2300 911 2327 anima
936 2306 1025 2328 autem

244 2347 375 2382 gubernat
391 2355 398 2373 :
413 2354 510 2381 corpus
526 2346 646 2374 exsultat
661 2346 733 2373 escis
746 2366 754 2380 ,
769 2346 860 2374 anima
875 2351 963 2375 autent
981 2356 1027 2375 co-

243 2393 328 2428 gitatu
346 2394 465 2420 refrenat
480 2400 579 2427 corpus
596 2402 602 2419 :
619 2399 717 2427 corpus
731 2393 833 2428 expetit
846 2400 938 2421 escam
949 2402 956 2427 ;
969 2402 1029 2422 eva-
1043 2406 1045 2408 ·

244 2445 340 2467 cuatur
352 2440 436 2472 enim.
453 2444 479 2466 et
503 2439 559 2466 vult
575 2439 672 2466 iterutn
689 2439 827 2474 adimpleri
843 2449 849 2467 2
868 2441 957 2468 anima
980 2450 1028 2468 au-

245 2490 298 2512 tent
310 2486 359 2513 sub
374 2493 421 2520 spe
445 2485 628 2520 religiositatis
644 2486 742 2513 retiuct
765 2486 929 2514 desiderium
946 2497 953 2515 :
968 2495 1029 2515 cor-

247 2539 297 2565 pus
308 2531 385 2563 sitit;
399 2531 487 2558 anima
513 2537 654 2559 tttensurat
671 2533 742 2566 quod
759 2533 783 2559 ei
801 2537 844 2560 est
859 2534 922 2561 tttile
941 2544 947 2561 :
967 2542 1028 2562 cor-

248 2586 296 2611 pus
309 2582 398 2604 movet
415 2578 523 2609 lluctus.
536 2578 626 2604 anima
641 2584 731 2604 autettt
748 2579 972 2613 tranquillitatem
986 2581 1029 2606 ad-

247 2624 330 2650 ducit.
346 2623 450 2658 Corpus
463 2625 518 2651 sola
531 2631 590 2658 qua:
605 2628 668 2651 sunt
684 2624 792 2658 qntcrit,
805 2629 833 2651 et
845 2632 898 2651 non
912 2633 971 2659 qua:
981 2633 1028 2651 sua

246 2674 310 2696 sunt
323 2674 435 2699 tantum,
446 2671 494 2697 sed
511 2674 538 2697 et
552 2677 633 2704 supra
648 2677 679 2696 ea
693 2678 753 2705 qua:
768 2678 816 2697 sua
827 2675 900 2697 sunt.
916 2670 944 2697 Si
956 2671 1028 2697 enim

247 2723 300 2742 non
332 2716 438 2742 adesset
465 2717 553 2743 anima
580 2724 759 2749 meusurans.
786 2720 877 2751 posset
903 2716 1031 2744 aviditate

245 2769 367 2788 εει-πνυκὶ
375 2769 473 2795 corpus
484 2762 630 2797 corrumpi,
642 2767 669 2790 et
679 2771 694 2788 a
711 2763 848 2797 potatione
860 2770 971 2798 crepare
981 2770 1027 2791 su-

281 2852 336 2887 (ilv)
350 2850 399 2878 )ls.
415 2852 456 2886 qui
471 2853 619 2879 adulterum
640 2861 770 2880 nummus.

1079 2257 1130 2285 ista
1146 2258 1274 2292 duplicia.
1291 2258 1367 2285 Sicut
1383 2260 1454 2286 enim
1470 2261 1671 2294 compatiuntur
1686 2261 1736 2289 sibi
1753 2261 1778 2288 in
1790 2261 1862 2288 utul-

1080 2304 1132 2337 tis,
1148 2304 1183 2331 ita
1201 2309 1228 2331 et
1243 2304 1417 2331 collatantur.
1437 2305 1576 2340 Cogitatus
1602 2307 1691 2342 itaque
1705 2308 1784 2334 etiam
1803 2307 1859 2334 for—

1080 2350 1185 2378 tissima
1203 2350 1280 2378 nobis
1296 2351 1420 2377 animalia
1434 2352 1556 2386 subjeu'.
1566 2353 1775 2387 Comprehendit
1788 2355 1860 2381 enim

1079 2400 1107 2423 et
1119 2395 1232 2428 velocia,
1251 2400 1277 2423 et
1295 2400 1371 2424 tarda
1388 2398 1490 2424 domuit
1506 2403 1532 2425 et
1547 2398 1671 2431 subjecit.
1689 2399 1861 2427 Descendens

1080 2446 1170 2469 autent
1189 2442 1215 2469 itt
1228 2449 1314 2474 mare,
1329 2444 1479 2469 necessaria
1495 2444 1571 2471 nobis
1591 2446 1623 2471 ad
1641 2453 1718 2471 usum
1744 2446 1834 2473 eduxit
1852 2454 1860 2476 ;

1080 2491 1108 2514 et
1124 2489 1158 2514 ad
1183 2495 1273 2515 aerem
1299 2490 1457 2523 perveniens
1471 2509 1478 2521 ,
1495 2491 1555 2517 inde
1572 2498 1603 2517 ea
1618 2498 1677 2525 qua“.
1692 2491 1812 2518 videmus
1833 2496 1864 2519 et

1082 2534 1276 2561 manducamus
1292 2534 1425 2569 deposuit.
1442 2535 1581 2570 Decerpsit
1595 2537 1677 2563 etiam
1700 2537 1734 2564 ab
1757 2537 1863 2564 arbori-

1081 2580 1130 2606 bus
1141 2585 1168 2606 et
1182 2580 1289 2614 plantis,
1303 2585 1330 2608 et
1339 2589 1354 2608 a
1364 2585 1434 2608 terra
1443 2586 1470 2608 et
1483 2582 1516 2608 ab
1530 2582 1690 2611 animalibus
1699 2583 1861 2616 necessaria,

1083 2630 1111 2652 et
1124 2626 1239 2661 partitus
1249 2632 1301 2660 est,
1311 2631 1338 2654 et
1350 2628 1438 2655 omnia
1449 2628 1526 2655 nobis
1537 2629 1571 2656 ob
1580 2637 1661 2656 unam
1674 2637 1771 2657 sensus
1779 2632 1861 2656 ratio-

1084 2680 1144 2699 uetu
1154 2674 1267 2707 paravit.
1277 2673 1382 2701 Nullum
1394 2675 1465 2702 enim
1480 2676 1577 2702 auintal
1591 2676 1627 2703 ita
1636 2681 1676 2703 est
1685 2676 1762 2708 forte,
1777 2680 1806 2702 ut
1817 2683 1864 2703 co-

1086 2719 1180 2752 gitatui
1202 2720 1237 2747 sit
1251 2720 1365 2747 fortior:
1382 2721 1516 2755 siquidem
1541 2729 1591 2749 uec
1610 2730 1696 2756 penna
1713 2722 1776 2750 huic
1789 2723 1863 2749 velo-

1084 2765 1142 2792 cior
1165 2765 1299 2794 invenitur
1315 2776 1321 2794 :
1339 2767 1386 2795 sed
1412 2773 1512 2802 quanta
1530 2768 1603 2796 cartti
1622 2773 1719 2796 nostra
1739 2769 1772 2796 ob
1788 2768 1866 2796 iulir-
