4050 6206
366 271 502 333 Iul

1572 271 1660 327 DE
1700 268 2159 329 INCORPOBALI
2197 268 2435 324 ANIMA.

3460 232 3609 324 tua

366 390 616 447 mitatem
668 388 859 445 deesse
892 386 1161 452 videnlur,
1201 386 1316 443 base
1363 388 1587 444 fortiora
1628 391 1929 446 efﬁciuntur
1956 395 2004 453 Α
2032 391 2181 447 dives
2204 389 2296 461 qui
2325 386 2530 444 creavit
2550 386 2709 450 Deus,
2728 394 2782 441 et
2807 383 2893 454 qui
2924 385 3112 451 dignus
3139 392 3222 438 est
3244 382 3453 437 liabitus
3474 400 3598 437 sen-

368 484 572 538 virtute
600 496 792 538 sensus
816 490 869 536 et
895 480 1184 547 cogitatus.
1215 479 1329 535 Non
1355 490 1534 551 potest
1576 493 1757 539 nostra
1786 485 1930 555 aspi-

372 577 514 631 ratio
539 576 822 645 plurimum
855 573 1097 628 contueri
1139 574 1192 629 in
1243 575 1401 629 mari.
1434 574 1571 642 Quid
1601 577 1776 645 ergo?
1805 592 1931 632 num

369 667 583 736 aufugit
604 682 701 721 nos
726 678 875 721 mare
901 664 923 717 I
970 662 1159 718 Nonne
1184 663 1233 719 ei
1269 665 1384 734 (42)
1412 667 1580 721 maris
1612 666 1932 738 profundum

374 760 643 828 cogitatus
688 756 934 821 invenit,
962 765 1024 811 ut
1079 772 1222 812 nunc
1251 757 1468 829 quidem
1506 757 1659 813 funes
1710 760 1762 813 in
1797 758 1932 814 mari

382 854 690 923 deponeret,
726 866 870 906 nunc
902 851 1037 905 retia
1065 854 1415 921 expanderet,
1447 852 1552 907 alio
1575 862 1751 908 autem
1796 863 1933 909 tem-

378 957 507 1013 pore
551 941 655 995 alia
706 940 1137 996 machinamenta
1178 942 1535 999 immitteret?
1585 943 1847 1012 siquidem
1879 950 1935 996 et

375 1048 471 1106 per
494 1047 696 1087 cannas
748 1033 815 1087 ad
847 1032 1174 1103 profundum
1221 1034 1511 1103 pervenit,
1560 1044 1616 1090 et
1664 1050 1761 1105 per
1788 1042 1934 1088 setas

376 1130 646 1193 operatur.
694 1119 813 1177 Jam
850 1133 1025 1177 autem
1055 1132 1111 1178 et
1140 1124 1464 1190 margaritas
1491 1132 1740 1180 scrutans
1785 1124 1935 1177 inve-

376 1217 471 1281 nit,
496 1226 551 1270 et
585 1214 869 1284 spirationi
918 1227 1114 1269 nostrae
1142 1216 1388 1285 deposuit
1419 1216 1689 1271 solatium.
1719 1215 1786 1269 Et
1820 1214 1933 1283 pri-

375 1322 464 1361 mo
492 1307 733 1375 quidem,
763 1306 1031 1375 quomodo
1068 1307 1329 1362 intellexit
1352 1322 1414 1362 ea
1454 1323 1570 1377 quae
1595 1308 1646 1362 in
1672 1305 1935 1375 profundo

373 1398 541 1451 maris
570 1407 696 1451 sunt
729 1398 901 1467 posita
922 1398 947 1451 ’ἔ
968 1406 1022 1451 et
1044 1398 1165 1452 dein
1191 1400 1460 1466 quomodo
1488 1401 1653 1468 coepit
1680 1399 1815 1468 (ὁδὶ,
1841 1408 1934 1453 aut

377 1488 596 1556 agnovit
623 1503 777 1543 usum
811 1503 1017 1553 eorum,
1051 1501 1109 1545 ut
1138 1492 1381 1562 qumdam
1413 1492 1628 1561 quidem
1656 1500 1935 1561 separaret

378 1580 445 1634 ad
467 1595 673 1645 escam,
704 1582 945 1651 quazdam
977 1593 1154 1638 autem
1203 1586 1520 1639 reconderet
1554 1585 1619 1638 ad
1645 1582 1935 1648 medelam,

380 1671 486 1724 alia
514 1671 735 1741 eligeret
764 1674 830 1728 ad
869 1683 1115 1729 ornatum
1140 1675 1165 1729 Ἰ
1204 1676 1413 1730 Invenit
1461 1685 1639 1730 autem
1668 1685 1722 1729 et
1749 1675 1851 1730 iter
1880 1674 1935 1729 in

2037 497 2128 537 sus
2173 479 2265 535 tali
2304 478 2519 543 divitia,
2581 484 2639 530 ut
2680 476 2792 531 hac
2836 474 3011 529 omnia
3063 481 3413 528 scrutaretur.
3462 473 3603 527 Vidit

2037 572 2179 628 enim
2212 569 2475 641 cogitatus
2505 567 2557 623 in
2587 566 2770 623 sabulo
2792 565 3007 620 vitrum.
3039 563 3248 618 Intuere
3276 576 3403 630 ergo
3433 576 3604 631 quan-

2041 672 2151 718 tum
2181 662 2347 717 distat
2376 661 2644 729 cogitatus
2669 672 2701 712 a
2732 672 2979 728 corpore.
3017 655 3156 723 Quid
3187 655 3331 710 videt
3365 654 3552 708 oculus
3580 652 3605 707 τ

2039 753 2280 810 sabulum
2311 768 2327 806 :
2359 752 2486 822 quid
2507 750 2650 806 videt
2667 765 2856 805 sensus
2880 748 3138 803 Ivitrum.
3169 744 3401 801 Intueris
3438 744 3602 799 alium

2036 854 2092 899 et
2119 843 2281 897 alium
2314 859 2328 897 :
2355 841 2445 897 ille
2481 843 2623 897 enim
2650 840 2796 895 videt
2825 837 3094 902 sabulum,
3117 837 3217 892 iste
3251 845 3427 892 autem
3458 835 3605 889 videt

2038 938 2257 999 vitrum,
2293 935 2433 1004 quod
2462 933 2687 988 necdum
2720 940 2820 986 est.
2858 930 2997 999 Ergo
3040 944 3143 983 non
3184 928 3372 983 oculus
3406 942 3600 995 corpo-

2039 1026 2166 1080 ralis
2193 1025 2450 1085 intuetur.
2482 1022 2571 1091 qui
2601 1037 2697 1077 nec
2721 1020 2867 1075 videt
2893 1019 2991 1073 nisi
3014 1016 3247 1072 adfuerit
3270 1016 3468 1071 anima.
3495 1014 3602 1071 Sed

2037 1127 2092 1171 et
2121 1131 2243 1171 cum
2273 1114 2484 1169 videtur
2513 1112 2715 1177 videre,
2729 1111 2881 1166 aliter
2899 1110 3039 1164 videt
3080 1123 3273 1178 corpus
3303 1116 3358 1161 et
3381 1106 3602 1162 oculus:

2038 1216 2092 1260 et
2126 1212 2274 1261 certe
2308 1204 2487 1258 anima
2511 1202 2658 1256 videt
2706 1216 2800 1270 per
2837 1216 2958 1254 eum
2988 1216 3003 1252 :
3042 1198 3197 1254 aliter
3234 1198 3474 1253 intuetur
3510 1212 3604 1251 co‘

2040 1300 2291 1368 gitatus-a
2328 1295 2637 1363 semetipso.
2680 1292 2793 1347 Non
2829 1291 2962 1345 vidit
3000 1304 3194 1360 corpus
3232 1297 3600 1350 teramentum,

2041 1406 2142 1443 non
2164 1388 2297 1442 vidit
2324 1401 2519 1457 corpus
2544 1387 2775 1446 ferrum,
2806 1383 2897 1438 sed
2926 1381 3061 1451 lapis
3100 1388 3215 1435 erat
3245 1388 3297 1435 et
3319 1389 3480 1434 terra.
3501 1379 3603 1433 Co-

2040 1483 2236 1552 gitatus
2276 1487 2455 1533 autem
2490 1475 2676 1531 videns
2713 1490 2831 1544 qua:
2855 1488 2958 1527 non
2988 1470 3606 1535 videbantur,zestimans

2040 1573 2167 1643 quid
2206 1571 2446 1626 facturus
2471 1577 2615 1625 esset
2642 1566 2861 1639 ignis,si
2886 1564 3256 1621 confabulatns
3288 1574 3445 1617 terra:
3474 1561 3608 1614 fuis-

2040 1673 2124 1720 set
2155 1664 2255 1717 iste
2280 1661 2541 1732 (ii),|non
2569 1670 2746 1713 tamen
2775 1657 2953 1721 omni;
2985 1663 3038 1709 et
3080 1654 3151 1707 illi
3192 1652 3372 1721 lapidi,
3415 1660 3470 1705 et
3505 1666 3609 1705 non

380 1764 539 1819 mari.
568 1764 851 1834 Accipiens
884 1766 1027 1820 enim
1059 1780 1089 1821 e
1123 1778 1261 1821 terra
1308 1768 1560 1832 arbores,
1588 1765 1831 1820 vehicula
1884 1765 1937 1819 in

2044 1755 2206 1812 omni.
2239 1753 2495 1820 Quaereris
2522 1751 2664 1805 enim
2703 1757 3053 1804 aeramentum
3084 1755 3279 1800 terram
3311 1745 3610 1812 accepit,et

380 1855 631 1910 dorsibus
658 1866 915 1925 operatus
942 1867 1023 1910 est
1053 1858 1237 1913 maris.
1271 1858 1549 1913 Geiterans
1597 1856 1742 1911 enim
1791 1864 1937 1911 artes

380 1953 473 1998 aut
508 1943 807 2014 suscipiens
832 1985 846 2008 ,
878 1947 942 1999 ad
975 1961 1036 2001 ea
1073 1962 1204 2001 usus
1233 1957 1315 2001 est
1337 1962 1455 2016 qua:
1492 1946 1721 2016 accepit,
1758 1955 1816 2001 et
1864 1954 1939 2001 te-

382 2046 557 2089 statur
600 2045 845 2091 creatura
889 2038 1147 2105 sapientis
1169 2053 1265 2108 per
1296 2038 1473 2093 omnia
1504 2036 1619 2091 Dei.
1648 2036 1939 2107 Accipiens

379 2126 523 2181 enim
571 2142 761 2196 aquam
787 2136 840 2181 et
871 2129 1044 2196 ignem
1072 2138 1126 2183 et
1160 2138 1358 2184 terram
1398 2139 1453 2183 et
1484 2144 1662 2184 aerem
1692 2138 1747 2183 et
1779 2130 1941 2184 arbo-

380 2232 468 2270 res
518 2226 573 2271 et
617 2233 766 2272 mare
816 2228 870 2273 et
901 2219 1076 2276 fontes
1100 2230 1155 2275 et
1187 2230 1396 2276 montes
1420 2231 1473 2276 et
1510 2236 1732 2290 campos
1753 2262 1768 2287 ,
1806 2222 1941 2277 nihil

379 2309 571 2363 horum
612 2309 685 2363 ita
712 2322 768 2364 ut
793 2313 997 2381 accepit
1023 2313 1254 2367 otiosum
1300 2328 1422 2368 esse
1462 2314 1729 2383 permisit.
1771 2314 1939 2368 Coac-

379 2410 598 2468 ceperat
628 2402 769 2455 enim
803 2403 1061 2459 virtutem
1108 2406 1374 2474 cogitatus
1424 2414 1481 2459 et
1530 2405 1827 2474 sapientia.
1876 2405 1943 2459 Et

383 2493 503 2545 ideo
528 2494 880 2549 considerans
910 2511 968 2552 ea
1005 2510 1125 2565 qua:
1156 2497 1353 2551 inidem
1386 2506 1543 2552 erant
1567 2498 1775 2552 occulta
1796 2539 1812 2565 ,
1843 2499 1941 2552 lia-

381 2585 497 2638 buit
526 2601 767 2651 sensum,
795 2596 855 2641 ut
875 2588 923 2641 ei
961 2587 1239 2641 adveniret
1262 2596 1317 2641 et
1348 2598 1664 2656 operaretur
1685 2600 1736 2644 et
1764 2601 1942 2644 utere-

386 2685 491 2726 tur.
526 2676 749 2747 Accepit
782 2678 927 2733 enim
954 2680 1162 2750 ignem,
1197 2690 1251 2735 et
1284 2682 1487 2737 invenit
1513 2683 1767 2739 solatium
1796 2694 1944 2741 tene-

387 2766 501 2820 bris
522 2776 576 2820 ct
595 2770 768 2822 noctis
797 2770 1058 2826 obscurae.
1090 2770 1296 2829 Invenit
1324 2774 1592 2844 quomodo
1636 2791 1703 2830 ex
1750 2776 1941 2845 lapidi-

390 2860 490 2913 bus
522 2857 748 2914 eﬂicitur
779 2863 979 2917 ferrum
1014 2881 1027 2917 :
1066 2864 1265 2919 invenit
1311 2866 1575 2934 quomodo
1618 2877 1761 2922 esset
1805 2884 1943 2922 :nra-

394 2958 630 3004 mcntum
657 2968 687 3008 e
710 2961 873 3008 terra.
901 2954 1103 3009 Invenit
1135 2962 1401 3026 quomodo
1428 2973 1619 3012 aurum
1666 2969 1941 3029 purgatur,

392 3042 656 3106 quomodo
721 3058 1000 3113 argentum
1054 3048 1285 3116 colatur,
1341 3050 1609 3119 quomodo
1667 3052 1942 3120 plumbum

392 3131 652 3187 mnﬂatur
680 3143 735 3189 et
787 3137 1005 3204 ferrum,
1034 3149 1088 3193 et
1113 3140 1378 3208 quomodo
1402 3156 1469 3196 ex
1520 3143 1605 3197 his
1634 3158 1760 3197 vasa
1806 3142 1944 3214 figu-

392 3233 687 3288 rantur,.et
731 3242 978 3282 vasorum
1033 3229 1306 3294 varietas,
1348 3242 1403 3288 et
1442 3248 1560 3304 qua:
1605 3234 1672 3288 ad
1704 3235 1944 3301 tutelam,

392 3328 509 3381 qum
533 3316 598 3368 ad
627 3317 911 3383 medelam,
960 3335 1078 3389 qua:
1126 3322 1192 3377 ad
1221 3325 1587 3393 Operationem
1620 3334 1796 3392 terrae,
1828 3343 1949 3396 quae

393 3407 458 3458 ad
489 3408 904 3478 navigationem,
940 3426 1059 3482 qua:
1103 3415 1168 3468 ad
1202 3425 1424 3482 terram,
1448 3432 1566 3487 qua
1590 3418 1657 3472 ad
1690 3419 1948 3485 lapidem,

388 3512 507 3563 quae
537 3499 602 3552 ad
655 3499 818 3568 ligna,
860 3517 977 3571 qua:
1017 3504 1082 3558 ad
1128 3520 1321 3575 aquam
1371 3517 1497 3561 sunt
1548 3509 1869 3574 necessaria,
1895 3518 1950 3563 et

389 3603 508 3657 qua
542 3593 791 3647 materies
821 3595 991 3664 magis
1030 3598 1297 3665 quomodo
1320 3598 1598 3666 conﬂatur,
1621 3610 1675 3655 et
1701 3602 1830 3670 quid
1859 3603 1949 3656 de-

389 3678 511 3733 beat
542 3681 807 3750 accipcre,
838 3694 892 3738 et
931 3688 1196 3753 quomodo
1232 3699 1479 3756 oporteat
1526 3690 1803 3748 coelllcere
1835 3693 1947 3761 spi-

390 3768 548 3821 ritum
580 3767 803 3826 ﬂamma:
825 3788 890 3827 ex
923 3774 1043 3843 igne
1076 3792 1091 3829 :
1126 3786 1272 3831 tanta
1303 3788 1429 3832 sunt
1451 3779 1611 3842 bona,
1644 3781 1821 3836 lumen
1850 3798 1949 3837 no-

386 3858 579 3925 ctibus,
614 3862 814 3917 medela
838 3866 1237 3933 aegrotantibus,
1274 3881 1678 3935 operamentum
1720 3873 1949 3940 artibus,

387 3962 441 4003 et
470 3954 715 4020 agricolis
746 3958 1105 4025 pugnantibus
1124 3958 1424 4026 tuitionem,
1447 3961 1683 4029 paciﬁcis
1709 3964 1948 4019 tutelam.

390 4040 586 4096 lterum
608 4054 785 4098 autem
806 4049 1097 4102 secundum
1118 4051 1531 4119 unumquodque
1546 4064 1949 4120 operamentum

389 4141 444 4185 et
493 4147 602 4196 vas,
641 4146 835 4204 quanta
878 4139 1016 4207 ignis
1057 4148 1308 4207 operatur
1345 4142 1771 4199 consideremus.
1802 4143 1954 4200 Fecit

390 4238 599 4288 aurum,
622 4236 677 4280 et
705 4243 770 4281 ex
798 4245 929 4284 auro
969 4239 1114 4285 tanta
1139 4247 1154 4297 ;
1183 4243 1496 4302 argentum,
1530 4243 1583 4289 et
1618 4251 1683 4289 (τι
1730 4246 1953 4305 argento

392 4326 498 4369 tam
546 4317 753 4382 multa;
790 4329 845 4374 et
880 4332 1252 4387 atramentum,
1288 4332 1342 4378 et
1388 4339 1456 4379 ex
1511 4325 1627 4393 ipso
1660 4327 1710 4381 in
1765 4328 1955 4396 primis

2038 1860 2283 1916 quaerens
2318 1844 2519 1899 ferrum
2563 1842 2789 1911 lapidem
2840 1838 3103 1908 sumpsit;
3135 1845 3187 1891 et
3230 1851 3334 1890 non
3383 1835 3606 1899 erravit,

2039 1938 2133 1993 sed
2164 1937 2382 2007 agnovit
2418 1934 2471 1989 in
2501 1942 2759 2003 quantum
2790 1931 3010 1985 deberet
3050 1928 3155 1999 igni
3191 1926 3517 1996 permittere.
3550 1926 3607 1978 Si

2040 2026 2181 2081 enim
2212 2024 2487 2080 transierit
2518 2038 2821 2077 mensuram
2847 2037 2877 2074 a
2902 2021 3008 2074 Deo
3040 2029 3333 2087 acceptam,
3366 2018 3501 2087 ignis
3516 2018 3610 2085 qui

2040 2128 2230 2188 purgat
2261 2115 2551 2173 consumit.
2582 2116 2661 2167 Ita
2698 2113 2751 2167 in
2784 2110 3085 2166 istiusmodi
3114 2110 3355 2171 materiis
3389 2108 3612 2163 immisit

2040 2206 2309 2275 cogitatus
2338 2220 2491 2260 suam
2522 2203 2959 2267 admirationem,
2993 2201 3047 2254 in
3090 2200 3233 2254 vasis
3263 2212 3413 2253 suam
3438 2196 3615 2252 varie-

2042 2304 2226 2359 tatem,
2250 2295 2301 2348 in
2323 2292 2721 2361 operationibus
2743 2306 2893 2346 suam
2918 2290 3190 2352 virtutem,
3222 2288 3273 2342 in
3297 2301 3615 2358 operamen-

2045 2387 2111 2441 tis
2134 2402 2283 2440 suam
2310 2383 2653 2454 sapientiam.
2688 2383 2985 2437 Procreans
3018 2380 3159 2435 enim
3200 2379 3394 2434 artium
3427 2386 3614 2448 gentes

2042 2489 2096 2531 et
2121 2475 2520 2545 disciplinarum
2545 2473 2795 2544 populos,
2830 2483 2884 2526 et
2930 2474 3178 2527 nationes
3212 2481 3266 2526 et
3308 2486 3528 2541 genera.
3560 2479 3616 2525 et

2043 2582 2302 2637 separans
2328 2566 2430 2620 alia
2468 2565 2646 2629 aliter,
2690 2572 2746 2619 et
2765 2565 2817 2617 in
2846 2564 2950 2618 alio
2978 2578 3139 2633 opere
3179 2562 3335 2616 aliter
3360 2572 3615 2631 operatus

2043 2671 2127 2714 est
2148 2659 2434 2728 unicuique
2459 2667 2803 2729 operamenta
2828 2665 3095 2725 separata,
3119 2664 3171 2711 et
3200 2656 3467 2726 suggessit
3494 2669 3609 2709 ma-

2045 2752 2243 2817 terias;
2287 2760 2341 2805 et
2377 2750 2518 2804 illam
2547 2749 2761 2819 quidem
2790 2748 2968 2818 posuit
2994 2762 3145 2813 auro,
3167 2746 3326 2801 aliam
3346 2748 3616 2817 separavit

2027 2867 2110 2923 .ad
2140 2877 2444 2936 argentum,
2464 2865 2691 2920 alteram
2724 2866 2789 2919 ad
2816 2873 3193 2930 arramentum,
3215 2872 3272 2947 et
3293 2863 3409 2921 aliae
3430 2872 3612 2919 osten-

2048 2957 2127 3011 dit
2155 2955 2379 3021 ferrum,
2408 2958 2524 3012 alia:
2548 2957 2934 3013 demonstravit
2955 2956 3223 3022 sabulum,
3251 2963 3305 3010 et
3334 2970 3398 3013 ex
3425 2953 3613 3011 sabulo
3650 3010 3651 3013 η

1971 3077 2016 3138 C
2048 3047 2279 3103 fructum
2314 3049 2459 3103 vitri.
2493 3048 2625 3103 Aliae
2651 3050 2796 3104 dedit
2828 3049 3068 3104 invenire
3096 3056 3334 3138 naturam
3361 3047 3614 3101 arborum

2048 3150 2102 3193 et
2122 3140 2486 3209 operationem
2508 3150 2560 3195 et
2589 3156 2742 3195 usum
2776 3150 2832 3195 et
2863 3149 3121 3208 tempora.
3146 3138 3274 3191 Aliae
3302 3135 3506 3191 fructus
3525 3148 3619 3189 eo-

2050 3243 2189 3296 rum,
2212 3229 2616 3296 alizeculturam
2649 3246 2859 3293 eorum,
2894 3228 3014 3287 alite
3066 3227 3490 3283 adinventionem
3523 3239 3618 3280 eo-

2051 3336 2191 3385 rum,
2223 3321 2341 3375 aliae
2368 3323 2626 3376 medelam
2655 3337 2722 3377 ex
2748 3322 2899 3391 ipsis.
2914 3330 2969 3374 et
2996 3320 3093 3387 ipsi
3130 3319 3408 3373 medicinae
3434 3326 3619 3373 nostra

2049 3425 2273 3480 corpora
2300 3411 2458 3480 :quid
2490 3412 2709 3469 deberet
2733 3412 3040 3473 amburere,
3068 3411 3194 3479 quid
3220 3420 3496 3478 oporteret
3516 3423 3615 3464 (ξος

2050 3517 2235 3572 quere,
2259 3517 2382 3556 cum
2408 3516 2515 3572 quo
2545 3502 2762 3557 deberet
2789 3501 3045 3566 miscere;
3069 3501 3195 3568 quid
3217 3499 3437 3555 deberet
3462 3514 3620 3568 sepa-

2050 3594 2211 3649 ratim
2267 3593 2485 3660 oﬂerre,
2516 3593 2645 3664 quid
2690 3592 3004 3647 conveniret
3033 3606 3155 3646 cum
3196 3589 3463 3660 plurimis,
3490 3589 3619 3659 quid

2050 3685 2297 3751 crudum,
2330 3686 2456 3755 quid
2487 3684 2868 3756 incipientibus
2897 3680 3097 3737 morbis
3126 3689 3180 3737 et
3231 3680 3306 3736 illi
3356 3678 3617 3751 passioni,

2051 3780 2178 3847 quid
2203 3788 2379 3832 autem
2404 3778 2733 3851 promoventi
2766 3787 2819 3831 et
2848 3774 2958 3845 jam
2989 3773 3164 3845 posito
3198 3773 3250 3828 in
3288 3771 3617 3835 cessatione,

2052 3869 2177 3939 quid
2207 3870 2367 3923 etiam
2418 3870 2472 3926 in
2505 3870 2786 3924 insistendi
2815 3867 2988 3933 initio,
3017 3867 3146 3938 quid
3174 3880 3302 3921 vero
3342 3862 3621 3929 reddenti,

2052 3970 2107 4013 et
2138 3961 2401 4026 credenti,
2439 3972 2493 4016 et
2524 3960 2812 4017 recedenti.
2844 3958 2960 4016 Non
2994 3958 3237 4028 despexit
3272 3972 3370 4012 nec
3407 3955 3619 4011 anima-

2054 4052 2178 4105 lium
2209 4050 2435 4113 fructus,
2456 4052 2548 4105 sed
2581 4052 2807 4106 totondit
2823 4051 2973 4104 nobis
2990 4050 3298 4103 indumenta
3321 4061 3387 4102 ex
3408 4046 3622 4114 ovibus,

2055 4141 2284 4197 totondit
2316 4151 2370 4195 et
2400 4156 2431 4195 e
2460 4141 2637 4209 capris
2670 4140 2927 4213 plurimos
2952 4154 3099 4193 usus.
3129 4137 3195 4191 Et
3230 4152 3334 4191 non
3362 4146 3444 4192 est
3473 4135 3621 4190 dinuo

2055 4248 2264 4288 merare
2292 4243 2489 4306 quanta
2514 4247 2582 4289 ex
2615 4231 2936 4286 animalibus
2964 4240 3019 4285 et
3048 4228 3317 4284 alimoniis
3350 4227 3505 4283 nobis
3527 4225 3622 4281 de-

2054 4326 2193 4380 derit
2221 4327 2286 4379 ad
2310 4325 2666 4394 operimenta,
2694 4325 2759 4377 ad
2797 4339 2971 4385 usum,
3010 4323 3075 4377 ad
3098 4319 3470 4384 medelam,ad
3493 4332 3623 4387 ope-

390 4407 713 4472 necessaria;
736 4417 790 4462 et
817 4412 1229 4480 unumquodque
1260 4413 1399 4480 quod
1435 4414 1665 4469 colatum
1700 4425 1792 4470 ant
1819 4432 1951 4474 con-
1978 4410 2029 4469 Ι)
2056 4432 2112 4471 ra
2142 4434 2158 4471 :
2187 4427 2388 4486 quanta
2426 4431 2490 4471 ex
2514 4416 2819 4480 arboribus,
2835 4422 3032 4485 quanta
3061 4428 3092 4466 e
3131 4412 3292 4473 saxis,
3320 4420 3519 4481 quanta
3552 4423 3620 4464 ex

389 4496 570 4555 ﬂatum
611 4507 712 4567 est,
764 4505 938 4573 primo
982 4506 1200 4575 quidem
1238 4507 1512 4564 inventum
1547 4522 1651 4579 est,
1683 4512 1802 4567 dein
1834 4514 1946 4568 dis-

389 4601 633 4657 cretum,
683 4603 738 4649 et
773 4605 887 4665 post
933 4598 1255 4664 confectum,
1307 4610 1360 4656 et
1399 4602 1469 4656 ita
1523 4618 1697 4658 usum.
1755 4604 1949 4660 Didicit

388 4684 531 4777 enim
562 4686 824 4777 cogitatus
848 4689 1041 4777 quibu,
1086 4693 1324 4759 pascitur
1369 4693 1543 4762 ignis:
1578 4705 1632 4750 et
1667 4706 1814 4753 certe
1847 4696 1947 4750 ali-

387 4775 596 4843 quoties
629 4774 784 4831 oﬂ'ert
813 4776 951 4848 ligna
975 4774 1041 4834 ad
1061 4782 1353 4848 coctiones,
1373 4783 1660 4854 aliquoties
1680 4797 1860 4841 autem
1893 4796 1951 4842 ut

388 4878 623 4935 maneat,
658 4880 712 4925 et
740 4886 834 4938 per
869 4886 1026 4941 quem
1074 4872 1218 4943 ligna
1261 4886 1651 4931 consumuntur
1700 4892 1950 4946 perman-

389 4960 539 5025 serit,
574 4975 671 5028 per
704 4962 862 5015 istum
894 4976 1107 5017 sensum
1144 4965 1341 5018 nutrita
1387 4977 1706 5036 arguuntur.
1735 4967 1789 5020 In
1828 4977 1947 5021 tan~

390 5059 501 5103 tum
529 5051 673 5106 enim
708 5051 856 5105 dives
886 5061 967 5107 est
991 5053 1081 5121 qui
1107 5055 1317 5119 tribuit,
1343 5062 1396 5109 et
1425 5063 1630 5109 tantum
1650 5056 1849 5112 ditatus
1867 5069 1952 5114 est

389 5141 481 5208 qni
507 5143 777 5212 suscepit;
806 5143 950 5212 quia,
979 5145 1021 5198 si
1054 5144 1375 5202 voluerimus
1394 5146 1736 5215 contendere,
1754 5156 1810 5204 et
1835 5158 1950 5204 tan-

394 5240 503 5283 tum
546 5245 614 5286 ex
637 5232 865 5302 opificiis
894 5234 1069 5304 ignem
1104 5249 1392 5305 exponere,
1432 5244 1487 5290 et
1521 5236 1671 5291 utilia
1718 5254 1836 5308 quae
1878 5255 1943 5294 ex

393 5321 513 5390 igne
547 5332 672 5377 sunt
700 5324 1061 5391 manifestare,
1106 5328 1332 5383 transiet
1373 5342 1477 5383 nox
1512 5327 1792 5398 conjuncta
1822 5330 1946 5397 diei,

388 5420 446 5466 et
472 5414 761 5471 manebunt
788 5417 925 5488 ignis
954 5416 1118 5474 solius
1149 5432 1254 5477 non
1288 5418 1468 5491 plena.
1509 5418 1745 5493 Apparet
1769 5427 1948 5477 autem

460 5633 575 5701 (ιὲ)
608 5633 692 5687 Ei.
730 5633 911 5700 Forte,
940 5644 1006 5690 et.

460 5702 574 5775 (ιδ)
604 5704 783 5775 Coepit.
820 5704 999 5775 Forte,
1037 5707 1189 5779 cepit.

2055 4511 2229 4578 aquis,
2270 4516 2467 4578 quanta
2508 4522 2578 4563 ex
2606 4507 2909 4561 natantibus
2942 4516 2997 4559 et
3038 4503 3342 4561 volantibus
3370 4543 3387 4570 ,
3416 4511 3621 4573 quanta

2054 4616 2121 4656 ex
2146 4614 2277 4653 auro
2303 4608 2357 4652 et
2396 4607 2637 4669 argento,
2671 4610 2725 4654 et
2770 4598 2947 4668 lignis,
2980 4608 3033 4653 et
3075 4597 3359 4667 lapidibus,
3394 4604 3448 4649 et
3485 4609 3621 4647 aara-

2056 4698 2256 4754 mento,
2280 4699 2337 4745 et
2365 4689 2529 4755 ferro,
2553 4700 2607 4745 et
2638 4690 2873 4759 plumbo,
2901 4697 2956 4744 et
2985 4704 3103 4759 quae
3157 4687 3516 4743 amburuntur
3565 4692 3620 4740 et

2058 4791 2161 4831 non
2190 4777 2565 4845 amburuntur,
2592 4788 2647 4834 et
2678 4789 3047 4843 attenuantur,
3076 4787 3129 4833 et
3154 4786 3533 4834 contexuntur.
3555 4775 3622 4831 Et

2057 4867 2187 4922 mihi
2215 4869 2429 4937 quidem
2454 4868 2669 4924 videtur
2699 4870 2965 4940 cogitatus
2990 4870 3061 4924 ita
3088 4883 3207 4926 esse
3231 4870 3371 4925 sicut
3390 4868 3474 4923 vir
3500 4867 3620 4937 qui-

2055 4961 2178 5015 dam
2210 4961 2379 5025 dives,
2403 4978 2498 5018 sua
2520 4964 2743 5034 cupiens
2767 4962 3123 5026 dinumerare,
3146 4972 3201 5017 et
3224 4960 3453 5018 scrutari
3478 4978 3491 5027 ;
3513 4974 3619 5015 non

2055 5051 2272 5118 suﬂicit,
2298 5052 2392 5109 sed
2440 5054 2513 5109 ob
2544 5054 2937 5108 multitudinem
2968 5053 3366 5123 possessionum
3393 5061 3448 5106 et
3493 5052 3619 5106 sub-

2057 5146 2289 5211 stantia,
2317 5161 2492 5217 neque
2543 5146 2845 5200 rationibus
2892 5155 2985 5198 aut
3025 5145 3271 5200 sensibus
3300 5158 3491 5199 vacare
3520 5158 3617 5213 po-

2054 5248 2193 5303 tens,
2216 5239 2310 5294 sed
2326 5248 2607 5307 superatus
2636 5238 2703 5292 ab
2722 5238 2804 5292 bis
2824 5252 2942 5306 quae
2960 5237 3140 5301 habet,
3160 5245 3337 5290 manet
3354 5235 3615 5291 incertus.

2054 5330 2186 5387 Tale
2212 5331 2393 5387 nescio
2407 5330 2535 5399 quid
2551 5340 2607 5385 et
2626 5344 2767 5385 nunc
2788 5342 2980 5399 passus
2997 5339 3078 5385 est
3105 5330 3392 5400 cogitatus.
3417 5326 3621 5384 Similis

2055 5422 2201 5478 enim
2228 5430 2313 5478 est
2338 5421 2388 5477 ei
2418 5420 2508 5492 qui
2542 5421 2735 5477 ﬂuctus
2770 5422 3093 5478 dinumerat.
3128 5421 3186 5477 in
3213 5437 3279 5477 eo
3322 5421 3466 5477 enim
3493 5422 3621 5477 dum

2052 5639 2405 5770 “996.1319.
2437 5644 2620 5714 Forte,
2649 5647 2756 5703 isti.
2777 5678 2801 5691 ο
2831 5680 2847 5690 ο
2868 5648 3264 5720 Confabulatus.
3304 5645 3425 5704 νεά.
3469 5659 3617 5717 supr.
