4050 6206
416 206 475 262 ll
489 206 556 261 ιδ

1061 205 1143 261 El)
1158 204 1331 259 SEBll
1366 203 1845 260 CIESARLEKSIS
1884 204 1986 259 OPl

2091 203 2253 259 PARS
2294 203 2378 258 ιν.
2421 234 2491 248 -
2531 204 2949 260 DOGMATICA.

3524 207 3662 262 ll“

416 333 663 385 volumus
717 330 1099 400 proprietatem
1147 328 1262 395 ejus
1315 328 1367 382 in
1409 329 1517 399 igni
1558 329 1775 399 videre,
1808 342 1991 383 exsur~
2018 334 2065 390 Α
2094 343 2159 381 ex
2190 328 2344 382 bonis
2380 328 2663 401 angustari
2685 326 2796 398 (45)
2830 342 2931 382 nos
2973 340 3078 380 non
3110 326 3308 395 pigeat,
3339 328 3432 381 sed
3456 339 3671 397 quanto

416 423 555 475 rexit
576 436 638 474 ex
673 436 819 473 mare
848 419 948 471 alia
988 418 1152 477 unda,
1184 428 1239 471 et
1268 417 1404 469 alius
1435 426 1644 472 meatus
1673 433 1701 469 a
1745 415 1984 482 ﬂumine,

415 523 469 565 et
494 527 523 565 a
554 511 807 575 letalibus,
840 523 895 567 et
926 511 992 564 ab
1021 509 1122 562 illis
1154 510 1517 578 irrigationes,
1542 520 1595 563 et
1643 524 1770 564 usus
1796 526 1859 563 ex
1896 525 1985 562 ar-

418 603 657 666 boribus,
691 620 720 656 a
776 602 1060 661 fructibus,
1112 617 1139 654 a
1196 602 1493 667 radicibus,
1528 618 1555 656 a
1592 601 1751 661 foliis,
1785 602 1853 655 ab
1904 601 1987 655 his

416 712 533 763 qua:
562 713 589 748 a
644 695 774 761 foris
799 704 851 748 et
878 696 945 749 ab
983 694 1125 749 intus
1152 695 1443 758 habentur,
1477 704 1533 748 et
1575 694 1627 747 in
1670 694 1987 748 animalibus

417 802 535 854 qua:
563 802 590 843 a
615 786 746 840 loris
772 795 825 840 et
852 786 919 839 ab
944 786 1088 838 intus
1108 795 1253 846 sunt,
1273 796 1326 840 et
1350 786 1512 853 pelles
1535 786 1600 838 ad
1623 784 1781 838 alium
1807 800 1984 847 usum,

417 888 468 931 et
488 892 605 932 ossa
635 878 933 931 adalteram
957 878 1351 933 necessitatem.
1370 878 1435 931 Et
1460 892 1525 931 ne
1548 878 1759 946 quidem
1778 888 1987 931 stercus

418 971 602 1023 inutile
638 971 864 1034 exstitit,
902 970 1232 1040 pretiositate
1290 971 1558 1039 cogitatus
1605 969 1983 1038 appretiatum.

418 1063 520 1115 Sed
551 1078 931 1132 nonnunquam
961 1072 1013 1115 et
1041 1078 1071 1117 e
1093 1063 1379 1119 messibus.
1399 1062 1521 1129 quia
1558 1061 1782 1115 multum
1808 1062 1987 1116 attulit

419 1164 582 1218 terra,
598 1154 821 1221 plurima
849 1156 1239 1223 relinquuntur,
1260 1156 1382 1223 quia
1400 1171 1501 1209 non
1518 1165 1693 1225 potest
1707 1170 1986 1223 possessor

414 1242 667 1313 colligere
699 1253 895 1311 quanta
922 1254 975 1295 et
1001 1244 1321 1308 seminavit,
1352 1254 1402 1298 et
1451 1256 1590 1299 terra
1619 1246 1983 1312 multiplicans

416 1333 664 1400 przubuit.
681 1332 933 1386 lilaneant
955 1333 1114 1401 igitur
1135 1332 1325 1387 ﬂuctus
1347 1346 1397 1387 ct
1421 1335 1682 1387 undarum
1717 1333 1983 1401 procellzn,

415 1433 471 1476 et
512 1408 717 1479 meatus
763 1424 1046 1479 ﬂuviorum
1074 1435 1126 1479 et
1159 1426 1352 1490 fontes,
1382 1435 1436 1480 et
1468 1441 1799 1497 quaecunque
1836 1428 1984 1481 dere-

416 1515 540 1569 licta
585 1527 709 1569 sunt
752 1517 816 1570 de
861 1516 1147 1581 fructibus,
1194 1519 1463 1589 cogitatus
1500 1530 1555 1573 et
1603 1520 1883 1588 progenies
1928 1529 1981 1571 et

416 1621 577 1675 opera
611 1626 624 1660 :
658 1619 712 1662 et
732 1618 980 1678 putantes
1006 1626 1102 1664 nos
1136 1610 1291 1665 hodie
1316 1611 1539 1678 implere
1573 1627 1728 1679 posse
1762 1626 1824 1664 ea
1860 1626 1981 1679 qua:

2088 418 2423 487 potuerimus
2470 417 2833 472 scrutabimur
2876 431 3143 483 coronas,
3177 427 3360 487 utpote
3408 431 3669 477 serentes

2086 510 2379 571 Altissimo,
2405 526 2470 564 ex
2504 510 2697 578 quibus
2728 510 2781 563 in
2826 518 2967 565 terra
3000 519 3055 564 et
3085 509 3219 563 mari
3265 519 3349 564 est
3378 523 3663 577 operatus.

2086 602 2427 669 Qumcunque
2474 611 2651 655 autem
2692 615 2790 653 nos
2843 601 3252 664 transcendunt,
3282 610 3335 655 et
3378 613 3665 672 superant,

2087 695 2139 747 iu
2181 709 2245 747 eo
2273 693 2388 762 ipso
2432 694 2574 760 quod
2607 692 2892 757 vincimur,
2921 693 3113 745 victori
3154 691 3255 760 ipsi
3288 710 3355 748 ex
3402 699 3662 765 operibus

2085 786 2195 842 suis
2219 786 2327 839 sint
2363 796 2417 839 et
2445 786 2561 838 istm
2590 800 2821 839 coronm.
2844 784 3159 840 lletinentes
3182 788 3342 853 igitur
3370 802 3665 858 quonqu

2084 892 2138 934 et
2167 878 2411 949 pervenit
2441 894 2644 943 sermo,
2677 878 3030 933 recondatnus
3069 880 3334 932 sermonis
3361 881 3659 948 reliquias;

2085 982 2145 1024 ut
2173 972 2365 1025 iterum
2391 972 2455 1023 ad
2487 971 2653 1038 ipsam
2676 983 2914 1023 mensam
2938 969 3210 1033 sedentes,
3246 971 3429 1025 iterum
3454 972 3658 1027 iisdem

2087 1063 2214 1133 ipsis
2254 1062 2497 1116 fruamur
2533 1062 2702 1115 bonis.
2740 1061 2913 1116 Unum
2942 1071 3117 1115 autem
3146 1072 3228 1115 est
3250 1062 3385 1131 quod
3412 1064 3560 1118 decet
3593 1072 3660 1120 et

2086 1171 2247 1218 nunc,
2288 1164 2345 1208 ut
2386 1154 2640 1209 reddatur
2665 1156 2713 1210 ei
2741 1155 2826 1209 cui
2859 1168 3075 1223 semper
3104 1158 3344 1209 redditur
3366 1171 3417 1209 et
3440 1173 3656 1228 semper

2084 1249 2330 1312 debetur,
2363 1247 2415 1300 in
2456 1247 2539 1301 his
2570 1263 2691 1315 qua:
2723 1257 3110 1313 praecesserunt
3156 1248 3445 1315 gratiarum
3489 1249 3645 1312 actio,

2084 1348 2137 1393 et
2165 1339 2215 1390 in
2251 1339 2335 1392 his
2366 1352 2487 1405 qua:
2528 1338 2783 1407 incipient
2811 1339 2976 1407 gloria
3007 1340 3117 1391 Deo
3136 1351 3323 1392 sancto
3350 1340 3438 1406 qui
3474 1342 3651 1395 omnia

2086 1430 2241 1485 nobis
2263 1429 2516 1499 subjecit,
2557 1444 2652 1499 per
2677 1428 2933 1498 Spiritum
2980 1431 3210 1499 cogitatu
3243 1446 3345 1485 nos
3378 1432 3657 1500 prmbono-

2084 1522 2252 1573 ravit:
2271 1522 2352 1573 cui
2378 1529 2457 1574 est
2477 1537 2571 1589 per
2587 1522 2913 1592 unigenitum
2936 1537 3087 1574 suum
3109 1520 3303 1574 Filium
3316 1538 3439 1576 cum
3459 1522 3661 1590 Spiritu

2085 1622 2289 1672 sancto.
2332 1612 2522 1682 gloria,
2561 1614 2764 1680 honor,
2796 1614 3096 1682 imperium,
3129 1615 3403 1683 maiestas,
3439 1624 3494 1670 et
3516 1630 3661 1668 nunc

416 1700 751 1765 resederant,
787 1701 939 1769 plura
978 1704 1235 1757 habentes
1268 1705 1569 1758 recedimus
1594 1713 1647 1758 et
1684 1704 1840 1759 hodie
1869 1722 1882 1758 :
1910 1709 1981 1761 ita
2014 1690 2055 1745 Β
2084 1716 2136 1759 et
2167 1722 2398 1772 semper,
2429 1716 2481 1761 et
2508 1722 2601 1775 per
2626 1709 2804 1761 omnia
2840 1708 3030 1761 saecula
3077 1710 3415 1762 saeculorum.
3464 1712 3661 1769 Amen.

446 1920 1804 1943 mm_——
1828 1934 1853 1942 -.

1380 2096 1934 2211 EUSEBII
2025 2098 2707 2212 PAMPHILI

944 2333 1093 2422 DE
1166 2331 1776 2422 SPIRITALI
1860 2330 2471 2424 COGITATU
2547 2334 3126 2449 HOMINIS,

1734 2525 1967 2587 LIBER
2009 2526 2364 2589 TERTIUS.

488 2876 602 2947 Ipse
626 2873 971 2942 semetipsum
998 2870 1259 2940 cogitatus
1288 2869 1483 2936 reﬁcit,
1507 2871 1619 2937 ipse
1641 2871 1985 2937 semetipsum
2016 2874 2057 2933 C
2092 2868 2264 2927 obruit
2299 2873 2702 2932 festinantibus.
2746 2876 3079 2947 Frequenter
3111 2881 3255 2936 enim
3296 2883 3665 2952 tranquillitas

414 2970 621 3040 pascit,
651 2970 765 3035 ipse
793 2962 1136 3031 semetipsum
1174 2959 1420 3015 fortiticat
1440 3002 1453 3025 ,
1502 2962 1613 3029 ipse
1645 2962 1991 3028 sen'ietipsum

412 3060 737 3116 considerat.
757 3056 872 3124 Ipse
890 3055 1031 3108 enim
1061 3054 1124 3105 ad
1144 3053 1483 3120 semetipsum
1506 3066 1562 3105 se
1579 3052 1800 3119 colligit,
1826 3061 1879 3106 et
1909 3068 1994 3107 se-

414 3153 699 3219 metipsum
751 3149 1018 3206 intuetur,
1052 3154 1105 3197 et
1156 3153 1395 3197 arctatur
1432 3143 1484 3196 in
1529 3143 1662 3199 suis.
1696 3140 1808 3196 Non
1848 3144 1989 3197 enim

415 3245 557 3297 sicut
597 3240 785 3295 oculus
834 3238 934 3289 alia
980 3236 1191 3303 quidem
1229 3236 1392 3298 videt,
1432 3235 1778 3305 semetipsum
1814 3243 1989 3289 autem

416 3333 611 3388 intueri
637 3348 739 3385 non
765 3340 978 3401 potest;
1010 3330 1131 3397 quia
1165 3344 1263 3383 nec
1282 3344 1389 3383 sua:
1421 3340 1629 3383 natura:
1655 3337 1736 3382 est
1763 3339 1893 3382 utse
1918 3345 1992 3383 re-

415 3426 630 3496 spiciat.
656 3423 770 3477 Non
801 3423 869 3476 ita
905 3432 954 3475 et
987 3423 1271 3491 cogitatus.
1300 3422 1479 3491 Neque
1512 3424 1655 3475 enim
1707 3424 1848 3477 sicut
1879 3422 1991 3476 vul-

416 3527 501 3573 tus
539 3517 590 3571 in
628 3515 880 3583 speculo,
913 3516 963 3568 in
1001 3516 1105 3569 alio
1163 3515 1379 3584 quidem
1423 3515 1664 3579 videtur,
1697 3516 1760 3568 ad
1798 3526 1991 3569 seruet-

414 3614 587 3681 ipsum
622 3620 801 3663 autem
837 3611 1075 3664 converti
1116 3626 1218 3662 non
1265 3618 1456 3677 potest.
1500 3608 1613 3661 Non
1650 3610 1719 3662 ita
1764 3620 1815 3663 et
1844 3610 1990 3679 cogi-

414 3712 557 3756 tatus
591 3702 846 3767 habetur;
887 3703 979 3755 sed
1008 3702 1351 3770 semetipsum
1392 3700 1556 3760 videt,
1583 3711 1635 3753 et
1670 3701 1781 3766 ipse
1809 3703 1872 3753 ad
1905 3716 1987 3755 se-

414 3796 698 3863 metipsum
726 3793 1062 3848 convertitur
1084 3803 1137 3844 et
1175 3808 1231 3845 se
1270 3793 1525 3855 intuetur,
1555 3802 1608 3845 et
1650 3794 1752 3845 alia
1799 3792 1983 3845 multa.

414 3885 480 3940 Et
506 3902 609 3939 non
657 3885 796 3938 sicut
828 3900 926 3936 vos
966 3884 1172 3937 levibus
1214 3884 1529 3951 quibusdam
1556 3881 1667 3951 (46)
1711 3881 1988 3937 offendens

417 3985 652 4035 resonat.
681 3978 751 4029 ita
791 3985 845 4030 et
874 3976 1141 4047 cogitatus
1189 3978 1252 4029 ad
1289 3976 1634 4039 semetipsum
1685 3987 1901 4029 resonat
1931 3988 1987 4028 ut

414 4072 569 4126 echo.
612 4072 722 4124 Vox
752 4073 891 4123 enim
924 4069 1203 4122 oll‘endens
1233 4070 1448 4123 aliunde
1492 4070 1797 4138 respondet.
1827 4068 1983 4138 Cogi-

418 4175 560 4218 tatus
589 4176 765 4217 autem
805 4163 918 4232 ipsc
971 4163 1315 4231 semetipsum
1369 4172 1663 4226 scrutatur,
1691 4170 1743 4215 et
1780 4163 1888 4228 ipse
1919 4161 1982 4213 ad

416 4253 763 4322 semetipsum
804 4262 1055 4319 tanquam
1092 4262 1381 4317 penetrans
1435 4251 1686 4311 recurrit,
1720 4261 1775 4303 et
1810 4250 1983 4303 revol—

414 4350 558 4400 vitor
586 4348 638 4399 in
680 4348 988 4413 semetipso.
1024 4344 1299 4398 Diversum
1329 4354 1505 4397 autem
1548 4344 1649 4395 scit
1680 4358 1692 4392 :
1733 4356 1871 4394 nunc
1898 4352 1989 4394 aut

416 4440 710 4508 desurgunt
765 4439 1045 4502 libidines,
1084 4446 1132 4491 el
1183 4438 1391 4505 spirant
1448 4437 1914 4505 concupiscentias,
1937 4445 1989 4489 et

415 4530 684 4598 pelluntur
730 4542 925 4589 metus.
958 4542 1009 4583 et
1041 4546 1142 4584 non
1194 4530 1430 4583 salvator
1465 4532 1605 4600 quod
1638 4530 1796 4598 sapit.
1836 4530 1988 4583 Infir-

416 4622 593 4683 tiiatnr
620 4628 835 4682 enimet
870 4626 1197 4680 fortissimus
1226 4624 1511 4691 cogitatus.
1534 4620 1667 4675 Cum
1697 4630 1872 4674 autem
1892 4638 1990 4690 pu—

415 4724 593 4779 dicitia
628 4722 788 4776 fuerit
836 4724 1080 4791 ingressa
1111 4729 1201 4773 aut
1225 4721 1482 4781 excitata,
1513 4720 1693 4804 statim
1736 4718 1989 4785 concupi-

414 4817 634 4871 scentia:
666 4825 722 4869 et
748 4814 1016 4877 libidines,
1066 4823 1123 4865 ut
1150 4812 1358 4867 ancillae
1392 4828 1510 4879 quae
1536 4822 1662 4865 ante
1697 4814 1986 4865 surrectio-

415 4924 536 4963 nent
562 4910 792 4963 domina:
825 4909 1171 4961 turbaverant
1202 4907 1439 4964 domum.
1461 4920 1581 4958 mox
1606 4916 1661 4956 ut
1696 4906 1802 4959 visa
1831 4904 1988 4957 fuerit

417 5002 655 5065 domina,
693 5004 796 5055 alia
845 5002 969 5055 alibi
1021 5001 1406 5062 absconditur.
1440 4999 1543 5052 alia
1588 5000 1711 5051 alibi
1750 4998 1903 5067 fugit,
1936 5013 1990 5051 et

419 5104 611 5161 negant
632 5097 739 5161 jam
772 5095 1057 5160 motiones,
1088 5106 1142 5149 et
1174 5096 1431 5162 colligunt
1463 5096 1725 5157 luxurias,
1754 5109 1807 5151 et
1832 5112 1987 5149 revo-

416 5195 545 5240 cant
589 5200 799 5251 ventos,
824 5198 877 5243 et
927 5190 1214 5257 quiescunt
1245 5188 1439 5243 {luctus
1459 5230 1472 5251 ,
1499 5199 1552 5244 et
1594 5188 1822 5244 eﬂicitur
1846 5200 1989 5241 tran~

417 5276 658 5343 quillum.
691 5280 803 5335 Hoc
833 5282 973 5335 cnim
1004 5283 1359 5348 estpudieitia
1394 5284 1446 5338 in
1482 5284 1681 5338 anima.
1714 5282 1851 5349 Quid
1887 5281 1989 5334 tale

414 5374 619 5437 priebet
650 5376 1009 5442 tranquillitas
1041 5378 1091 5431 in
1132 5378 1262 5433 mari
1310 5377 1332 5431 ?
1364 5392 1482 5447 qua:
1523 5392 1904 5447 nonnunquam
1935 5382 1989 5431 et

489 5544 613 5621 (ιβ)
638 5551 935 5621 ᾼηφιειηή.
978 5553 1161 5610 Forte.
1192 5556 1501 5621 nnqnstinri.

664 5619 759 5673 Ms.
795 5628 1106 5677 t'oa'tmtlms
1129 5618 1455 5693 quit-uadum.

2096 2979 2148 3022 ct
2175 2982 2505 3040 opportunos
2532 2983 2719 3028 ventos
2751 2984 3129 3044 exspectantes
3158 2976 3428 3034 fraudavit
3452 2990 3508 3035 et
3530 2997 3667 3037 non-

2096 3078 2376 3133 nunquam
2405 3077 2460 3120 et
2487 3068 2572 3121 siti
2622 3068 2891 3124 interemit
2918 3071 3174 3138 graviori,
3202 3084 3387 3140 utpote
3420 3090 3448 3126 a
3487 3084 3665 3130 tenta-

2097 3158 2334 3213 tionibus
2389 3170 2565 3215 motm.
2623 3162 2726 3215 Sed
2784 3178 2888 3217 non
2946 3165 3067 3218 talis
3120 3165 3389 3232 pudicitia:
3434 3167 3665 3221 habetur

2096 3253 2479 3318 tranquillitas,
2510 3256 2601 3310 sed
2623 3271 2740 3323 quin
2771 3256 3101 3325 compescuit
3133 3266 3340 3321 ventos,
3378 3267 3429 3311 et
3457 3259 3662 3312 confre-

2094 3345 2167 3412 git
2212 3344 2425 3410 ﬂuctus,
2466 3357 2519 3402 et
2572 3349 2756 3400 statim
2803 3346 3027 3401 adduxit
3063 3349 3128 3400 ad
3164 3358 3407 3418 portum,
3437 3359 3492 3404 et
3539 3367 3658 3404 mox

2092 3439 2265 3492 erexit
2294 3455 2357 3493 ex
2405 3440 2656 3507 pudicitia
2709 3439 2939 3495 fructus.
2983 3441 3284 3506 Cogitatum
3320 3444 3538 3511 quippe,
3570 3442 3655 3511 qui

2091 3528 2264 3597 sapiat
2309 3530 2501 3584 anima:
2554 3530 2889 3599 dignitatem,
2950 3533 3297 3587 sanctimonii
3362 3535 3659 3599 honomn,

2090 3623 2378 3690 puritatem
2412 3622 2734 3682 honestatis,
2756 3634 2881 3676 tunc
2905 3624 3049 3677 videt
3083 3623 3268 3677 oculus
3304 3625 3662 3693 animae.quia

2091 3714 2331 3767 excussit
2360 3712 2427 3765 ab
2456 3714 2520 3767 eo'
2568 3712 2823 3781 pudicitia
2874 3712 3142 3781 pulverem
3198 3712 3662 3781 concupiscentia-

2092 3820 2240 3867 rum,
2296 3804 2647 3873 procellarum
2694 3803 2987 3857 libidinem.
3028 3803 3083 3856 Si
3121 3802 3241 3871 quis
3273 3811 3530 3871 expertus
3581 3812 3664 3856 est

2089 3904 2433 3961 tempestates
2456 3893 3302 3962 concupiscentiarum,expertus
3330 3901 3489 3945 estet
3518 3903 3667 3945 tran-

2089 3989 2309 4053 quillum
2352 3987 2619 4056 pudicitia:
2652 4002 2667 4049 ;
2714 4000 2779 4039 ex
2828 3985 2911 4037 his
2952 3999 3070 4052 qua:
3104 3998 3297 4049 passus
3346 3992 3427 4035 est
3452 4021 3466 4042 ,
3502 3990 3558 4035 et
3598 3996 3664 4033 ex

2092 4076 2174 4127 bis
2205 4091 2232 4123 a
2264 4075 2462 4140 quibus
2502 4074 2740 4127 salvatus
2786 4081 2902 4135 est,
2936 4072 3176 4141 agnoscit
3219 4087 3337 4138 qua:
3388 4072 3660 4123 dicuntur.

2091 4167 2367 4235 Cogitatus
2398 4165 2538 4218 enim
2566 4164 3126 4232 cuncupiscentiarum
3155 4162 3446 4219 dormiunt,
3473 4160 3659 4213 motio-

2098 4276 2212 4321 nes,
2248 4257 2458 4321 ﬂuctus,
2489 4257 2868 4319 immissiones,
2916 4256 3135 4310 turbela:
3163 4254 3292 4325 (47).
3320 4253 3494 4322 Neque
3538 4250 3658 4302 dor-

2097 4353 2236 4404 rnien
2249 4354 2386 4405 tibus
2409 4350 2644 4405 dormire
2656 4350 2933 4419 permittit.
2948 4350 3231 4402 Accendtzn
3244 4360 3325 4401 tur
3341 4348 3546 4400 enimet
3565 4357 3661 4410 per

2096 4445 2439 4507 ambitiones,
2470 4452 2521 4497 et
2544 4442 2784 4511 jacentes
2809 4443 3144 4510 perturbant,
3166 4452 3219 4492 et
3247 4456 3367 4493 cum
3400 4437 3661 4491 dormien-

2097 4539 2238 4591 tibus
2262 4552 2362 4589 uon
2393 4534 2687 4598 dormiunt,
2716 4534 2807 4587 sed
2836 4547 3046 4599 semper
3070 4541 3194 4584 sunt
3226 4530 3500 4599 inquietrr.
3527 4528 3659 4583 Cum

2096 4638 2274 4682 autem
2307 4626 2566 4695 pudicitia
2604 4623 2769 4678 fuerit
2808 4622 3175 4693 subingressa,
3209 4636 3326 4674 cum
3372 4620 3461 4674 illa
3512 4618 3664 4674 habi—

2095 4723 2290 4777 taverit
2321 4730 2377 4775 ut
2430 4719 2646 4775 domina
2669 4759 2686 4782 ,
2714 4735 2835 4773 cum
2882 4698 3129 4773 detinens
3163 4715 3343 4779 fuerit,
3377 4729 3497 4767 cum
3552 4711 3666 4766 suis

2097 4813 2412 4870 retinaculis
2446 4812 2702 4866 tutaverit
2729 4812 2985 4870 domum;
3022 4819 3148 4862 tunc
3194 4808 3335 4861 sicut
3365 4805 3665 4874 praulomiti

2094 4908 2244 4977 equi,
2270 4915 2324 4959 et
2348 4905 2414 4957 ad
2443 4903 2705 4974 praesepia
2735 4901 2901 4971 quieti
2931 4912 3075 4965 sunt,
3106 4909 3159 4953 et
3186 4899 3237 4952 in
3271 4898 3554 4951 itineribus
3576 4910 3664 4947 re—

2095 5014 2241 5057 ctum
2279 5007 2580 5070 agnoscunt
2623 4997 2749 5061 iter,
2784 4994 3003 5049 nutibus
3042 5001 3227 5062 utpote.
3257 4991 3544 5061 digitorum
3571 4988 3668 5041 ad-

2095 5095 2239 5149 ducti
2277 5111 2291 5145 :
2321 5093 2397 5146 ita
2430 5106 2551 5145 cum
2600 5088 2765 5143 semel
2794 5098 2954 5142 tenax
2986 5086 3148 5140 fuerit
3180 5084 3467 5154 pudicitia,
3490 5092 3544 5135 et
3571 5080 3667 5134 do-

2100 5189 2297 5244 muerit
2350 5185 2853 5253 concupiscentias,
2904 5191 2959 5237 et
3004 5180 3328 5248 mitigaverit
3380 5176 3667 5235 libidines.

2095 5278 2490 5337 manducamus
2526 5280 2773 5343 honeste,
2793 5288 2848 5331 et
2882 5276 3114 5330 bibimus
3143 5278 3449 5326 mensurate
3476 5287 3489 5323 :
3518 5279 3668 5320 men-

2096 5384 2249 5432 surat
2278 5374 2423 5429 enim
2459 5387 2579 5443 qua:
2615 5373 2765 5428 adest
2796 5368 3073 5439 pudicitia.
3099 5365 3341 5433 Denique
3367 5371 3423 5416 et
3445 5361 3669 5413 honesto

2166 5554 2278 5626 (47)
2316 5553 2414 5611 Ms.
2448 5552 2980 5626 concupiscentiam":
3028 5554 3295 5614 motiones,
3326 5549 3541 5617 ﬂuctus,
3566 5541 3658 5597 rn-

2087 5623 2379 5689 miSsio'ites,
2412 5629 2661 5677 turbelas.
2690 5623 2885 5691 Neque.
