4050 6206
365 290 545 361 ms

1326 286 1416 345 DE
1458 288 1848 346 SPIRITUALI
1892 286 2241 347 COGITATU
2284 291 2584 347 HOMINIS.

3456 293 3590 347 Ηιίϐ

358 408 680 465 dormimus.
706 416 760 462 et
785 404 945 461 sobrii
968 402 1290 471 excitamur,
1308 417 1362 460 et
1391 408 1637 461 videmus
1682 408 1916 475 pulcltri-
1954 427 2000 483 Α
2028 410 2171 462 enim
2229 409 2401 462 adhuc
2433 408 2803 461 adolescentes
2836 418 2991 471 sunt,
3041 416 3094 461 et
3146 406 3369 461 necdum
3426 425 3587 474 opera

358 499 603 555 tudinem
628 498 821 562 vultus,
854 508 907 552 et
945 493 1417 565 pulchritudinem,
1451 507 1505 554 et
1534 512 1637 552 non
1666 509 1720 551 ut
1754 498 1923 552 oﬂen-

355 593 588 647 sionem.
624 593 797 645 Aures
829 604 1044 659 quoque
1079 599 1293 644 nostras
1340 606 1443 644 non
1488 590 1723 659 perforat
1756 591 1924 646 melo-

354 684 467 737 dia.
490 683 603 737 Scit
626 684 764 737 enim
793 682 1047 750 pudicitia
1070 690 1125 736 et
1155 682 1365 736 solvere
1391 697 1569 737 ceram
1603 683 1653 737 in
1678 686 1919 746 auribus,

358 786 534 841 neque
570 781 756 826 noceat
794 772 1065 824 audientia
1105 769 1240 842 (48).
1274 768 1464 825 Nostra
1508 773 1650 825 enim
1684 770 1919 826 membra

355 872 698 932 operameuta
730 863 1003 933 pudicitiae
1032 865 1188 920 fiunt.
1224 862 1425 919 Oenius
1447 860 1591 918 videt
1618 864 1809 917 bonam
1844 863 1923 916 fa-

358 958 513 1023 ciem,
538 966 591 1011 et
618 970 741 1011 cum
777 957 1061 1011 honestate
1083 972 1199 1010 eam
1237 959 1497 1010 intuetur.
1528 955 1642 1009 Non
1678 964 1923 1009 movetur

357 1051 422 1103 ad
465 1049 988 1119 concupiscentiam,
1022 1050 1115 1104 sed
1159 1050 1304 1103 videt
1350 1050 1401 1103 in
1450 1050 1585 1103 facie
1624 1047 1922 1117 pulchritu-

355 1139 551 1203 dinem,
587 1149 642 1194 et
668 1140 872 1210 cogitat
905 1140 1081 1208 qualis
1121 1141 1190 1195 sit
1236 1141 1580 1211 pulchritudo
1607 1140 1660 1193 in
1705 1139 1917 1203 anima;

354 1239 404 1284 et
441 1245 560 1300 qum
591 1247 621 1283 a
657 1229 787 1285 foris
817 1239 943 1285 sunt
975 1230 1113 1286 bona
1144 1232 1210 1286 ad
1236 1232 1583 1299 semetipsum
1625 1232 1918 1295 adducens,

351 1332 403 1374 ct
452 1337 482 1374 a
520 1321 676 1375 bonis
724 1323 859 1376 bona
895 1323 1166 1391 decerpit,
1216 1333 1269 1375 ct
1319 1340 1423 1376 non
1465 1325 1515 1375 itt
1565 1322 1718 1375 malis
1756 1320 1920 1375 οπερ-

351 1412 447 1466 dit.
480 1407 641 1467 Sicut
667 1427 889 1481 corpora
929 1414 1213 1467 incolumia
1250 1413 1317 1467 ab
1344 1414 1590 1466 omnibus
1637 1411 1916 1464 utilitatem

350 1504 645 1571 accipiunt,
672 1515 725 1558 et
750 1521 778 1557 a
811 1516 981 1566 motu,
1013 1514 1066 1557 et
1116 1505 1183 1559 ab
1227 1506 1574 1569 exercitio,et
1599 1520 1626 1557 a
1650 1517 1831 1563 cursu,
1865 1512 1917 1557 et

351 1594 419 1645 ab
454 1595 725 1654 unctione,
758 1603 812 1649 et
857 1610 884 1647 a
916 1608 1102 1647 somno
1124 1635 1138 1657 ,
1174 1606 1227 1646 et
1250 1597 1317 1647 ab
1354 1609 1498 1657 esea,
1530 1606 1583 1649 et
1608 1609 1634 1646 a
1664 1605 1822 1662 potu:
1847 1595 1913 1646 ita

350 1695 595 1747 econtra,
620 1700 738 1754 qua:
784 1697 1044 1755 aegrotant
1073 1689 1139 1739 ab
1177 1690 1427 1741 erunibus
1478 1698 1758 1741 uocentur.
1798 1688 1913 1740 Vini

2029 500 2151 554 belli
2177 501 2499 565 didicerunt,
2515 515 2610 553 nec
2629 499 2694 552 ad
2716 500 2894 569 praelia
2915 510 3191 559 vocantur,
3214 514 3588 567 nonnunquam

2027 592 2294 662 pudicitia:
2328 591 2429 645 sibi
2459 591 2761 659 imposuere
2795 606 3047 643 coronas:
3074 590 3167 643 sed
3194 601 3249 643 et
3275 589 3344 642 oh
3368 588 3591 641 infirmi-

2027 692 2188 736 tatem
2229 681 2470 751 plurimis
2499 682 2677 749 quiete
2713 682 2928 736 donatis
2948 681 3203 751 pudicitia
3239 680 3413 733 adhuc
3447 679 3592 733 utilis

2027 778 2314 832 invenitur.
2338 773 2469 828 Nam
2498 776 2595 829 etsi
2630 774 2778 829 senio
2813 776 3151 844 deponuntur
3189 772 3459 833 libidines.
3494 774 3589 826 sed

2024 870 2203 923 adhuc
2258 883 2432 935 usque
2467 868 2733 921 motiones
2783 866 3377 934 concupiscentiarum,
3416 864 3595 919 intus-

2025 976 2129 1030 que
2155 970 2207 1015 et
2240 960 2623 1015 fornicationes
2663 969 2923 1028 aegrotant
2951 968 3006 1011 et
3035 954 3437 1026 occidunt(51),
3471 971 3591 1024 qua:

2025 1053 2307 1107 libidinem
2341 1053 2618 1106 continere
2664 1067 2768 1103 non
2812 1059 3068 1120 possunt,
3113 1060 3167 1102 et
3217 1059 3397 1115 patres
3426 1047 3590 1100 deho-

2024 1153 2239 1198 nestant
2262 1185 2277 1209 ,
2306 1158 2425 1211 quae
2460 1144 2783 1196 monitiones
2806 1142 3071 1211 pudicitia:
3101 1156 3201 1194 non
3240 1140 3466 1192 libenter
3500 1154 3589 1192 ac-

2022 1234 2244 1303 cipiunt.
2288 1235 2343 1288 Si
2373 1235 2516 1287 enim
2550 1233 2762 1286 adesset
2791 1232 3047 1301 pudicitia
3070 1272 3083 1294 ,
3122 1244 3292 1298 neque
3322 1230 3590 1284 furaretur

2021 1326 2140 1395 quis
2166 1369 2179 1390 ,
2208 1340 2386 1393 neque
2408 1323 2678 1379 occideret
2720 1324 2912 1393 aliquis
2934 1363 2948 1386 ,
2983 1331 3189 1376 amaret
3220 1332 3395 1373 autem
3418 1330 3471 1371 et
3492 1334 3589 1388 pa-

2022 1417 2122 1468 tris
2150 1416 2346 1468 monita
2376 1413 2534 1469 filius.
2571 1414 2758 1467 Divina
2800 1411 3067 1482 possessio
3098 1411 3197 1463 ista
3220 1452 3233 1472 ,
3261 1410 3353 1464 sed
3380 1407 3590 1461 difﬁcile

2019 1508 2316 1563 invenitur.
2352 1507 2453 1573 Qui
2490 1516 2669 1560 autem
2697 1504 2806 1572 jam
2852 1504 3049 1558 habent
3097 1502 3269 1563 illam,
3304 1514 3420 1569 quas
3471 1509 3592 1567 post

2022 1600 2465 1653 resurrectionem
2500 1597 2677 1651 futura
2724 1606 2803 1650 est
2842 1595 3221 1648 conversatio?
3275 1591 3414 1646 Dicit
3448 1592 3590 1647 enim

2024 1692 2189 1761 ipsius
2223 1692 2367 1761 regni
2407 1693 2663 1745 Dominus
2700 1702 2751 1743 et
2788 1699 3142 1758 apportator:
3184 1688 3487 1757 Quicunque
3513 1701 3593 1737 re-

350 1776 493 1828 enim
526 1776 685 1827 etiam
733 1776 951 1829 odorem
985 1786 1248 1829 excusant
1278 1786 1331 1831 et
1374 1776 1625 1840 unguenti
1652 1776 1913 1841 nidorem,
1949 1779 1988 1831 Β
2022 1788 2361 1839 surreclionis
2404 1792 2723 1837 mortuorum
2767 1784 2909 1851 digni
2939 1784 3167 1851 fuerint,
3206 1796 3311 1832 non
3352 1780 3590 1842 nubunt,

351 1874 404 1918 et
447 1866 659 1922 itineris
712 1876 934 1931 motum,
966 1876 1017 1921 et
1063 1882 1267 1931 escam,
1296 1875 1350 1921 et
1383 1866 1689 1937 fridgorem,
1714 1875 1766 1920 et
1786 1864 1923 1920 calo.

354 1972 492 2013 rem.
518 1957 706 2013 Omnia
737 1959 880 2012 enim
927 1958 1005 2012 eis
1044 1967 1237 2013 nocent
1296 1958 1385 2027 qui
1440 1958 1579 2012 male
1607 1968 1665 2011 se
1701 1957 1918 2011 habent.

351 2050 539 2107 Omnia
571 2060 744 2105 autem
764 2059 988 2120 prosunt
1002 2052 1084 2106 his
1097 2052 1187 2121 qui
1220 2051 1515 2105 incolumes
1536 2052 1823 2106 habentur.
1846 2049 1920 2103 lta

349 2155 403 2197 et
450 2143 784 2198 libidinosum
818 2145 999 2199 omnia
1036 2154 1256 2199 movent
1291 2143 1357 2199 ad
1384 2156 1606 2206 noxam,
1642 2152 1695 2198 et
1725 2143 1918 2209 vultus,

350 2247 402 2290 et
431 2236 792 2304 pulchritudo,
827 2247 882 2291 et
929 2238 1252 2305 compositio
1308 2238 1573 2301 melodim,
1613 2246 1667 2292 et
1688 2237 1920 2291 vestium

352 2330 601 2395 varietas,
628 2341 683 2385 et
728 2331 903 2385 honor
927 2331 1242 2399 quidam,et
1282 2329 1420 2384 bona
1455 2344 1617 2399 opera
1661 2330 1727 2383 ad
1784 2328 1920 2382 mala

353 2423 745 2479 transferuntur
766 2424 835 2477 ei.
859 2423 957 2488 Qui
994 2432 1171 2477 autem
1207 2423 1417 2477 sobrius
1444 2430 1546 2486 est,
1571 2438 1631 2476 ex
1664 2422 1917 2486 adverso;

348 2516 471 2586 quia
503 2525 556 2570 et
608 2516 875 2570 contraria
920 2516 991 2569 illi
1025 2525 1171 2579 sunt,
1199 2530 1228 2567 a
1277 2516 1433 2569 bonis
1472 2516 1614 2568 enim
1663 2515 1796 2569 bona
1830 2514 1921 2569 de-

349 2622 593 2678 cerpens,
618 2609 850 2663 dives-in
877 2609 1029 2662 bonis
1058 2618 1159 2662 cst.
1192 2607 1269 2661 lta
1299 2623 1427 2677 ergo
1454 2607 1685 2676 pretiosa
1712 2616 1795 2661 est
1824 2623 1921 2677 pu-

353 2701 557 2764 dicitia,
580 2701 726 2768 quia,
746 2702 872 2754 dum
905 2701 1075 2762 adest,
1104 2699 1396 2770 etjustitia:
1424 2709 1689 2770 praeparat
1716 2700 1914 2767 locum,

354 2791 445 2845 dat
474 2790 633 2846 etiam
651 2793 879 2859 spatium
911 2803 963 2844 et
988 2793 1170 2845 virtuti
1195 2812 1205 2846 :
1232 2793 1558 2848 intellectum
1577 2803 1754 2846 autem
1780 2792 1915 2864 (49),

354 2890 415 2934 ut
462 2882 842 2952 interpretetur
867 2899 1081 2950 nomen,
1118 2885 1307 2939 salvat.
1334 2885 1473 2956 Ergo
1497 2887 1839 2957 amplectitur
1867 2898 1920 2943 et

351 2976 651 3029 circumdat
679 2978 955 3041 virtutem,
976 2989 1029 3033 et
1054 2980 1194 3033 sicut
1226 2990 1395 3034 mater
1431 2983 1671 3050 qumdam
1704 2984 1919 3051 pietatis

353 3066 583 3121 edicitur
638 3070 915 3125 fratribus.
957 3071 1104 3125 Bona
1146 3073 1359 3142 quidem
1407 3083 1490 3127 est
1529 3073 1741 3129 virtutis
1772 3073 1918 3129 forti-

357 3160 502 3223 tudo,
538 3162 628 3216 sed
669 3178 773 3216 non
808 3178 1018 3233 semper
1045 3179 1162 3217 eam
1208 3166 1566 3219 necessariam
1613 3166 1916 3230 habemus;

354 3246 493 3305 fOrte
516 3260 691 3305 autem
730 3252 936 3307 audebo
958 3265 1011 3309 et
1036 3255 1215 3310 dicere
1245 3275 1256 3309 :
1286 3256 1500 3312 Utinam
1529 3274 1632 3311 non
1671 3262 1917 3320 eam,sed

353 3354 505 3412 Opus.
537 3343 591 3396 Si
627 3345 747 3413 quis
784 3345 925 3397 enim
957 3362 1075 3399 eam
1108 3349 1397 3416 acceperit,
1433 3359 1637 3403 tantum
1685 3350 1736 3404 in
1764 3349 1918 3405 bellis

350 3440 432 3485 est
461 3431 623 3485 utilis.
655 3429 709 3485 Si
736 3444 912 3485 autem
940 3442 993 3487 et
1028 3434 1078 3486 in
1113 3451 1244 3501 pace
1267 3438 1572 3490 necessaria
1604 3447 1688 3491 cst
1724 3439 1917 3503 virtus,

352 3522 486 3577 forte
507 3533 563 3576 ttt
586 3523 850 3578 cocﬂiciat
883 3525 1152 3594 pudicitiae
1179 3544 1191 3578 :
1221 3526 1356 3582 forte
1384 3529 1524 3581 enim
1552 3544 1671 3581 cum
1696 3528 1918 3597 jurgau-

351 3626 437 3671 ωε·
491 3620 958 3688 concupiscentizc,
995 3630 1048 3673 et
1099 3622 1309 3676 illarum
1362 3622 1554 3678 ﬂuctus
1603 3624 1916 3694 eriguntur,

348 3722 484 3774 optts
505 3720 586 3764 est
625 3721 681 3764 ut
705 3712 933 3766 viriliter
964 3716 1184 3769 resistat
1220 3715 1496 3782 pudicitia.
1537 3715 1592 3769 Si
1626 3716 1789 3786 igitur
1820 3720 1917 3770 ad-

349 3801 568 3854 veniens
608 3803 727 3857 istic
754 3802 990 3870 iuverit,
1026 3817 1153 3859 tunc
1195 3808 1298 3857 erit
1333 3808 1562 3874 pretiosa
1591 3816 1647 3860 et
1690 3808 1741 3860 itt
1790 3824 1919 3878 pace

353 3889 538 3943 virtus.
572 3889 685 3945 Non
726 3896 920 3963 quippe
945 3896 1287 3963 scmetipsam
1313 3897 1611 3960 vindicans,
1645 3899 1737 3951 sed
1764 3899 1917 3968 pudi-

352 3983 490 4035 citim
526 3986 869 4053 coadjuvans.
906 3988 960 4041 Si
996 3999 1174 4041 autem
1206 3988 1332 4041 etin
1367 3987 1504 4041 bello
1549 3988 1718 4043 virtus
1752 4005 1919 4057 pana-

350 4086 457 4139 tur,
490 4078 827 4130 medietatem
865 4081 1075 4147 generis
1125 4080 1370 4147 despicit.
1402 4077 1654 4134 Mulieres
1686 4082 1826 4133 enim
1852 4082 1917 4135 ad

351 4166 694 4234 prmliantlttm
747 4184 1017 4223 armamus
1074 4170 1185 4239 (30)
1215 4188 1229 4232 ;
1264 4171 1519 4239 pudicitia
1574 4183 1752 4225 autem
1780 4184 1831 4227 et
1866 4174 1916 4227 itt

348 4259 479 4311 viris
525 4264 755 4328 pretiosa
784 4272 884 4327 est,
912 4263 1094 4314 utilior
1121 4272 1297 4314 autem
1338 4271 1393 4316 et
1425 4263 1759 4317 mulieribus.
1810 4264 1920 4318 Cur

350 4361 528 4404 antr-nt
567 4368 671 4406 non
701 4353 930 4416 dicatur,
969 4355 1109 4421 quod
1138 4369 1321 4408 verum
1347 4363 1447 4420 est,
1471 4357 1594 4423 quia
1631 4366 1683 4412 et
1706 4356 1918 4414 virtutis

2024 1894 2182 1947 neque
2219 1879 2502 1941 uubenlur,
2533 1879 2621 1930 sed
2644 1886 2699 1929 ut
2733 1876 2905 1946 angeli
2940 1884 3091 1929 erunt
3124 1873 3216 1927 Dei
3244 1872 3311 1935 ³⁸,
3338 1871 3461 1940 quia
3490 1882 3593 1924 nec

2026 1970 2162 2025 mori
2187 1972 2296 2041 jam
2322 1978 2567 2039 possunt.
2598 1969 2641 2026 0
2672 1970 3048 2024 immortalitas
3080 1964 3586 2038 pudicitiaejunctal

2025 2061 2124 2128 Qui
2157 2062 2209 2116 in
2243 2063 2392 2116 bellis
2430 2063 2648 2116 vincunt
2671 2077 2772 2114 non
2808 2061 3111 2115 efﬁciuntur
3148 2072 3204 2113 ut
3246 2059 3462 2128 angeli,
3495 2055 3590 2112 sed

2023 2152 2111 2220 qui
2143 2164 2313 2218 neque
2342 2151 2549 2205 nubunt
2592 2164 2764 2219 neque
2786 2152 3076 2205 nubentur.
3096 2148 3207 2204 lloc
3227 2149 3485 2218 judicium
3509 2154 3594 2202 est

2034 2240 2148 2309 ejus
2175 2243 2267 2310 qui
2321 2241 2448 2297 fecit
2503 2254 2770 2297 naturam.
2816 2241 2946 2296 Nam
2989 2251 3043 2296 et
3071 2242 3196 2295 alibi
3231 2242 3293 2295 ad
3343 2248 3591 2293 ornatum

2026 2331 2192 2400 ipsius
2228 2332 2500 2400 pudicitia:
2528 2332 2737 2387 locutus
2760 2343 2844 2387 est
2877 2332 3133 2386 Dominus
3165 2348 3179 2385 :
3221 2330 3339 2384 Non
3376 2342 3552 2383 omnes
3573 2369 3591 2395 ,

2026 2421 2235 2490 inquit,
2273 2434 2391 2475 sunt
2420 2424 2602 2491 digni,
2644 2426 2733 2475 sed
2780 2422 2969 2492 quibus
3020 2428 3200 2474 datum
3236 2431 3307 2474 est
3336 2422 3404 2476 ”.
3441 2419 3592 2485 Quod

2023 2515 2167 2569 enim
2204 2516 2363 2568 homo
2384 2526 2444 2568 ex
2475 2524 2665 2567 natura
2694 2528 2797 2567 non
2831 2513 3053 2579 habuit,
3097 2514 3195 2567 hoc
3242 2513 3313 2565 sit
3365 2511 3592 2579 desuper

2026 2608 2223 2661 donum
2264 2623 2278 2660 :
2311 2607 2404 2661 sed
2438 2606 2568 2659 mihi
2600 2605 2814 2675 quidem
2849 2605 3102 2674 pudicitia
3144 2603 3243 2658 ista
3284 2616 3436 2658 suam
3473 2599 3590 2669 pul-

2022 2699 2382 2756 chritudinem
2410 2698 2685 2765 ostendat,
2747 2706 2801 2751 et
2855 2697 3053 2751 sensim
3092 2696 3379 2757 traltat,et
3429 2690 3590 2744 relin-

2022 2805 2217 2867 quatur
2250 2810 2354 2850 non
2378 2793 2598 2859 cedens,
2634 2807 2807 2861 neque
2832 2792 3029 2862 repleta
3060 2800 3114 2845 et
3143 2798 3293 2858 capta
3327 2787 3455 2841 :sed
3485 2785 3591 2840 sic—

2020 2903 2079 2949 ut
2132 2894 2249 2947 avis
2313 2891 2555 2962 quaedam
2616 2889 2908 2951 adornata,
2964 2896 3344 2951 nonnunquam
3408 2876 3590 2932 ludere

2021 2985 2340 3039 desiderans
2370 2983 2569 3037 sensim
2621 2980 2861 3044 recedit,
2888 2987 2942 3032 et
2990 2977 3041 3031 in
3086 2992 3151 3031 eo
3177 2973 3302 3029 dum
3338 2971 3548 3025 videtur
3570 3008 3586 3034 ,

2021 3085 2200 3131 movet
2225 3074 2589 3139 desiderium;
2622 3073 2819 3127 sensim
2853 3083 3030 3126 autem
3075 3070 3198 3125 dum
3240 3061 3589 3129 movetur,il-

2022 3171 2137 3226 licit
2181 3180 2237 3224 ut
2272 3186 2387 3223 eam
2420 3168 2540 3238 quis
2582 3168 2933 3235 insequatur;
2992 3179 3095 3216 non
3136 3161 3345 3230 capitur
3374 3166 3587 3222 autem,

2021 3264 2143 3333 quia
2180 3262 2345 3330 ipsius
2370 3269 2454 3315 est
2485 3269 2542 3335 ut
2569 3254 3104 3328 eﬂugiatzprotendit
3133 3265 3311 3308 autem
3349 3262 3592 3315 cursum,

2020 3366 2075 3410 et
2107 3370 2229 3408 cum
2258 3355 2378 3422 quis
2408 3352 2641 3405 maxime
2675 3349 2942 3421 putaverit
2984 3361 3043 3401 se
3086 3342 3589 3415 comprehendisse,

2021 3455 2199 3499 movet
2233 3457 2459 3509 pennam
2489 3450 2541 3495 et
2570 3441 2713 3494 volat
2741 3459 2753 3492 :
2783 3441 2851 3492 ita
2882 3446 2935 3492 et
2963 3437 3216 3506 pudicitia
3243 3450 3393 3489 suam
3417 3433 3592 3487 varie-

2025 3546 2186 3590 tatcm
2223 3535 2274 3589 in
2304 3536 2581 3589 honestate
2604 3532 2917 3601 proferens,
2948 3528 3150 3584 sensim
3183 3536 3361 3581 autem
3393 3541 3450 3580 se
3484 3542 3592 3580 mo-

2021 3644 2149 3683 vcns
2175 3637 2225 3683 et
2276 3641 2655 3690 commovens,
2702 3624 2754 3677 in
2788 3630 2989 3676 tantum
3027 3634 3112 3674 tne
3150 3619 3311 3671 traxit
3342 3627 3400 3670 ut
3449 3619 3592 3671 inse-

2023 3736 2217 3791 querer
2251 3735 2266 3772 :
2299 3734 2419 3773 cum
2445 3729 2621 3771 autem
2650 3714 2760 3784 jam
2798 3720 3040 3782 putarem
3071 3726 3157 3764 me
3183 3718 3341 3777 posse
3371 3720 3590 3761 manum

2021 3811 2310 3865 extendere
2334 3824 2561 3877 eamque
2602 3803 3056 3875 comprehendere
3081 3844 3097 3868 ,
3123 3814 3340 3854 movens
3388 3808 3591 3867 pennas

2022 3905 2270 3972 superius
2301 3916 2359 3955 se
2386 3900 2525 3955 cmlu
2560 3896 2866 3965 conjungit,
2902 3894 2969 3948 ad
2994 3892 3211 3963 angelos
3244 3889 3473 3952 scilicet,
3500 3887 3588 3941 ubi

2023 3998 2136 4060 eius
2170 4003 2356 4045 natura
2390 4001 2551 4045 estut
2583 3998 2818 4043 maneat.
2842 3989 2904 4039 Et
2931 3986 3043 4055 ipsa
3071 3984 3283 4053 quidem
3316 3996 3419 4035 non
3444 3994 3591 4033 com-

2024 4086 2287 4153 prehensa
2317 4083 2545 4146 tnansit,
2585 4097 2666 4137 me
2705 4092 2883 4133 autem
2934 4077 3151 4146 reliquit
3202 4080 3502 4141 stupentem
3538 4081 3594 4123 et

2021 4178 2417 4232 desiderantem
2448 4173 3015 4244 comprehensionem,
3056 4182 3213 4238 quam
3265 4174 3593 4234 persequens

2024 4288 2129 4324 non
2168 4267 2521 4337 apprehendi.
2551 4265 2721 4319 Etiam
2766 4266 2983 4334 quidem
3035 4261 3347 4329 colligamus
3387 4268 3591 4310 sermo—

2024 4382 2178 4429 nettt;
2212 4373 2265 4417 et
2287 4362 2410 4431 quia
2441 4358 2694 4427 pudicitia
2723 4357 2887 4411 multa
2918 4368 3179 4424 superans
3208 4360 3259 4405 et
3285 4361 3592 4403 sermonem

348 4442 516 4511 ipsius
551 4442 757 4499 fructus
784 4455 838 4498 et
876 4445 927 4498 in
957 4446 1110 4499 hellis
1138 4446 1206 4499 ob
1244 4447 1552 4514 pudicitiam
1586 4452 1921 4505 necessarius
1952 4454 1997 4506 υ
2028 4459 2205 4525 ipsum
2232 4455 2321 4518 qui
2356 4454 2423 4507 de
2450 4453 2635 4506 eadem
2677 4461 2757 4505 cst
2784 4444 3262 4516 ininterpretabilis
3283 4483 3298 4506 ,
3334 4440 3589 4504 recessit,

347 4532 469 4585 est?
504 4531 625 4586 Ideo
652 4534 793 4586 enim
823 4534 1142 4604 suscipimus
1172 4538 1455 4605 prmlia,ut
1486 4555 1588 4591 non
1627 4542 1917 4596 adversarii

349 4633 689 4691 superantes,
725 4626 979 4681 mulieres
1031 4638 1186 4681 extra
1243 4628 1413 4700 legem
1476 4632 1753 4700 pudicitiae
1798 4648 1920 4688 cor-

350 4725 621 4784 rumpant.
661 4714 716 4769 Si
747 4716 889 4768 cnitn
930 4716 999 4771 ob
1028 4718 1127 4772 hoc
1153 4735 1473 4788 pugnamus,
1499 4730 1553 4773 et
1591 4737 1783 4792 pugna:
1823 4732 1922 4776 ter-

349 4815 499 4860 t'orcs
532 4808 872 4874 suscipimus,
922 4809 1091 4862 virtus
1125 4812 1192 4863 ob
1248 4812 1559 4879 pudicitiam
1588 4824 1642 4867 et
1674 4816 1725 4868 in
1766 4815 1921 4869 bellis

349 4906 604 4952 certatur.
635 4897 787 4953 Sicut
812 4901 954 4952 enim
1006 4902 1262 4971 naupegia
1300 4917 1390 4955 ars
1420 4905 1783 4970 gubernatrici
1820 4908 1919 4960 mi-

350 4991 564 5049 nistrat,
599 4992 667 5044 ita
697 5004 749 5045 et
782 4994 951 5047 virtus
979 4993 1248 5061 pudicitiae
1275 5005 1531 5062 praeparat
1559 4997 1919 5066 tranquillita-

356 5089 482 5133 tem.
523 5080 696 5137 Divisa
742 5085 1021 5154 estigitur
1066 5085 1236 5139 virtus
1262 5101 1325 5138 ex
1366 5096 1516 5154 parte
1557 5089 1786 5140 maxima
1825 5104 1917 5159 ge-

355 5170 468 5223 neri
504 5183 684 5227 uostro
709 5176 834 5227 :sed
861 5191 957 5229 nec
987 5178 1115 5233 viris
1164 5180 1417 5233 omnibus
1450 5178 1595 5232 utilis
1628 5181 1913 5233 invenitur.

356 5261 617 5317 Prmvenit
659 5269 800 5321 enim
847 5284 963 5323 eam
1012 5281 1064 5325 et
1119 5274 1450 5341 temporibus
1502 5272 1781 5342 pudicitia.
1814 5274 1912 5341 Qui

2031 4552 2341 4604 universam
2392 4548 2681 4601 humanam
2735 4540 3118 4598 transcendens
3160 4545 3401 4591 naturam
3432 4549 3447 4586 :
3475 4545 3591 4586 ser-

2029 4658 2115 4696 mo
2142 4650 2323 4693 autetn
2358 4638 2635 4692 inveniens
2664 4651 2783 4706 quae
2814 4636 2951 4690 Deus
2986 4628 3290 4687 hominibus
3330 4624 3590 4688 donavit,

2026 4744 2080 4787 et
2109 4733 2210 4788 hoc
2243 4731 2582 4796 mortalibus,
2602 4746 2697 4799 per
2719 4744 2841 4798 quae
2879 4722 3333 4781 immortalitatem
3363 4720 3442 4773 eis
3468 4731 3593 4786 pro-

2024 4824 2267 4888 curavit,
2310 4823 2375 4876 ad
2409 4822 2704 4892 gratiarum
2742 4819 3009 4873 actionem
3042 4817 3238 4869 iterum
3274 4826 3331 4865 se
3357 4821 3588 4864 conver-

2026 4924 2101 4968 tat
2119 4954 2134 4978 ,
2161 4923 2215 4967 et
2239 4916 2304 4969 de
2341 4924 2527 4967 sancto
2551 4922 2601 4965 et
2626 4909 2994 4965 sanctiﬁcante
3011 4946 3025 4971 ,
3048 4920 3145 4975 per
3164 4918 3321 4972 quem
3346 4908 3593 4953 sanctum

2028 5000 2125 5054 hoc
2161 5001 2363 5053 donum
2391 5000 2697 5054 hominibus
2734 4997 2881 5049 tnisit
2904 5036 2920 5060 ,
2963 5010 3058 5063 per
3090 4991 3419 5062 unigenitum
3447 4987 3589 5041 scili-

2026 5100 2110 5145 cet
2133 5106 2287 5144 suum
2314 5088 2531 5152 Filium,
2566 5092 2636 5144 sit
2658 5089 2703 5141 ei
2735 5087 2903 5157 gloria
2937 5096 2990 5139 et
3036 5088 3237 5146 honor,
3273 5080 3587 5150 imperium,

2028 5184 2280 5251 maiestas
2314 5202 2434 5239 cum
2469 5185 2670 5254 Spiritu
2700 5192 2888 5235 sancto
2921 5190 2973 5235 et
3004 5197 3142 5234 nunc
3173 5188 3227 5233 et
3261 5190 3506 5245 semper,
3536 5180 3593 5227 et

2024 5294 2115 5345 per
2139 5279 2315 5331 omnia
2346 5278 2539 5330 smcula
2573 5275 2911 5329 uinculorum.
2940 5274 3132 5327 Amen.

424 5420 469 5451 “
500 5420 687 5478 Matth.
729 5441 837 5480 nn
863 5466 878 5490 ,
911 5426 996 5479 50.
1028 5425 1188 5479 Marc.
1228 5443 1329 5491 xtl,
1362 5427 1451 5481 25.
1486 5424 1615 5481 Luc.
1649 5445 1712 5481 xv
1786 5429 1873 5484 35.
1915 5435 1960 5462 ³³
2004 5433 2191 5486 Matth.
2223 5448 2333 5495 xix,
2388 5432 2467 5485 ll.

426 5586 540 5651 (is,
581 5588 673 5641 Ms.
711 5593 952 5652 nuribus,
984 5607 1043 5642 ne
1070 5601 1251 5644 noceat
1282 5591 1566 5644 (iudicum.

424 5656 535 5714 (49)
573 5656 1087 5731 ῙᾲηιρΙΙσσιωηααεεῃι
1131 5663 1327 5715 Auctor
1347 5659 1692 5730 lftytuolngict'
1727 5661 1921 5731 magni,

355 5727 685 5798 Σωφροσύνη
715 5730 858 5799 παρὰ
889 5731 949 5781 τὸ
982 5728 1171 5793 σώζεεν
1202 5732 1259 5783 τὸ
1299 5727 1533 5799 ςροεὶεἶν,

2102 5596 2216 5659 (fill)
2260 5594 2336 5645 Αιι
2394 5591 2757 5659 prmliandum.
2815 5588 2907 5642 Ms.
2952 5592 3018 5639 ad
3073 5588 3251 5653 pntiia
3295 5601 3581 5642 armemus.

2037 5659 2195 5715 Forte
2227 5664 2527 5727 legvtttlum,
2556 5665 2622 5711 ad
2650 5662 2829 5726 pra‘liu
2862 5678 2961 5711 mm
2993 5675 3278 5712 armemus.

2106 5733 2217 5801 (5i)
2252 5733 2345 5785 Ms.
2386 5732 2757 5797 fornicationes
2779 5741 2989 5796 eroguut
3021 5741 3065 5781 et
3102 5730 3365 5783 occidunt.
