4050 6206
454 276 592 337 ΗΠ

1085 271 1351 327 Ευεεθη
1389 267 1868 326 ϐΑΞδΑΒΙΕΝδΙΞ
1905 256 2044 323 ΟῬΡ.

2146 264 2276 322 ARS
2314 260 2405 320 Π.
2443 293 2511 304 --
2549 256 2967 316 DOGMATICA.

3554 204 3706 305 ius

478 413 3692 448 ________________________________.__._..____

1410 582 1974 700 EUSEBII
2054 575 2732 693 PAMPHILI

678 832 824 918 DE
874 827 1028 921 ΕΟ
1082 824 1417 936 QUOD
1473 825 1776 915 DEUS
1830 819 2219 911 PATER
2273 809 3155 908 INCOBPORALIS
3204 808 3462 917 EST,

1740 1014 1974 1076 LIBER
2017 1008 2403 1084 QUARTUS.

528 1323 608 1375 Ad
659 1322 830 1389 ipsum
881 1319 1046 1372 Deum
1097 1328 1341 1374 nostrum
1393 1316 1664 1384 erigamus
1692 1314 1982 1385 cogitatum
2010 1351 2025 1377 ,
2053 1314 2103 1373 Α
2130 1310 2250 1365 dem
2279 1316 2334 1363 et
2363 1306 2566 1376 lapides
2598 1304 2704 1359 hoc
2735 1302 2905 1370 ipsum
2944 1307 3001 1353 ut
3029 1307 3211 1354 essent
3262 1298 3502 1352 habent:
3529 1294 3701 1353 arbo-

452 1415 565 1482 jam
618 1430 723 1468 non
769 1412 1125 1467 concedentes
1174 1410 1426 1479 cogitatui
1485 1408 1671 1476 fugere
1705 1418 1760 1462 et
1814 1407 2022 1459 vitare:

460 1506 728 1573 parcimus
760 1504 901 1558 enim
937 1503 1145 1558 timenti
1172 1522 1188 1559 :
1227 1517 1478 1571 urgemus
1508 1508 1685 1554 autem
1726 1515 1828 1554 non
1854 1513 2025 1567 quan-

466 1608 548 1651 tus
574 1606 653 1651 est
681 1597 819 1650 Deus
846 1611 965 1650 eum
1000 1611 1239 1665 quaerere
1258 1636 1273 1661 ,
1298 1594 1391 1649 sed
1420 1603 1676 1662 quantum
1707 1591 1806 1659 ipsi
1830 1590 2031 1658 cogita-

463 1693 534 1743 tui
575 1690 829 1758 possibile
877 1700 959 1745 est
995 1690 1280 1745 aestimare.
1326 1687 1519 1741 Multas
1559 1686 1702 1740 enim
1757 1683 2031 1739 adinvenit

462 1784 560 1837 sibi
593 1782 943 1851 confugiones
964 1824 979 1849 ,
1010 1791 1064 1837 et
1094 1781 1377 1835 dilationes
1402 1821 1417 1846 ,
1445 1790 1497 1833 et
1522 1778 1869 1833 circuitiones
1887 1817 1902 1842 ,
1929 1777 2029 1831 bo-

463 1892 586 1929 mnu
625 1883 808 1942 utpote
842 1876 1229 1944 pertimescens
1264 1876 1536 1927 timorem.
1582 1871 1687 1927 Sed
1724 1872 1862 1925 sicut
1893 1884 2031 1937 equo

464 1983 845 2035 nonnunquam
870 1967 1088 2032 territo,
1111 1977 1164 2022 et
1191 1967 1404 2021 uolente
1438 1976 1639 2019 rectum
1684 1964 1785 2018 iter
1819 1973 2028 2032 petere,

463 2072 517 2115 et
554 2061 702 2114 freno
730 2062 834 2113 vim
862 2062 1088 2116 facimus
1114 2104 1128 2128 ,
1154 2072 1209 2117 et
1237 2062 1503 2116 calcaneis
1534 2068 1826 2129 puugeutes
1856 2057 2030 2112 corri-

466 2153 672 2222 gimus.
702 2162 753 2205 et
791 2154 1060 2206 refrenare
1114 2162 1385 2207 tentamus
1432 2153 1499 2205 ab
1548 2152 1629 2205 his
1658 2165 1775 2215 qnte
1824 2149 1871 2202 ei
1926 2162 2028 2200 nou

467 2245 822 2297 concedimus
855 2263 867 2298 :
902 2245 975 2297 ita
1018 2253 1072 2297 et
1110 2260 1252 2298 nunc
1287 2243 1542 2297 extollere
1572 2242 1635 2295 ad
1684 2242 1847 2294 Deum
1884 2238 2030 2307 cogi-

470 2342 636 2386 tatum
666 2333 925 2388 debemus
944 2373 959 2396 ,
990 2346 1294 2401 qumreutes
1325 2336 1413 2388 illa
1451 2349 1570 2403 quae
1592 2342 1644 2386 et
1668 2332 1947 2401 Scriptura
1968 2331 2034 2384 de

469 2423 579 2477 Deo
618 2424 782 2491 (μικτί
810 2424 1075 2492 permittit
1104 2442 1117 2477 :
1148 2426 1271 2493 quia
1325 2439 1498 2493 neque
1546 2424 1598 2476 iu
1655 2422 1814 2489 domo
1855 2421 2028 2481 Deus.

469 2529 645 2582 neque
673 2516 725 2568 in
778 2515 1100 2581 simulacro;
1129 2532 1231 2569 non
1267 2516 1319 2569 iu
1355 2524 1535 2569 monte
1573 2523 1664 2567 aut
1709 2524 1887 2577 terra;
1926 2526 2031 2566 non

472 2607 524 2659 in
561 2622 686 2662 aere
716 2607 849 2677 (52),
886 2623 981 2663 nec
1007 2609 1057 2663 in
1091 2609 1207 2678 ipso
1229 2619 1339 2663 toto
1372 2610 1545 2671 ctelo;
1586 2623 1760 2677 neque
1794 2609 2034 2663 reclusus

470 2707 550 2751 est
576 2738 589 2762 ,
619 2714 792 2767 neque
819 2701 1118 2766 retinetur,
1150 2716 1321 2770 neque
1356 2701 1601 2755 conﬁxus
1643 2711 1727 2755 est
1755 2715 1769 2753 :
1799 2704 1891 2755 sed
1917 2718 2034 2755 om-

471 2790 556 2844 nia
590 2794 803 2860 quidem
829 2792 1237 2859 incorporaliter
1262 2793 1494 2863 complet
1520 2834 1534 2857 ,
1562 2794 1629 2847 ab
1653 2794 1905 2848 omnibus
1936 2809 2036 2847 au-

475 2890 579 2933 tem
604 2883 1039 2936 inenarrabiliter
1064 2893 1148 2936 est
1170 2892 1469 2951 separatus.
1507 2883 1616 2939 Nos
1638 2893 1819 2938 autem
1854 2894 1908 2938 et
1930 2884 2038 2940 late

460 2970 762 3025 irridemus
788 2989 919 3036 eos,
959 2974 1046 3042 qui
1093 2982 1280 3041 putant
1332 2990 1452 3029 esse
1484 2973 1677 3039 Deum,
1732 2984 1825 3029 aut
1873 2976 2036 3038 deos,

461 3069 734 3129 gtanquam
769 3078 984 3130 gregem
1037 3063 1318 3130 quemdam
1369 3062 1635 3117 reclusum
1678 3066 1729 3117 in
1769 3066 1989 3117 mandra
2022 3081 2038 3117 :

476 3152 673 3219 quippe
702 3150 853 3202 valde
894 3159 947 3203 et
996 3152 1439 3218 reprehendimus
1483 3166 1609 3218 eos,
1650 3154 1739 3221 qui
1771 3153 1951 3207 volunt
1988 3152 2040 3207 in

463 3238 787 3293 isimulaeris
827 3238 1053 3292 virtutes
1092 3239 1303 3292 divinas
1348 3238 1588 3292 reclusas
1626 3238 1849 3303 haberi,
1892 3254 1959 3293 ex
1992 3237 2043 3291 vi

463 3320 685 3386 lscilicet
729 3330 1000 3383 hominum
1028 3330 1403 3396 malignorum.
1450 3328 1737 3384 Irridemus
1766 3330 1909 3384 enim
1952 3343 2045 3383 eos

464 3430 603 3475 tcum
634 3421 846 3475 habitus
873 3421 1101 3490 appositi
1134 3421 1338 3475 fuerint
1373 3421 1426 3475 in
1468 3421 1800 3485 simulacris,
1833 3419 2046 3488 quidam

464 3513 698 3582 tquidem
737 3514 1091 3577 feminarum,
1153 3515 1368 3582 quidam
1418 3523 1594 3567 autem
1649 3514 2049 3577 masculorum,

465 3610 534 3669 {et
561 3603 962 3672 quadrupedum
985 3644 1000 3665 ,
1028 3614 1081 3658 et
1123 3604 1476 3673 serpentium.
1512 3604 1741 3657 Tantum
1785 3604 1928 3656 enim
1969 3602 2050 3656 lu-

465 3690 631 3779 {crum
656 3693 897 3761 capimus
930 3709 992 3748 ex
1028 3694 1236 3758 iisdem,
1257 3694 1377 3760 quia
1408 3709 1472 3747 ex
1507 3694 1588 3746 his
1620 3707 1739 3761 qua!
1771 3692 1857 3744 alii
1898 3690 2056 3746 aliter

467 3794 535 3857 get
566 3787 751 3840 dicunt
774 3796 1045 3854 etagunt,
1073 3795 1127 3838 et
1158 3786 1391 3838 conflant
1427 3793 1479 3837 ct
1525 3784 1885 3845 dissentiunt,
1928 3798 2057 3836 cou-
2098 3804 2109 3817 -

470 3872 707 3967 fitentur
743 3875 868 3944 quia
918 3889 1040 3927 eum
1094 3874 1181 3942 qni
1237 3871 1497 3941 quatritur
1554 3870 1821 3939 ignorant.
1877 3866 2058 3936 Neque

2132 1416 2217 1456 res
2249 1408 2428 1452 autem
2463 1405 2517 1452 et
2546 1395 2740 1465 planta:
2766 1393 2831 1446 ad
2869 1392 2919 1444 id
2953 1391 3095 1459 quod
3139 1398 3263 1443 sunt
3290 1394 3698 1456 assumpserunt

2131 1502 2187 1547 ut
2234 1501 2288 1547 et
2317 1497 2697 1558 exsurgerent,
2735 1496 2790 1540 et
2834 1484 3234 1554 germinareut,
3263 1491 3317 1535 et
3349 1488 3660 1534 crescerent
3683 1519 3706 1544 ,

2129 1594 2183 1640 et
2235 1592 2631 1655 pascerentur:
2669 1577 2921 1632 animalia
2969 1586 3149 1630 autem
3203 1571 3593 1626 irrationabilia
3632 1568 3710 1625 ad

2130 1693 2191 1732 ea
2218 1691 2339 1745 quae
2368 1675 2509 1729 dicta
2540 1681 2665 1726 sunt
2695 1671 2856 1725 etiam
2891 1668 2991 1722 hoc
3020 1674 3425 1733 assumpseruut
3447 1706 3463 1729 ,
3486 1673 3544 1717 ut
3575 1679 3708 1718 sen-

2130 1768 2361 1823 sibilitas
2387 1775 2529 1820 esset
2549 1766 2601 1818 in
2637 1764 2736 1817 eis.
2766 1760 2875 1816 Nos
2910 1776 3037 1813 vero
3061 1774 3182 1814 cum
3216 1758 3299 1811 bis
3328 1756 3584 1811 omnibus
3608 1770 3703 1809 ac-

2132 1859 2370 1928 cepimus
2425 1856 2717 1924 cogitattun
2757 1862 2812 1907 et
2864 1867 3126 1915 sensum,
3162 1859 3216 1904 ct
3271 1849 3337 1902 ad
3387 1863 3485 1901 nos
3532 1860 3710 1915 usque

2133 1966 2343 2020 semper
2364 1949 2513 2018 quod
2544 1958 2662 2002 erat
2698 1946 3048 2009 honoratius,
3093 1944 3462 1997 additamenta
3508 1939 3709 1993 efficie-

2132 2041 2327 2094 bantur
2362 2037 2733 2092 honoratiora.
2768 2034 2935 2089 Nobis
2976 2045 3153 2087 autem
3188 2033 3253 2086 ad
3286 2032 3561 2102 superiora
3591 2030 3707 2099 iam

2132 2145 2234 2182 non
2262 2143 2327 2181 ex
2364 2126 2744 2180 additamentis
2768 2124 3081 2195 agnoscitur
3102 2122 3334 2190 dignitas
3354 2161 3369 2183 ,
3399 2123 3491 2175 sed
3524 2122 3567 2173 si
3593 2119 3711 2174 for-

2134 2230 2183 2275 te
2212 2237 2240 2273 a
2287 2217 2713 2274 detractionibus
2746 2236 2761 2271 :
2794 2216 3183 2271 detractionem
3221 2225 3401 2267 autem
3432 2215 3549 2268 dico
3596 2228 3709 2266 non

2132 2329 2195 2369 ex
2229 2313 2312 2367 bis
2335 2327 2453 2381 quas
2479 2310 2589 2380 jam
2619 2317 2745 2362 sunt
2780 2317 2835 2363 et
2868 2309 3168 2372 habentur,
3197 2306 3519 2360 ablatiouem
3544 2343 3560 2368 ,
3604 2303 3704 2358 sed

2141 2404 2310 2473 ipsam
2346 2410 2594 2455 naturam
2618 2414 2739 2469 qua:
2772 2414 2877 2452 non
2913 2399 3140 2466 indiguit
3172 2397 3321 2451 istis:
3354 2404 3409 2448 ut
3438 2406 3559 2464 puta
3588 2412 3705 2450 non

2134 2493 2294 2547 habet
2362 2505 2579 2545 necesse
2634 2489 2944 2560 angelorum
3011 2504 3249 2543 crescere
3281 2495 3463 2541 natura
3507 2504 3520 2540 :
3574 2502 3701 2555 qute

2136 2583 2278 2636 enim
2308 2596 2411 2635 non
2449 2589 2747 2650 augentur,
2778 2588 2834 2633 et
2869 2594 2973 2633 non
3004 2580 3342 2633 minuuntur.
3378 2575 3515 2642 Quid
3565 2591 3705 2645 ergo

2138 2673 2364 2730 iuferio‘r
2397 2683 2480 2729 est
2513 2681 2705 2727 natura
2755 2672 3101 2742 angelorum,
3140 2671 3266 2741 quia
3317 2669 3537 2723 arbores
3586 2669 3712 2736 qui-

2137 2766 2256 2821 dem
2284 2773 2338 2818 et
2379 2763 2574 2834 planta:
2604 2773 2936 2831 pascuntur,
2971 2772 3025 2815 et
3068 2769 3353 2827 crescunt,
3402 2769 3455 2813 et
3506 2760 3714 2813 addita-

2141 2865 2324 2911 menta
2355 2855 2663 2923 accipiunt;
2707 2854 3016 2921 angelorum
3064 2862 3244 2906 autem
3298 2862 3487 2905 natura
3537 2866 3714 2920 neque

2142 2948 2443 3019 germinat,
2476 2962 2649 3016 neque
2684 2945 3088 3014 pullulationem
3138 2943 3404 3013 suscipit,
3442 2958 3617 3011 neque
3653 2950 3713 2995 ut

2146 3050 2401 3109 pascatur
2435 3049 2527 3093 aut
2559 3038 2789 3092 addatur
2811 3039 2833 3091 ?
2855 3038 2950 3091 Cui
2985 3036 3126 3091 enim
3163 3034 3362 3089 ablatio
3397 3032 3715 3087 incrementi

2144 3140 2227 3186 cst
2253 3140 2307 3187 et
2337 3131 2566 3185 aliorum
2597 3144 2717 3198 qua:
2767 3127 3036 3191 diximus,
3071 3142 3175 3181 non
3215 3136 3298 3181 est
3339 3126 3592 3179 damnum
3632 3124 3718 3178 bis

2146 3225 2236 3293 qui
2275 3223 2555 3293 possident
2586 3223 2702 3278 sine
2730 3220 2848 3275 istis
2877 3219 2927 3273 id
2954 3219 3097 3290 quod
3127 3228 3253 3274 sunt
3273 3257 3290 3283 ,
3322 3219 3415 3272 sed
3441 3218 3718 3285 dignitatis

2146 3316 2437 3369 eminentia
2474 3331 2487 3367 :
2524 3314 2687 3370 multa
2721 3313 2866 3367 enim
2904 3326 3008 3365 non
3057 3312 3238 3364 insunt
3277 3310 3511 3380 angelis,
3545 3325 3718 3380 neque

2148 3409 2345 3462 adsunt
2387 3423 2504 3477 quae
2532 3408 2581 3461 in
2620 3406 2772 3460 nobis
2799 3407 3082 3460 habentur.
3117 3405 3184 3459 Et
3238 3420 3342 3457 non
3390 3405 3514 3473 quia
3565 3405 3715 3458 deest

2153 3501 2257 3554 illis
2280 3516 2396 3569 qnze
2426 3517 2528 3554 non
2569 3500 2768 3554 habent
2789 3537 2804 3563 ,
2842 3498 2935 3551 sed
2966 3497 3089 3566 quia
3127 3512 3223 3551 nos
3262 3497 3562 3566 indigemus
3591 3494 3678 3550 bis
3698 3536 3717 3559 ,

2156 3593 2272 3646 ideo
2299 3594 2451 3645 nobis
2481 3593 2632 3645 adest
2659 3593 2723 3644 ad
2756 3590 3006 3645 solatium
3035 3590 3085 3642 id
3123 3590 3263 3657 quod
3300 3591 3365 3643 ab
3400 3590 3586 3643 iisdem
3626 3588 3721 3642 de-

2158 3684 2383 3737 ficimus.
2418 3682 2534 3737 Non
2576 3692 2700 3736 sunt
2736 3683 2932 3751 nuptiae
2963 3682 3102 3751 apud
3135 3679 3371 3750 angelos.
3410 3681 3540 3733 Data
3573 3681 3719 3735 enim

2157 3787 2239 3829 est
2278 3777 2393 3830 viro
2449 3775 2638 3829 mulier
2672 3777 2735 3829 ad
2786 3775 3109 3838 adiutorium
3148 3792 3161 3827 :
3196 3773 3507 3842 angelorum
3544 3782 3721 3826 autem

2162 3869 2526 3939 unusquisque
2553 3869 2771 3938 pr0pria
2800 3878 2987 3921 natura
3025 3864 3219 3921 sufﬁcit
3254 3865 3377 3920 sibi.
3427 3863 3541 3918 Non
3588 3878 3725 3917 cou-

482 3967 625 4021 enim
657 3983 854 4036 corpus
877 3976 959 4019 est
993 3967 1132 4019 Deus
1155 4005 1171 4029 ,
1203 3979 1377 4034 neque
1410 3963 1653 4029 corporis
1695 3961 1928 4030 aliquid,
1960 3959 2057 4013 ali-
2081 3992 2126 4054 Β
2165 3959 2416 4013 ficiuntur
2446 3960 2651 4029 angelis
2681 3962 3021 4025 indumenta,
3054 3967 3113 4011 ut
3156 3966 3448 4011 coulexant
3474 3956 3584 4027 (55)
3605 3971 3727 4023 quae

483 4054 603 4121 quis
627 4065 683 4107 ut
710 4064 835 4123 puta
867 4054 1049 4119 color;
1084 4068 1255 4122 neque
1287 4052 1339 4104 in
1373 4066 1617 4119 corpore,
1642 4051 1813 4121 qualis
1836 4058 2053 4119 putatur

484 4158 604 4198 esse
635 4144 843 4208 anima;
871 4157 1042 4212 neque
1067 4144 1211 4197 circa
1239 4158 1435 4210 corpus
1460 4183 1473 4207 ,
1510 4142 1649 4195 sicut
1688 4150 1905 4209 putatur
1938 4153 2054 4193 seu-

475 4216 607 4299 .sus;
656 4232 752 4287 sed
790 4232 922 4287 liber
947 4243 1028 4287 est
1061 4244 1115 4286 et
1154 4248 1182 4285 a
1242 4244 1433 4287 natura
1465 4232 1709 4301 corporis
1743 4240 1798 4284 et
1844 4230 2049 4283 habitu.

485 4323 740 4391 Corporis
767 4323 907 4376 enim
944 4334 1139 4377 natura
1171 4324 1222 4377 iu
1251 4323 1641 4390 compositione
1667 4320 2054 4388 babetur.Qua:

487 4425 666 4470 autem
692 4424 1121 4484 componuntur,
1153 4417 1333 4470 omnia
1353 4429 1418 4469 ea
1449 4430 1569 4485 qua:
1603 4424 1728 4468 ante
1755 4413 1866 4482 jam
1911 4413 2053 4468 facta

485 4517 634 4571 sunt,
666 4508 1110 4577 compositionem
1147 4508 1415 4576 accipiunt
1452 4526 1464 4561 :
1502 4517 1559 4560 ut
1591 4518 1716 4576 puta
1738 4506 1879 4575 quod
1910 4506 2053 4573 dico,

474 4596 693 4671 lapides
737 4604 890 4651 erant
925 4598 1121 4663 creati,
1154 4597 1476 4665 compositio
1519 4597 1759 4665 lapidqu
1790 4594 1915 4648 fecit
1955 4594 2052 4649 do-

487 4706 653 4744 mum.
680 4688 818 4744 Deus
848 4702 1023 4745 autem
1057 4691 1167 4759 ipse
1193 4700 1379 4745 auctor
1403 4698 1459 4743 et
1500 4689 1709 4744 initium
1739 4697 1843 4752 est,
1873 4696 1927 4743 et
1950 4703 2052 4741 non

488 4784 555 4838 ab
585 4783 667 4837 his
706 4799 823 4853 qua:
853 4793 1011 4837 erant
1043 4783 1214 4847 facta,
1251 4783 1365 4853 ipse
1403 4782 1729 4849 compositus
1763 4781 2051 4835 invenitur.

491 4872 727 4943 Simplex
758 4875 900 4928 cnim
931 4885 982 4928 et
1013 4875 1300 4929 uniformis
1326 4883 1409 4928 est
1440 4875 1578 4928 Deus
1618 4868 1735 4943 (53)
1758 4915 1774 4940 ,
1808 4882 1859 4927 et
1907 4888 2057 4928 com-

489 4966 696 5034 positus
720 4965 854 5035 (51),
882 4966 1079 5035 quippe
1128 4966 1314 5020 vivens
1348 4964 1464 5034 ipsa
1509 4979 1628 5033 quae
1683 4973 1784 5019 est.
1816 4963 2055 5033 Corpora

489 5058 631 5110 enim
665 5072 784 5127 qua:
815 5057 1089 5128 accipiunt
1115 5056 1280 5110 vitam
1302 5096 1317 5122 ,
1344 5057 1455 5125 ipsa
1481 5064 1535 5109 et
1571 5055 1889 5109 fraudantur
1923 5054 2052 5109 vita.

493 5150 592 5217 Qui
621 5160 797 5205 autem
830 5166 930 5207 nec
955 5151 1165 5205 initium
1193 5150 1401 5221 accepit
1441 5149 1614 5220 (Deus
1644 5149 1788 5203 enim
1844 5147 2055 5202 initium

492 5257 599 5295 non
627 5245 834 5312 accepit
873 5267 886 5300 ;
920 5244 1040 5314 quis
1069 5245 1209 5298 enim
1241 5252 1295 5297 et
1322 5240 1551 5313 daret?)
1579 5258 1684 5296 non
1719 5243 1826 5295 vita
1861 5242 1912 5295 in
1938 5256 2059 5296 cor-

2156 4051 2484 4105 cobabitant.
2514 4051 2625 4105 Non
2652 4052 2839 4106 domus
2860 4049 3290 4116 iisdem;sullicit
3316 4049 3457 4103 enim
3479 4047 3675 4102 caelum
3708 4066 3721 4098 :

2156 4159 2258 4197 non
2295 4142 2445 4199 lectis
2490 4145 2693 4214 indiget
2736 4145 2853 4201 siue
2893 4159 3101 4198 sommo
3128 4151 3339 4196 natura.
3382 4141 3491 4195 Non
3526 4153 3719 4193 mensa

2154 4234 2292 4302 apud
2315 4248 2409 4289 eos
2444 4252 2458 4289 :
2494 4234 2636 4290 forte
2662 4244 2846 4290 autem
2888 4249 2986 4290 nec
3016 4243 3316 4304 pascuntur
3347 4250 3360 4286 :
3397 4246 3585 4284 aurum
3617 4244 3723 4285 au-

2155 4335 2260 4381 tem
2283 4333 2336 4381 et
2359 4336 2643 4395 argentum
2679 4334 2733 4381 et
2768 4337 3122 4381 atramentum
3164 4334 3220 4380 et
3262 4324 3490 4385 ferrum.
3518 4330 3574 4375 et
3601 4336 3727 4376 om-

2154 4417 2241 4473 nia
2272 4434 2391 4489 qua:
2434 4420 2697 4473 miramur
2729 4428 2909 4474 creata
2967 4428 3021 4472 et
3074 4419 3289 4473 iuventa
3311 4457 3326 4483 ,
3358 4416 3495 4486 apud
3546 4431 3643 4471 uos
3670 4424 3730 4471 et

2155 4525 2287 4565 usus
2313 4509 2543 4565 habetur
2566 4551 2580 4576 ,
2621 4509 2727 4564 illic
2777 4519 2955 4563 autent
2985 4524 3083 4563 nec
3114 4510 3442 4579 nuncupatio
3480 4507 3729 4562 nomina-

2156 4611 2272 4667 tur,
2312 4616 2411 4655 nec
2440 4601 2730 4655 invenitur.
2763 4600 2901 4666 Quid
2931 4601 3101 4672 ergo?
3129 4617 3254 4656 num
3281 4617 3345 4657 ex
3399 4600 3561 4654 tantis
3606 4614 3728 4670 qua

2155 4702 2404 4762 putamus
2427 4708 2454 4744 a
2482 4691 2635 4744 nobis
2676 4692 2833 4746 bonis
2862 4707 3183 4762 supcramus
3222 4694 3532 4765 angelorum
3566 4699 3725 4748 uatu-

2157 4785 2318 4839 ram?
2358 4784 2466 4839 Nos
2496 4786 2639 4838 enim
2677 4784 2872 4839 divites
2908 4801 3040 4840 auro
3063 4802 3279 4851 sumus,
3312 4787 3485 4857 angeli
3526 4803 3717 4841 aurum

2159 4893 2263 4930 non
2295 4876 2489 4931 habent
2523 4893 2538 4931 :
2583 4893 2687 4931 non
2730 4878 2848 4932 ideo
2877 4893 3141 4949 pauperes
3191 4879 3567 4943 inveniuntur,
3596 4879 3724 4947 quia

2158 4987 2348 5025 aurum
2381 4972 2519 5041 apud
2548 4971 2667 5025 illos
2695 4986 2799 5025 non
2823 4979 2940 5036 est;
2974 4972 3066 5026 sed
3104 4972 3276 5042 magis
3303 4971 3375 5025 illi
3402 4971 3619 5035 divites,
3637 4970 3731 5040 qui

2159 5074 2257 5115 uec
2284 5076 2416 5114 auro
2447 5060 2688 5128 indigent
2716 5068 2900 5115 nostro
2928 5073 3026 5115 nec
3050 5072 3293 5129 argento.
3324 5060 3461 5126 Quid
3489 5075 3626 5130 opus
3649 5071 3734 5115 est

2158 5151 2360 5206 ferrum
2392 5152 2444 5205 in
2477 5152 2672 5207 ctelis?
2701 5160 2881 5205 utrum
2918 5152 2985 5207 ad
3013 5146 3281 5207 culturam
3301 5192 3317 5217 ,
3356 5160 3448 5206 aut
3478 5153 3545 5207 ad
3574 5153 3734 5206 navi-

2159 5243 2424 5313 gationem
2451 5286 2466 5311 ,
2497 5255 2586 5297 aut
2614 5245 2680 5297 ad
2716 5243 2912 5297 bellum
2939 5284 2955 5310 ,
2985 5255 3078 5297 aut
3111 5243 3179 5297 ad
3203 5243 3570 5299 medicinam?
3595 5242 3733 5311 Quid

496 5348 627 5402 pore
654 5344 736 5387 est
769 5335 909 5391 Deus
932 5377 946 5399 .
978 5338 1069 5393 sed
1099 5338 1228 5391 vita.
1254 5337 1309 5391 lu
1344 5345 1550 5391 tantum
1581 5334 1724 5389 enim
1761 5336 1951 5401 repetit
1973 5349 2062 5387 co-
2092 5335 2137 5395 D
2164 5351 2296 5406 opus
2329 5343 2410 5389 est
2436 5335 2783 5404 permistione
2817 5335 2958 5400 illis,
3008 5337 3096 5391 ubi
3130 5350 3234 5391 non
3275 5345 3403 5391 sunt
3432 5343 3726 5390 commuta-

494 5425 695 5494 gitatns
727 5433 866 5496 quod
915 5430 1015 5484 sibi
1049 5430 1181 5485 utile
1232 5429 1501 5485 invenitur
1534 5442 1549 5480 :
1578 5426 1700 5497 quia
1742 5437 1905 5497 petrae
1934 5427 2057 5495 qui-

570 5562 680 5633 (52)
723 5564 816 5619 Ms.
864 5579 955 5619 aut
1025 5569 1095 5637 in,
1143 5580 1304 5633 terra,
1351 5586 1451 5624 non
1516 5571 1571 5623 in
1625 5567 1794 5632 mari,
1840 5582 1957 5621 non
2006 5567 2057 5622 in

495 5649 633 5688 aere.

573 5702 690 5775 (53)
747 5702 842 5760 Ms.
913 5705 1143 5778 Simplex
1199 5711 1335 5765 enim
1369 5720 1413 5765 rt
1440 5708 1675 5780 informis
1709 5719 1777 5764 est
1810 5706 1965 5763 Deus.

2168 5427 2384 5484 tiones?
2408 5427 2511 5483 Sed
2548 5443 2646 5482 nec
2682 5427 2855 5483 servis
2886 5442 3021 5499 opus
3070 5437 3153 5483 est
3185 5429 3264 5483 eis
3290 5447 3305 5483 :
3336 5428 3532 5485 sullicit
3586 5426 3730 5483 enim

2238 5569 2348 5639 (δι)
2382 5568 2734 5639 compositus.
2752 5566 2923 5639 forte
2943 5606 2957 5631 ,
2986 5567 3374 5635 incompositus.

2241 5641 2360 5713 (55)
2405 5638 2713 5695 Contexaut.
2749 5638 2941 5719 Forte,
2977 5649 3269 5711 contegunt.
