4050 6206
402 280 544 339 1169

1172 284 1261 340 DE
1310 285 1400 344 ΕΟ
1440 287 1628 356 QUOD
1666 288 1848 347 DEUS
1882 288 2113 346 PATER
2147 290 2647 350 INCOBPORALIS
2685 291 2833 346 EST.
2922 321 2935 330 σ

3486 293 3623 350 H50

402 394 775 465 unusquisque
821 395 941 450 sibi.
971 396 1034 450 Et
1063 410 1182 466 qua
1211 408 1461 469 putamus
1502 399 1657 455 nobis
1689 415 1810 456 esse
1852 415 1967 454 ma-
1999 402 2045 458 Δ
2074 412 2320 472 pratum;
2352 412 2409 458 et
2433 404 2748 458 assistentes
2776 403 2944 473 pratis
2965 441 2980 467 ,
3022 404 3299 460 videamus
3338 422 3440 461 uon
3480 425 3621 464 nunc

402 502 506 557 gna
529 528 546 556 ,
574 496 629 542 et
651 489 787 543 bona
810 528 824 552 ,
852 496 905 544 et
935 490 1242 551 necessaria
1268 506 1490 562 quteque
1527 500 1652 546 sunt
1680 492 1865 559 nobis;
1890 491 1965 547 illi

399 586 610 634 natura:
630 579 803 633 omnia
825 588 947 632 sunt
968 579 1148 633 otiosa
1186 599 1199 634 :
1235 591 1291 636 et
1312 595 1645 652 quaecunque
1673 598 1737 637 ex
1762 582 1965 635 anima-

404 668 548 723 libus
596 669 746 724 nobis
771 679 890 722 sunt
936 669 1127 737 utilia,
1177 671 1285 727 illis
1313 681 1441 726 sunt
1488 688 1593 726 non
1635 672 1959 727 necessaria.

405 760 613 815 Tauros
635 762 773 814 enim
803 762 869 815 ad
895 762 1162 817 culturam
1213 779 1320 817 non
1368 764 1566 819 habent
1592 780 1725 835 Opus
1745 805 1760 829 ,
1792 780 1963 833 neque

401 867 570 921 equos
596 852 659 905 ad
685 852 882 907 bellum
912 871 926 908 :
958 869 1061 908 non
1091 853 1332 924 indigent
1370 855 1493 925 igne
1526 856 1593 909 ad
1640 856 1922 910 luminaria
1944 896 1960 919 ,

402 957 570 1010 neque
596 956 656 995 ea
693 958 813 1011 quae
838 959 934 1013 per
965 944 1143 1015 ignem
1184 946 1251 1000 ad
1295 962 1503 1000 curam.
1549 945 1664 1001 Non
1714 963 1850 1017 aqua
1881 955 1964 1001 est

397 1032 477 1084 eis
500 1032 802 1087 necessaria
826 1074 841 1098 ,
869 1049 974 1088 non
1001 1051 1066 1089 ex
1096 1036 1254 1101 mari,
1280 1052 1386 1091 non
1419 1052 1486 1090 ex
1516 1048 1655 1092 terra
1688 1054 1702 1091 :
1734 1052 1839 1091 non
1873 1036 1961 1091 illa

397 1136 513 1189 qua:
537 1135 603 1175 ex
630 1122 893 1179 imbribus
915 1136 1253 1195 apportatur.
1283 1126 1400 1181 Non
1445 1143 1692 1182 somnum
1729 1129 1796 1181 ad
1824 1128 1962 1183 refe-

393 1211 629 1265 ctionem
662 1216 1024 1269 necessarium
1055 1217 1277 1283 habent,
1306 1234 1410 1272 non
1443 1233 1596 1273 escas
1616 1220 1682 1271 ad
1709 1218 1958 1273 salutem.

392 1299 563 1357 Forte
608 1313 787 1358 autem
815 1306 1028 1374 quidem
1077 1316 1133 1360 et
1188 1308 1454 1361 mirantur
1505 1308 1824 1374 audientes,
1868 1306 1958 1375 qui

398 1406 582 1449 mente
608 1396 673 1450 ad
702 1397 1012 1467 angelorum
1036 1400 1232 1454 choros
1274 1416 1379 1455 non
1415 1408 1793 1469 pervenerunt.
1836 1398 1961 1466 Qui-

394 1487 499 1542 bus
524 1486 669 1541 enim
708 1487 986 1544 beatitudo
1009 1500 1091 1544 est
1119 1491 1163 1545 si
1190 1491 1513 1545 manducent
1553 1501 1609 1545 et
1655 1490 1872 1556 bibant,
1905 1499 1961 1545 et

401 1578 608 1648 nuptiis
634 1588 872 1646 utantur,
904 1590 956 1635 et
985 1581 1355 1649 possessiones
1383 1580 1646 1645 habeant,
1670 1590 1722 1634 et
1745 1582 1962 1635 thesau-

402 1685 493 1724 ros
510 1671 834 1735 recondant,
868 1682 921 1724 et
945 1671 1247 1740 judiciariis
1286 1672 1640 1741 dignitatibus
1677 1670 1958 1741 perfruan-

2068 494 2230 549 ﬂores
2256 504 2515 549 exeuntes
2537 533 2553 560 ,
2588 509 2758 563 neque
2780 493 3048 550 coloribus
3076 496 3254 551 varios
3273 538 3289 562 ,
3345 513 3516 562 neque
3566 501 3621 553 in
3686 552 3687 555 η

2066 587 2325 642 odoribus
2354 587 2632 652 diversos;
2663 587 2756 642 sed
2780 586 3181 642 videamusillic
3209 588 3345 644 ctelo
3378 591 3621 658 superius

2078 683 2256 734 locum
2284 718 2299 739 ,
2332 695 2426 749 per
2462 679 2680 751 angelos
2703 690 2882 735 autem
2913 680 3297 751 splendentem.
3336 681 3620 737 Multitudo

2072 773 2214 829 enim
2247 774 2357 828 illic
2388 789 2493 829 non
2533 782 2676 829 tanta
2702 785 2899 845 quanta
2927 783 3010 830 est
3035 775 3331 830 stellarum.
3368 776 3424 831 Si
3475 776 3617 830 enim

2065 873 2120 918 et
2155 862 2337 917 multa:
2372 872 2499 916 sunt
2527 864 2711 929 stellae,
2746 865 2838 918 sed
2867 864 2919 918 in
2952 866 3409 931 magnitudinibus
3430 874 3483 919 et
3505 880 3622 920 cor-

2066 953 2288 1023 poribus
2315 954 2623 1008 constituta:
2643 994 2659 1020 ,
2701 954 2834 1008 locis
2864 956 3097 1023 indigent
3117 997 3133 1021 ,
3158 966 3213 1010 et
3237 972 3303 1010 ex
3352 960 3619 1024 magnitu-

2070 1046 2195 1101 dine
2225 1047 2347 1101 εαξΙί
2382 1046 2662 1100 multitudo
2685 1056 3029 1101 mensuralur
3046 1064 3253 1104 earum.
3275 1048 3456 1101 Tantae
3474 1047 3619 1101 cuitu

2063 1150 2226 1202 sunt,
2270 1146 2499 1205 quantas
2528 1138 2672 1207 capit
2718 1148 2773 1192 et
2817 1139 3033 1194 caelum.
3083 1139 3265 1206 Angeli
3301 1148 3475 1192 autem
3512 1153 3617 1192 non

2062 1231 2316 1301 indigent
2342 1230 2456 1285 loco
2478 1270 2494 1295 ,
2530 1232 2621 1285 sed
2654 1231 2805 1285 liberi
2836 1248 2865 1285 a
2920 1231 3049 1286 locis
3078 1233 3315 1285 viventes
3353 1243 3515 1297 sunt,
3563 1241 3620 1289 et

2062 1320 2116 1374 in
2152 1320 2470 1375 alterutrum
2509 1331 2750 1390 agentes.
2787 1319 2905 1375 Non
2946 1322 2998 1376 in
3040 1320 3351 1376 confusione
3394 1323 3617 1391 quippe,

2063 1427 2163 1466 nec
2190 1411 2551 1467 exsultatione
2599 1428 2857 1482 corporea
2884 1452 2898 1477 ,
2939 1413 3031 1466 sed
3084 1427 3293 1481 semper
3337 1414 3389 1466 in
3423 1413 3621 1469 lumine

2061 1512 2185 1557 sunt
2214 1520 2227 1555 :
2264 1503 2361 1571 ipsi
2390 1502 2568 1556 lumen
2603 1502 2704 1557 tale
2727 1542 2743 1567 ,
2782 1504 2967 1571 quales
3001 1511 3053 1556 et
3108 1513 3253 1557 sunt.
3303 1504 3454 1574 Apud
3504 1505 3621 1559 illos

2061 1594 2202 1648 enim
2228 1610 2330 1647 non
2357 1610 2461 1647 nox
2496 1596 2562 1648 ad
2606 1593 2962 1649 refectionem
2994 1595 3224 1649 habetur
3246 1637 3261 1659 ,
3289 1612 3391 1650 non
3419 1596 3532 1650 dics
3555 1595 3619 1648 ad

2063 1687 2541 1741 exsurrectionem.
2571 1685 2795 1754 Semper
2825 1685 2967 1738 enim
2991 1686 3191 1739 habent
3223 1685 3433 1752 lumen,
3465 1696 3518 1738 et
3542 1685 3622 1739 lu...

403 1769 521 1823 tur;
551 1759 633 1814 his
661 1760 821 1814 etiam
852 1777 912 1815 ea
943 1775 1061 1830 qua:
1088 1776 1246 1830 supra
1281 1761 1380 1816 ista
1420 1770 1581 1825 sunt,
1608 1762 1817 1814 minora
1860 1775 1959 1829 puw

2068 1793 2190 1832 men
2232 1793 2334 1831 non
2363 1778 2465 1831 hoc
2497 1776 2637 1844 quod
2691 1776 2827 1846 apud
2857 1791 2953 1829 nos
2994 1786 3092 1830 est.
3126 1775 3237 1831 Hoc
3281 1777 3422 1830 enim
3451 1776 3621 1829 sensi-

407 1861 608 1906 tantur.
641 1850 746 1906 Sed
782 1867 887 1906 non
936 1853 1367 1906 contaminemus
1398 1861 1641 1908 sanctum
1672 1850 1817 1904 illum
1862 1866 1958 1905 an-

403 1945 639 2012 gelorum
663 1946 884 1999 chorum
911 1961 924 2011 ;
964 1960 1071 2000 non
1106 1945 1176 1999 sit
1211 1944 1280 1999 ibi
1307 1944 1503 1998 femina
1528 1983 1542 2009 ,
1574 1944 1662 1998 ubi
1691 1943 1959 1998 successio

406 2036 708 2090 necessaria
750 2052 855 2091 non
902 2046 1004 2092 est.
1039 2035 1153 2090 Non
1197 2036 1321 2105 quia
1363 2043 1664 2090 creaturam
1707 2049 1903 2089 accuso
1941 2052 1955 2088 :

344 2145 355 2156 -
402 2127 813 2196 unumquodque
841 2128 984 2181 enim
1012 2125 1243 2182 ofﬁciunt
1298 2128 1351 2182 in
1402 2142 1496 2181 sua
1553 2135 1741 2181 natura
1784 2124 1956 2194 jacet;

398 2216 531 2271 bene
555 2217 875 2271 translatum
912 2228 1091 2273 autem
1119 2234 1148 2272 a
1193 2219 1306 2273 suis
1331 2218 1500 2285 locis,
1546 2227 1601 2272 et
1650 2219 1960 2287 regionibus

399 2318 451 2362 et
481 2319 667 2363 natura
694 2312 761 2365 ad
791 2325 949 2379 quam
977 2311 1267 2365 constituta
1295 2322 1416 2377 est,
1460 2322 1679 2367 revocat
1703 2312 1770 2366 ad
1804 2326 1863 2366 se
1886 2310 1960 2365 le-

398 2402 480 2470 gis
510 2402 705 2455 divinae
730 2401 1007 2455 virtutem.
1033 2402 1312 2469 Quomodo
1342 2403 1486 2456 enim
1527 2402 1707 2457 decori
1738 2403 1790 2455 in
1824 2402 1956 2457 mari

398 2501 519 2546 sunt
550 2495 776 2563 piscium
827 2495 1058 2564 greges?
1107 2495 1377 2564 quomodo
1423 2495 1632 2548 decora)
1670 2506 1792 2549 sunt
1838 2495 1960 2549 illo-

396 2601 515 2638 rum
548 2598 599 2639 tn
630 2587 896 2640 meatibus
923 2584 1198 2638 (luminum
1224 2585 1653 2642 exsultationes?
1693 2587 1959 2656 quomodo

400 2677 575 2729 nitent
609 2678 662 2729 in
693 2678 872 2731 exitus
903 2677 1168 2731 fontium?
1211 2676 1267 2731 Si
1310 2688 1491 2732 autem
1519 2678 1747 2733 volueris
1790 2679 1956 2744 istos,

401 2778 460 2822 ut
483 2769 615 2822 dans
638 2768 980 2836 beneficium,
1006 2784 1071 2824 ex
1098 2770 1251 2839 aquis
1279 2770 1343 2823 ad
1371 2771 1656 2839 puritatem
1675 2772 1816 2825 aeris
1837 2772 1961 2825 edu-

403 2873 555 2926 cere,
578 2860 643 2913 ad
671 2860 1020 2929 perditionem
1052 2862 1275 2931 piscium
1310 2861 1627 2916 beneficium
1660 2861 1750 2914 fiet
1779 2871 1952 2917 tuum.

350 3006 356 3011 _
400 2950 543 3021 Ergo
570 2952 733 3020 piscis
764 2952 979 3021 quidem
1028 2952 1097 3006 sit
1152 2950 1238 3005 ubi
1287 2960 1399 3016 est;
1445 2953 1657 3020 quidam
1709 2953 1851 3008 enim
1903 2954 1958 3008 in

408 3045 540 3097 mari
579 3052 704 3097 sunt
732 3044 921 3114 positi;
949 3053 1002 3099 et
1031 3045 1139 3099 sint
1167 3043 1255 3098 ubi
1299 3043 1378 3098 eis
1417 3055 1498 3098 εει
1529 3046 1706 3098 datum
1740 3060 1754 3099 :
1786 3045 1874 3099 alii
1907 3046 1959 3099 in

402 3133 710 3187 llulninibus
739 3144 789 3187 et
820 3134 872 3187 in
901 3134 1133 3190 fontibus
1172 3145 1362 3190 natant
1382 3176 1398 3201 ,
1432 3137 1554 3204 quia
1582 3151 1689 3191 non
1725 3135 1959 3204 indigent

406 3224 510 3277 tuis
542 3225 816 3279 beneficiis
841 3227 905 3278 ad
938 3226 1430 3295 interemptionem.
1478 3225 1614 3293 Quid
1642 3228 1811 3297 ergo?
1837 3227 1959 3297 quia

404 3312 537 3365 bona
565 3324 644 3366 est
670 3331 804 3383 aqua
833 3316 1065 3385 piscibus
1093 3356 1108 3382 ,
1136 3317 1468 3386 deponamus
1493 3318 1600 3371 illic
1625 3319 1960 3375 exsultantes

400 3414 454 3458 et
488 3404 749 3459 homines.
779 3406 1082 3460 Secundum
1118 3409 1280 3461 istum
1311 3409 1473 3479 igitur
1500 3412 1959 3476 sermonem,sint

402 3500 673 3553 masculus
698 3509 751 3554 et
776 3498 972 3554 femina
1004 3500 1160 3555 utiles
1216 3501 1356 3569 apud
1407 3515 1504 3555 nos
1536 3510 1591 3555 et
1633 3502 1958 3570 necessarii,

400 3589 680 3642 hominum
711 3602 887 3642 autem
925 3601 1171 3644 naturam
1203 3602 1391 3645 contra
1431 3601 1677 3646 naturam
1707 3606 1818 3646 non
1870 3593 1962 3648 de-

403 3697 682 3748 ponamus.
723 3682 779 3735 Si
811 3684 953 3736 enim
984 3684 1274 3737 ascendere
1296 3698 1401 3738 non
1436 3693 1611 3753 potest
1640 3694 1830 3738 natura
1881 3686 1963 3755 pi-

402 3774 572 3827 scium
611 3789 771 3844 supra
796 3784 1040 3829 naturam
1061 3814 1077 3840 ,
1107 3775 1374 3843 quomodo
1397 3789 1504 3828 non
1542 3776 1715 3845 magis
1752 3776 1962 3831 timebi-

404 3882 555 3933 mus,
588 3868 633 3921 si
683 3868 994 3938 angelorum
1044 3876 1292 3921 naturam
1341 3867 1505 3920 verbo
1562 3866 1675 3920 ausi
1702 3865 1960 3922 fuerimus

402 3961 670 4030 deponere
692 3999 708 4025 ,
729 3976 849 4031 qua:
874 3975 979 4014 non
1014 3958 1331 4014 descendit?
1359 3957 1506 4012 Alias
1531 3968 1709 4011 autem
1748 3968 1804 4012 et
1827 3958 1962 4012 nihil

405 4054 634 4124 amplius
660 4054 749 4110 (iet
793 4068 824 4108 a
866 4054 1053 4116 nobis,
1110 4053 1211 4107 nisi
1254 4060 1312 4107 ut
1348 4050 1801 4120 blasphememus.
1851 4049 1962 4107 Nec

404 4145 545 4199 enim
574 4146 673 4200 etsi
702 4145 1026 4201 voluerimus
1052 4144 1158 4198 vim
1190 4146 1367 4199 facere
1395 4143 1470 4197 illi
1492 4153 1727 4208 naturae,
1769 4157 1958 4211 perur-

405 4236 613 4305 gebitur
648 4253 663 4289 :
695 4238 787 4291 sed
818 4237 894 4291 illi
925 4235 1143 4307 quidem
1166 4243 1383 4291 manent
1403 4234 1556 4289 liberi
1601 4235 1670 4289 ab
1714 4235 1820 4290 isto
1864 4234 1961 4288 ha-

405 4329 518 4397 bitu
544 4329 837 4400 corporali.
870 4327 1056 4399 Neque
1079 4328 1221 4382 enim
1254 4327 1525 4384 masculus
1552 4342 1724 4397 neque
1760 4327 1955 4382 femina

405 4421 542 4490 apud
572 4435 665 4475 eos
688 4430 806 4487 est,
834 4434 888 4475 et
921 4436 1027 4475 non
1069 4421 1135 4475 de
1166 4430 1328 4476 terra.
1370 4420 1436 4474 Et
1466 4420 1567 4475 hoc
1589 4461 1605 4485 ,
1649 4420 1783 4476 forte
1814 4421 1956 4474 enim

405 4513 601 4567 audisti
637 4514 885 4568 mirabile
908 4512 1038 4568 illud
1066 4513 1304 4584 Apostoli
1330 4514 1531 4569 dictum
1552 4553 1567 4579 ,
1595 4514 1717 4584 quia
1749 4523 1804 4568 et
1825 4512 1961 4582 apud

404 4620 536 4674 quos
563 4616 755 4661 natura
810 4606 998 4661 statuit
1040 4606 1335 4661 masculum
1386 4622 1507 4662 esse
1554 4616 1610 4662 et
1671 4606 1960 4674 feminam,

405 4699 545 4769 apud
576 4700 715 4753 istos
746 4698 888 4767 ipsos
912 4699 1076 4765 fides,
1105 4709 1159 4753 et
1187 4714 1282 4767 per
1334 4701 1490 4756 fidem
1536 4699 1842 4768 coniunctio
1882 4699 1965 4753 in-

405 4789 637 4841 venitur.
668 4787 721 4842 ln
754 4788 967 4842 Christo
988 4789 1130 4842 enim
1152 4829 1168 4856 ,
1198 4790 1403 4858 inquit,
1434 4806 1537 4845 non
1567 4801 1650 4845 est
1674 4788 1963 4855 masculus,

404 4893 578 4949 neque
607 4880 805 4935 femina
839 4882 906 4937 “.
937 4876 1007 4936 Si
1032 4882 1194 4951 igitur
1225 4882 1312 4937 ubi
1375 4899 1437 4937 ex
1482 4892 1668 4937 natura
1713 4892 1797 4937 est
1842 4898 1959 4937 ma~

411 4969 593 5025 sculus
628 4979 683 5025 et
716 4969 912 5026 femina
933 5011 949 5037 ,
980 4972 1033 5027 in
1063 4972 1278 5027 Christo
1309 4973 1542 5027 efllcitur
1569 4987 1742 5041 neque
1760 4954 1969 5027 mascu-

406 5061 489 5115 lus
527 5075 703 5130 neque
729 5061 950 5127 femina,
977 5064 1070 5117 sed
1104 5063 1333 5117 imitatio
1365 5064 1716 5133 angelorum:
1744 5078 1839 5117 cur
1862 5078 1966 5118 non

394 5152 575 5221 magis
600 5152 923 5221 suscipimus
952 5153 1178 5222 gratiam
1236 5162 1293 5206 ut
1354 5167 1725 5220 assumamur,
1772 5162 1865 5206 aut
1910 5163 1968 5208 ut

408 5253 651 5298 naturam
686 5245 997 5315 angelorum
1043 5246 1370 5315 deponamus
1430 5245 1495 5300 ad
1540 5245 1819 5299 nostram?
1858 5242 1963 5301 Sed

410 5351 512 5392 nos
539 5338 812 5407 erigamus
845 5340 1231 5409 nosmetipsos,
1280 5349 1333 5394 et
1385 5339 1450 5394 ad
1487 5336 1761 5408 superiora
1815 5337 1961 5405 cogi-

410 5439 577 5485 tatum
601 5433 956 5501 perducamus
980 5442 1221 5487 nostrum
1249 5473 1263 5499 ,
1304 5432 1369 5485 ad
1419 5429 1730 5502 angelorum
1761 5429 1967 5485 scilicet

476 5586 523 5619 ⁸⁸
555 5585 671 5641 Gal.
700 5601 755 5639 ιιι
784 5625 797 5649 ,
830 5584 921 5640 28.

487 5722 598 5792 (56)
642 5722 735 5775 Ms.
773 5725 937 5790 ipsum
968 5719 1124 5780 solsm
1157 5718 1395 5786 inferius.

2063 1869 2367 1927 bilitatibus
2398 1878 2763 1923 mensuratum
2793 1879 2910 1934 est,
2938 1868 3067 1922 illud
3108 1877 3285 1921 autem
3324 1867 3461 1920 aliud
3520 1867 3621 1921 ali-

2064 1963 2213 2033 quid.
2238 1960 2379 2015 Nihil
2401 1976 2530 2015 sane
2552 1976 2647 2016 nos
2673 1961 2922 2030 prohibet
2947 1960 2997 2014 in
3030 1960 3218 2014 iisdem
3244 1960 3372 2028 ipsis
3400 1974 3618 2028 compa-

2065 2055 2365 2110 rationibus
2400 2053 2659 2116 volutari,
2696 2053 2820 2121 quia
2844 2061 2897 2106 et
2926 2052 3161 2120 piscibus
3186 2051 3362 2103 lumen
3394 2051 3622 2103 habetur

2064 2162 2169 2202 non
2194 2156 2397 2200 tantum
2424 2152 2681 2214 quantum
2710 2152 2764 2197 et
2788 2142 2928 2212 apud
2958 2157 3073 2195 nos.
3102 2140 3449 2195 Commistum
3476 2137 3620 2193 enim

2065 2238 2192 2292 illud
2230 2246 2312 2292 est
2345 2238 2519 2290 lumen
2542 2275 2557 2300 ,
2589 2235 2731 2304 quod
2758 2233 2896 2304 apud
2946 2234 3123 2303 pisces
3157 2232 3382 2286 habetur
3424 2230 3619 2298 aquis;

2065 2339 2118 2383 et
2148 2330 2266 2383 ideo
2295 2342 2399 2381 non
2439 2328 2510 2381 ita
2557 2327 2695 2380 sicut
2745 2325 2883 2393 apud
2935 2339 3033 2378 nos
3066 2332 3345 2392 permanet
3393 2336 3624 2390 purum,

2064 2420 2161 2475 sed
2191 2420 2369 2473 lumen
2416 2428 2470 2472 et
2510 2418 2618 2471 illic
2669 2425 2754 2471 est
2785 2434 2799 2469 :
2832 2418 3077 2484 perlucet
3122 2414 3265 2469 enim
3314 2423 3368 2466 et
3399 2413 3494 2493 .ibi
3530 2428 3627 2481 per

2067 2526 2235 2579 aquas
2269 2548 2284 2572 ,
2318 2509 2407 2562 sed
2435 2523 2539 2561 non
2568 2517 2647 2561 est
2669 2507 2740 2560 ita
2772 2521 2962 2576 purum
2987 2515 3043 2559 ut
3088 2504 3266 2559 nobis.
3313 2504 3379 2557 Et
3430 2504 3472 2556 si
3503 2502 3626 2571 quis

2064 2602 2350 2672 aliquando
2380 2601 2429 2654 vi
2459 2600 2645 2654 mersit
2674 2599 2728 2653 in
2753 2612 2920 2667 aquas
2941 2636 2957 2662 ,
2991 2606 3044 2652 et
3072 2597 3124 2650 in
3155 2595 3310 2665 aquis
3348 2610 3475 2649 suos
3499 2611 3625 2664 ape-

2067 2695 2172 2749 ruit
2196 2693 2378 2749 oculos
2398 2732 2414 2756 ,
2449 2692 2580 2745 vidit
2601 2691 2798 2761 quippe
2820 2691 2960 2760 quod
2984 2689 3123 2759 apud
3173 2703 3271 2743 nos
3299 2694 3379 2742 est
3408 2687 3622 2754 lumen;

2064 2787 2240 2852 videt,
2277 2787 2493 2854 inquam
2515 2824 2531 2849 ,
2567 2784 2670 2836 hoc
2703 2783 2907 2836 clarum
2941 2782 2993 2836 in
3043 2781 3199 2849 aquis
3247 2779 3621 2847 caliginosum.

2069 2877 2295 2933 Utamur
2318 2884 2495 2929 autem
2536 2884 2590 2929 et
2611 2872 2716 2926 alia
2748 2870 3173 2940 comparatione.
3206 2869 3449 2923 Praesens
3477 2867 3620 2921 enim

2067 2969 2222 3023 istius
2257 2969 2401 3021 hora:
2428 2965 2743 3020 constitutio
2765 2964 3134 3017 testimonium
3161 2958 3394 3015 sermoni
3425 2960 3625 3025 imper-

2069 3060 2181 3114 tiet.
2239 3057 2348 3112 Hoc
2378 3057 2519 3125 quod
2568 3054 2707 3123 apud
2764 3068 2862 3107 nos
2895 3067 3086 3121 purum
3118 3061 3204 3105 est
3253 3051 3467 3105 lumen:
3498 3047 3622 3116 quia

2068 3148 2208 3203 enim
2239 3148 2407 3201 nubes
2430 3145 2720 3199 adveniens
2754 3144 2999 3197 constitit
3024 3157 3183 3211 super
3211 3156 3333 3201 nos,
3366 3140 3517 3209 aquis
3540 3148 3624 3193 ut-

2067 3252 2188 3311 pote
2207 3239 2387 3308 plena;
2413 3254 2515 3291 non
2548 3235 2792 3305 permisit
2810 3244 2989 3288 autem
3016 3235 3119 3287 tale
3139 3233 3204 3287 ad
3226 3247 3322 3286 nos
3340 3231 3516 3284 lumen
3538 3244 3625 3285 vo-

2070 3335 2204 3398 nire,
2228 3331 2385 3400 quale
2405 3330 2517 3383 heri
2537 3338 2590 3382 et
2615 3328 2822 3398 pridem
2846 3326 3176 3380 habebamus
3194 3325 3245 3378 in
3270 3319 3627 3377 oculis.Aeris

2069 3420 2210 3476 enim
2230 3418 2444 3473 tristitia
2460 3418 2664 3487 pervisa
2684 3415 2918 3469 ostendit
2931 3423 3124 3482 quanta
3142 3412 3441 3466 immutatio
3451 3411 3624 3466 eidem

2069 3514 2167 3584 ipsi
2197 3511 2382 3566 lumini
2410 3513 2476 3563 ab
2503 3506 2796 3575 interjeetis
2827 3505 3057 3559 nubibus
3079 3503 3380 3572 perficitur,
3407 3515 3465 3556 ut
3488 3503 3627 3569 apud

2069 3620 2187 3660 nos.
2215 3602 2271 3657 Si
2304 3612 2486 3656 autem
2523 3608 2788 3670 praecepto
2820 3597 2914 3653 Dei
2947 3596 3219 3651 evacuatis
3249 3595 3402 3663 aquis
3434 3594 3627 3663 fugatas

2069 3697 2267 3751 fuerint
2288 3696 2477 3759 nubes,
2493 3703 2547 3748 et
2569 3703 2758 3747 natura
2778 3688 2893 3759 ejus
2914 3697 3015 3753 est,
3035 3688 3223 3742 iterum
3244 3686 3395 3741 nobis
3412 3686 3629 3740 advenit

2070 3788 2272 3852 lumen,
2299 3801 2405 3840 non
2428 3785 2569 3839 aliud
2600 3785 2796 3854 quippe
2817 3781 3035 3844 factum,
3055 3783 3147 3834 sed
3167 3777 3449 3833 liberatum
3482 3791 3510 3829 a
3529 3791 3628 3829 nu-

2067 3880 2213 3934 bium
2233 3877 2577 3947 permistioue
2592 3918 2607 3940 ,
2628 3875 2784 3928 istam
2803 3889 2961 3944 quam
2980 3871 3170 3927 videtis
3190 3867 3624 3925 constitutionem

2068 3970 2410 4038 przebentem.
2454 3966 2594 4037 Ergo
2627 3975 2678 4020 et
2705 3964 2755 4018 in
2800 3964 2955 4029 mari,
2986 3973 3039 4018 et
3072 3964 3124 4017 in
3152 3962 3306 4031 aquis
3328 3970 3446 4014 erat
3483 3959 3628 4013 aliud

2067 4060 2283 4125 lumen;
2332 4072 2437 4113 non
2470 4057 2696 4112 alterum
2728 4057 2925 4126 quippe
2953 4064 3166 4119 natura,
3202 4053 3295 4108 sed
3329 4054 3428 4106 sub
3459 4052 3626 4105 intro-

2068 4152 2316 4206 ductione
2348 4151 2572 4204 aliorum
2607 4149 2980 4219 caliginosum.
3034 4147 3109 4201 lla
3137 4154 3190 4200 et
3237 4143 3376 4215 apud
3422 4157 3518 4198 nos
3560 4156 3628 4197 ex

2068 4254 2334 4299 conventu
2365 4241 2583 4295 nubium
2614 4249 2671 4294 et
2711 4254 2969 4308 aquarum
3000 4239 3100 4293 hoc
3129 4237 3327 4292 factum
3354 4246 3457 4299 est,
3487 4234 3629 4305 quod

2066 4335 2259 4389 videtis
2297 4349 2393 4403 per
2434 4333 2623 4390 nubes.
2677 4330 2977 4387 Secundum
3019 4332 3176 4385 istum
3223 4330 3385 4399 igitur
3424 4342 3629 4383 sermo—

1994 4459 2037 4513 υ
2070 4438 2212 4487 nem,
2246 4432 2299 4478 et
2358 4438 2454 4495 per
2500 4438 2677 4478 aerem
2710 4432 2997 4493 penetrans
3031 4423 3206 4476 lumen
3251 4437 3354 4475 non
3396 4431 3479 4475 est
3527 4420 3631 4475 tale

2067 4515 2224 4585 quale
2255 4531 2285 4570 a
2321 4516 2431 4570 sole
2477 4515 2760 4570 emittitur.
2809 4515 2866 4570 Si
2907 4515 3049 4570 enim
3102 4513 3335 4568 maxime
3380 4528 3444 4566 eo
3486 4511 3628 4582 quod

2071 4609 2383 4678 perspicuus
2412 4624 2505 4663 aer
2533 4609 2778 4674 habetur,
2811 4608 2939 4663 latet
2962 4607 3238 4677 permistio
3267 4628 3278 4662 :
3307 4607 3400 4661 sed
3430 4607 3474 4659 si
3507 4604 3629 4675 quis

2070 4699 2299 4753 voluerit
2328 4700 2560 4771 cegitatu
2591 4700 2821 4766 evolare,
2861 4710 2915 4755 et
2946 4700 3090 4753 velut
3128 4699 3180 4752 in
3224 4698 3379 4768 aquis
3410 4697 3628 4751 nubium

2071 4805 2129 4845 se
2161 4804 2404 4858 mergere
2424 4830 2439 4856 ,
2479 4801 2533 4847 et
2564 4793 2729 4847 nubes
2768 4791 3027 4854 transire,
3056 4802 3110 4845 et
3142 4791 3282 4845 aeris
3328 4787 3630 4859 permistio-

2071 4896 2190 4935 nem
2237 4883 2633 4950 transcendere,
2688 4882 2984 4952 pervidebit
3038 4881 3381 4952 purissimum
3430 4880 3627 4935 lumen.

2071 4974 2223 5028 Sicut
2249 4973 2391 5027 enim
2432 4974 2535 5030 hoc
2563 4976 2704 5045 quod
2731 4974 2867 5045 apud
2903 4989 3001 5029 nos
3032 4983 3113 5028 est
3143 4973 3341 5037 lumen,
3398 4972 3628 5039 regioni-

2070 5065 2169 5119 bus
2191 5073 2244 5119 ct
2265 5064 2452 5134 spatiis
2479 5073 2534 5120 et
2573 5064 2954 5120 offensionibus
2988 5078 3198 5133 semper
3223 5063 3478 5117 minuitur
3504 5077 3520 5116 :
3555 5062 3628 5117 ita

2071 5156 2304 5222 rediens,
2336 5168 2390 5212 et
2434 5157 2501 5213 ab
2547 5158 2701 5228 aquis
2748 5156 2925 5211 lumen
2958 5156 3288 5226 abstergens,
3320 5164 3372 5209 et
3405 5170 3434 5208 a
3478 5154 3632 5209 nubi-

2070 5248 2167 5303 bus
2202 5258 2253 5304 te
2307 5265 2589 5320 separans,
2624 5260 2678 5303 et
2735 5265 2763 5302 a
2811 5249 3159 5318 permistioue
3205 5248 3344 5302 aeris
3377 5248 3630 5315 liberans,

2074 5345 2459 5396 transeendens
2513 5349 2690 5394 autem
2749 5351 2803 5394 et
2856 5340 3009 5395 iSIius
3058 5340 3270 5395 luminis
3322 5340 3629 5410 puritatem,

2072 5431 2329 5504 relinquis
2378 5442 2432 5489 et
2482 5432 2650 5501 ipsqu
2701 5433 2868 5490 solum
2921 5434 3144 5491 inferius
3175 5432 3307 5506 (56).
3343 5432 3632 5491 Transiens
