4050 6206
427 282 558 341 1151

424 400 621 468 quippe
652 406 703 449 et
750 392 948 449 cmlum
996 396 1262 463 superius,
1307 406 1560 448 occurres
1606 393 1790 447 lumini
1835 413 1846 447 :

426 484 501 543 illi
530 489 622 558 qui
653 498 681 542 a
708 490 821 543 so‘le
852 500 953 550 est,
986 497 1083 541 nec
1110 484 1184 541 illi
1221 487 1305 541 cui
1336 486 1608 541 successio
1641 502 1744 539 nox
1770 492 1872 547 est.
1920 498 2006 540 ne-

422 588 528 649 qoe
568 578 643 635 illi
672 581 761 650 qui
806 592 835 634 a
880 580 1180 649 parietibus
1204 577 1545 647 prohibetur,
1584 590 1683 634 nec
1710 578 1785 633 illi
1812 581 1895 634 cui
1925 574 2003 636 of-

424 666 649 726 fendunt
684 669 911 737 umbrie,
950 685 1122 740 neque
1152 668 1225 723 illi
1260 669 1350 739 qui
1377 670 1767 739 permiscentur
1797 670 1907 725 aeri
1952 681 2003 723 et

425 762 602 831 aquis,
636 760 750 817 sive
782 772 880 831 per
914 760 1083 816 nubes
1133 762 1247 815 sive
1302 776 1398 829 per
1452 776 1623 824 mare,
1674 762 1765 817 sed
1820 762 2003 815 lumini

400 858 580 922 .puro.
632 850 699 905 Et
726 864 794 906 ne
823 860 978 921 putes
1005 864 1089 905 me
1134 864 1279 906 nunc
1308 850 1527 920 angelos
1563 850 1743 907 dicere
1784 852 1961 907 lumen
1990 870 2003 905 ε

423 950 508 996 est
535 941 678 996 enim
704 950 757 996 et
783 958 945 1013 super
979 942 1081 997 hoc
1102 943 1304 998 clarum
1336 942 1515 997 lumen
1546 943 1767 997 clarius.
1813 942 1869 998 ln
1903 946 2006 999 isto

427 1034 591 1103 lg'tur
628 1033 832 1090 lumine
858 1039 1212 1105 sempiterno,
1245 1036 1297 1088 in
1351 1036 1452 1089 isto
1490 1035 1580 1105 qui
1629 1050 1734 1089 non
1781 1034 1833 1089 in
1884 1048 1999 1090 suc-

424 1128 761 1184 Cessionibus
802 1128 1051 1189 habetur.
1094 1127 1181 1195 qui
1209 1140 1314 1181 non
1344 1127 1633 1197 aliquando
1656 1127 1869 1196 quidem
1901 1138 2003 1192 est,

428 1219 718 1291 aliquando
753 1232 929 1277 autem
953 1236 1057 1277 non
1090 1230 1170 1275 eSt
1204 1238 1214 1275 ε
1247 1220 1298 1274 in
1340 1220 1444 1273 isto
1470 1221 1561 1290 qui
1585 1220 1723 1275 cmlo
1756 1220 2005 1290 superius

427 1320 531 1377 est,
583 1322 634 1368 et
676 1324 783 1368 nan
815 1330 842 1368 a
876 1314 1014 1369 etelo
1065 1313 1189 1367 isric
1220 1332 1232 1367 :
1267 1312 1351 1367 cui
1379 1312 1459 1366 sol
1506 1327 1610 1366 non
1650 1322 1734 1367 est
1773 1313 2003 1381 genitor,

430 1417 536 1459 nun
568 1404 689 1457 luna
719 1414 893 1459 mater
916 1446 929 1464 ,
962 1420 1065 1459 non
1097 1404 1291 1460 ccelum
1329 1419 1358 1457 a
1387 1403 1574 1467 stellis,
1612 1417 1717 1456 non
1758 1402 2007 1456 lucerna-

432 1508 548 1549 rum
580 1495 913 1565 splendores.
950 1495 1041 1551 sed
1074 1496 1250 1550 lumen
1290 1495 1437 1549 illud.
1466 1494 1543 1548 Tu
1578 1493 1718 1550 enim
1751 1493 1867 1547 sine
1895 1493 2006 1548 sole

432 1587 609 1640 lumen
645 1587 826 1641 videre
859 1602 961 1639 non
1015 1598 1189 1655 potes,
1249 1602 1347 1641 nec
1393 1598 1451 1639 ea
1498 1601 1615 1655 qua:
1661 1584 1797 1638 inl‘ra
1839 1584 2003 1638 solem

433 1679 720 1741 habentur.
753 1690 805 1735 et
834 1696 893 1733 ca
923 1696 1039 1749 qua:
1079 1691 1394 1750 qumruntur
1418 1688 1477 1733 ut
1510 1689 1793 1733 teneantur
1823 1695 2002 1732 manu.

432 1770 547 1829 Non
599 1791 783 1830 eorum
838 1778 925 1844 qui
979 1785 1228 1847 quat-runt
1266 1776 1395 1844 quid
1441 1784 1679 1843 guStenl,
1725 1782 1815 1826 aut
1842 1775 2008 1828 odore

433 1875 753 1928 assumant;
806 1883 908 1920 non
958 1882 1143 1920 eorum
1199 1867 1288 1933 qui
1342 1864 1563 1918 auribus
1591 1863 1904 1925 edocentur,
1953 1874 2009 1919 ει

432 1957 604 2012 oculis
628 1959 829 2022 vident,
870 1959 1006 2012 sicut
1038 1959 1088 2011 in
1124 1959 1297 2026 aquis.
1338 1954 1449 2012 lllic
1476 1958 1618 2012 enim
1644 1956 1747 2010 alia
1780 1970 2007 2010 conver-

430 2047 572 2100 Satio
599 2055 705 2108 est.
733 2060 786 2101 et
817 2047 917 2100 alia
947 2048 999 2100 in
1035 2058 1198 2109 terra,
1234 2056 1286 2101 et
1320 2047 1371 2100 in
1406 2061 1532 2101 aere
1565 2063 1670 2100 non
1706 2048 1914 2109 eadem,
1955 2055 2009 2098 et

433 2135 626 2189 Ctelum
680 2136 838 2188 aliam
886 2137 1048 2191 habet
1100 2137 1561 2190 constitutionem.
1622 2135 1695 2190 Ita
1757 2146 2009 2190 maneant

434 2227 535 2281 ista
566 2227 708 2293 istic,
742 2226 825 2282 illa
867 2238 1045 2283 autem
1081 2240 1200 2297 qua:
1245 2229 1368 2283 inde
1410 2238 1536 2283 sunt
1579 2228 1687 2283 sint
1732 2228 1858 2290 alia,
1902 2242 2006 2282 non

435 2319 625 2372 horum
678 2328 1027 2388 cengeneres.
1082 2318 1138 2374 Si
1188 2321 1330 2375 enim
1387 2320 1581 2374 clarior
1627 2320 1779 2374 stella
1839 2320 2010 2390 magis

432 2420 591 2482 Quam
622 2408 855 2467 lueerna:
901 2411 1079 2466 lumen
1114 2420 1215 2477 est,
1270 2427 1371 2465 non
1409 2420 1460 2467 te
1489 2412 1726 2474 seducat,
1770 2412 1893 2480 quia
1928 2410 2008 2464 lu-

434 2516 595 2555 cerna
621 2503 837 2570 quidem
868 2502 1173 2557 illuminare
1207 2504 1451 2568 videtur,
1483 2510 1537 2558 et
1569 2518 1901 2573 unaquzrqne
1930 2513 2010 2558 to-

436 2606 543 2649 tam
570 2595 783 2649 domum
824 2613 839 2649 :
883 2595 1049 2650 Stella:
1075 2604 1251 2649 autem
1282 2604 1441 2650 tantae
1475 2605 1685 2651 noctem
1725 2612 1828 2650 non
1854 2595 2006 2651 aul‘e-

436 2693 560 2738 runt
579 2698 759 2739 unam.
782 2682 838 2739 Si
857 2686 979 2754 quis
1005 2687 1145 2739 enim
1174 2686 1558 2741 volueritscire
1590 2686 2008 2741 lucernaeimbe-

433 2775 710 2832 cillitatem
731 2777 794 2830 ad
818 2778 1093 2832 stellarum
1116 2778 1338 2843 lumina,
1367 2778 1622 2833 abstrahe
1652 2779 1921 2833 lucernam
1942 2778 2009 2832 ab

433 2868 629 2925 oculo:
660 2886 763 2926 non
816 2882 1072 2941 quantum
1110 2871 1277 2925 distat
1307 2870 1501 2925 cmlum
1530 2880 1693 2935 terra,
1738 2870 1862 2940 quia
1903 2884 2006 2925 non

433 2972 518 3019 est
555 2963 657 3019 hoc
692 2964 781 3019 tibi
820 2965 1074 3031 possibile
1104 2982 1118 3028 ;
1155 2974 1334 3018 tamen
1363 2973 1622 3033 quantum
1659 2975 1809 3033 potes
1834 2962 2009 3017 lucero

436 3068 560 3109 nam
587 3050 654 3111 ab
683 3056 843 3111 oculo
866 3071 1076 3124 separa,
1110 3056 1401 3110 intueberis
1427 3057 1550 3125 quia
1582 3056 1768 3124 spatiis
1812 3056 2006 3109 minui-
2033 3088 2075 3151 α

436 3159 544 3212 tttr,
578 3157 632 3201 et
670 3148 1015 3218 caliginatur,
1062 3159 1113 3201 et
1167 3148 1432 3202 inﬁrmior
1464 3146 1709 3218 arguitur
1751 3146 2003 3202 lucerna-

436 3257 555 3298 rum
596 3244 796 3298 lumen.
854 3243 910 3297 Si
964 3256 1141 3297 autem
1188 3254 1333 3299 esset
1382 3245 1557 3312 aliqua
1592 3243 1921 3309 adinventio,
1952 3253 2010 3299 ut

434 3352 537 3391 non
569 3336 740 3389 solum
766 3337 924 3391 unius
950 3336 1181 3391 lucerna-
1207 3378 1220 3399 ,
1270 3338 1360 3391 sed
1390 3338 1630 3393 omnium
1663 3338 2007 3392 lucernarum

431 3427 724 3496 ﬂammam,
766 3436 819 3483 et
864 3430 1104 3483 omnium
1147 3447 1267 3501 quae
1316 3431 1713 3497 accenduntur;
1768 3431 1810 3484 si
1866 3438 2006 3484 esset

434 3522 680 3577 machina
713 3520 953 3588 quaedam
980 3564 995 3587 ,
1025 3534 1079 3575 ut
1117 3538 1330 3577 omnem
1370 3523 1524 3574 istam
1572 3520 1839 3575 ﬂammam
1887 3522 2008 3591 quis

434 3623 616 3685 posset
660 3613 934 3685 colligere,
987 3623 1039 3668 et
1084 3616 1137 3668 in
1171 3612 1309 3668 coelo
1348 3612 1695 3673 constituere,
1732 3610 1823 3664 ubi
1854 3609 2007 3664 stella

435 3708 755 3775 parvissima
800 3719 884 3761 est
938 3708 1133 3773 posita,
1184 3714 1280 3760 nec
1338 3718 1555 3774 prorsus
1590 3703 1767 3772 agnita
1820 3701 2007 3755 luisset

434 3800 670 3863 ﬂamma,
737 3800 824 3853 tibi
884 3799 1055 3866 posita
1116 3797 1425 3852 haberetur.
1489 3794 1598 3848 Cur
1652 3809 1779 3862 ergo
1817 3808 2005 3848 omnes

433 3892 603 3946 stellzc
629 3908 733 3945 non
759 3889 962 3960 pellunt
989 3886 1239 3944 noctem?
1270 3887 1394 3957 quia
1425 3886 1609 3941 multis
1633 3885 1822 3956 Spatiis
1850 3899 1877 3937 a
1912 3868 2006 3938 no:

433 3985 518 4037 bis
563 3985 795 4045 distant,
864 3992 1042 4037 tamen
1094 4000 1196 4036 non
1248 3977 1547 4050 quamlibet:
1600 3977 2003 4048 permistioncm

434 4076 651 4130 luminis
680 4077 731 4130 in
767 4085 925 4130 nocte
984 4074 1378 4128 transmittunt.
1413 4062 1468 4126 Si
1520 4072 1640 4141 quis
1686 4079 1864 4123 autem
1909 4084 2003 4123 vo-

434 4168 589 4224 luerit
621 4170 834 4234 intueri,
866 4178 920 4224 et
947 4181 1260 4237 comparare
1285 4165 1515 4220 nubibus
1546 4174 1781 4225 noctem,
1820 4162 2004 4230 pervi-

432 4260 583 4318 debit
606 4263 729 4332 quia
756 4262 948 4321 nubes.
978 4261 1104 4315 licet
1138 4276 1240 4313 non
1269 4275 1366 4329 per
1385 4258 1584 4318 omnia.
1615 4267 1792 4312 tamen
1822 4256 2001 4327 splen—

430 4352 613 4407 dorem
647 4353 922 4407 stellarum
967 4352 1267 4420 prohibent.
1303 4353 1367 4405 Et
1396 4366 1517 4405 cum
1550 4350 1651 4404 hoc
1686 4350 1755 4402 ita
1784 4349 1850 4402 sit
1872 4390 1885 4412 ,
1917 4349 2000 4400 iu-

1109 270 1373 334 EUSEBH
1413 268 1895 333 CESABIENSIS
1936 278 2085 332 OPP.
2129 276 2307 331 PARS
2347 276 2431 330 IV.
2474 307 2542 318 -—
2578 268 3001 329 DOGMATICA.

1895 410 1996 445 non
2033 401 2072 454 Α
2106 394 2435 447 contendens
2473 392 2729 446 exhibere
2770 392 2835 445 de
2885 386 3237 443 inenarrabili
3268 386 3376 441 Deo
3422 383 3698 457 loquitur,

3558 270 3702 326 “52

2110 486 2285 537 lumen
2327 484 2574 538 habitans
2608 478 2976 536 iuaccessibile
2998 480 3074 545 ⁸⁸ς
3108 480 3484 535 inaccessibile
3511 481 3695 533 nomi-

2108 594 2265 638 nans,
2318 576 2373 630 id
2416 575 2548 631 dicit
2582 574 2727 641 quod
2758 572 2954 640 suscipi
2984 576 3087 624 non
3117 580 3315 641 potest.
3350 570 3554 624 Lumen
3591 570 3697 640 igi-

2108 676 2195 719 tur
2221 663 2427 736 angelis
2454 664 2580 719 illutl
2609 670 2716 726 est,
2741 661 2897 729 cujus
2926 674 3099 729 neque
3122 660 3314 729 gustus
3340 675 3514 728 neque
3543 677 3698 715 com-

2106 760 2318 829 paratio
2352 757 2492 827 apud
2525 772 2626 811 nos
2660 756 2952 809 invenitur.
2985 750 3152 824 Regio
3177 763 3356 809 autem
3381 754 3496 824 ejus
3520 770 3691 823 supra

2106 850 2325 908 dorsum
2376 859 2459 907 est
2500 851 2642 911 cteli,
2686 849 2963 919 possessio
3001 862 3130 902 vero
3178 857 3233 900 et
3276 847 3472 901 divitiae
3506 847 3637 917 ipsis
3670 865 3687 901 :

2108 963 2211 1001 non
2246 946 2388 1001 enim
2422 944 2562 1000 lecto
2595 954 2646 997 et
2681 943 2945 997 medicina
2994 951 3050 995 et
3093 956 3300 1006 mensa,
3343 951 3395 995 et
3447 958 3509 995 ea
3560 959 3691 1012 quae

2109 1039 2248 1107 apud
2282 1054 2383 1093 nos
2412 1053 2609 1105 magna
2644 1044 2901 1104 putantur
2926 1075 2938 1098 ,
2989 1034 3316 1103 sempiterna
3352 1032 3433 1086 illa
3471 1034 3690 1104 indiget

2106 1144 2156 1189 et
2196 1140 2380 1187 sancta
2423 1140 2612 1185 natura
2649 1149 2661 1183 :
2707 1128 2809 1182 illis
2845 1127 2987 1182 enim
3029 1144 3251 1181 somnus
3288 1143 3389 1180 non
3431 1138 3529 1192 est,
3563 1144 3682 1182 non

2108 1225 2286 1290 dolor,
2340 1238 2443 1277 non
2487 1220 2658 1277 labor.
2702 1220 2838 1286 Quid
2887 1216 3056 1289 ergo?
3099 1221 3233 1275 Num
3278 1221 3445 1274 otiosa
3488 1236 3676 1274 eorum

2108 1329 2302 1373 natura
2341 1316 2468 1371 est?
2515 1308 2722 1369 Habent
2757 1330 2890 1383 opus
2923 1313 3137 1382 dignum
3184 1328 3295 1365 suae
3327 1312 3629 1365 substantia:
3657 1334 3669 1365 :

2110 1412 2279 1466 Deum
2324 1409 2550 1463 laudant
2595 1424 2699 1461 non
2742 1406 2966 1460 vocibus
3011 1420 3184 1475 neque
3224 1404 3481 1460 clamore.
3534 1405 3675 1469 Quo-

2113 1505 2273 1559 modo
2307 1516 2437 1571 ergo
2478 1499 2605 1554 dicit
2637 1482 2916 1567 Scriptura
2958 1512 3132 1558 voces,
3172 1506 3243 1557 et,
3280 1497 3325 1551 si
3379 1496 3687 1565 permiserit

2112 1608 2341 1665 tempus,
2387 1595 2761 1663 contingemus
2791 1591 3091 1654 audientes,
3127 1601 3180 1644 ct
3216 1590 3315 1644 ista
3342 1587 3556 1643 interim
3586 1602 3688 1640 au-

2113 1701 2215 1744 tem
2246 1699 2439 1743 natura
2472 1696 2819 1758 agnoscatur.
2873 1683 2927 1739 Si
2961 1695 3137 1737 autem
3177 1692 3232 1736 et
3272 1682 3428 1736 aliter
3452 1696 3687 1749 appara-

2114 1783 2247 1837 verit
2281 1780 2560 1846 Scriptura
2597 1780 2803 1843 dicens,
2842 1778 3018 1845 agnita
3045 1785 3236 1828 natura
3274 1782 3600 1842 agnoscetur
3634 1783 3689 1828 et

2113 1872 2309 1940 quibus
2375 1871 2655 1940 Scriptura
2709 1868 3025 1937 alloquitur.
3086 1866 3331 1934 Denique
3383 1876 3437 1919 et
3500 1874 3690 1919 orator

2112 1958 2293 2026 parvis
2333 1968 2425 2011 aut
2468 1973 2573 2010 non
2619 1956 2875 2025 loquitur,
2913 1965 3008 2010 aut
3055 1955 3134 2009 sic
3179 1954 3417 2021 loquitur
3447 1963 3505 2007 ut
3532 1953 3684 2022 parvi

2114 2060 2339 2115 possunt
2369 2050 2595 2116 audire;
2648 2057 2701 2103 et
2754 2048 3037 2116 Scriptura
3071 2047 3250 2101 divina
3291 2045 3595 2100 hominibus
3626 2056 3685 2096 ut

2111 2140 2343 2195 humane
2388 2142 2655 2209 loquatur,
2697 2146 2791 2192 aut
2827 2139 3043 2192 silentio
3092 2138 3412 2193 honoret-tr.
3464 2136 3573 2191 Non
3615 2152 3680 2190 ex

2115 2233 2195 2287 liis
2222 2232 2384 2300 igitur
2414 2248 2479 2286 ex
2512 2230 2707 2299 quibus
2734 2229 3173 2285 condescendens
3202 2230 3480 2299 Scriptura
3516 2229 3685 2298 loqui-

2114 2334 2201 2379 tur
2233 2326 2405 2387 nobis,
2455 2324 2710 2379 debemus
2743 2322 2908 2377 verbo
2950 2323 3216 2378 deducere
3262 2332 3317 2376 et
3349 2332 3593 2382 naturas,
3630 2335 3685 2374 ct

2113 2419 2219 2471 vim
2278 2417 2458 2473 facere
2504 2416 2934 2486 nobismetipsis,
2977 2424 3032 2468 et
3081 2424 3143 2469 ut
3178 2414 3347 2484 pisces
3390 2412 3605 2467 exsilire
3648 2430 3680 2465 e

2113 2509 2266 2562 mari.
2300 2507 2469 2562 Erunt
2505 2508 2646 2561 enim
2681 2508 2835 2562 nobis
2865 2506 3211 2575 jactationes.
3241 2521 3341 2561 non
3380 2506 3445 2559 ad
3488 2504 3673 2575 perdi-

2115 2604 2312 2654 tionem
2367 2610 2426 2653 ut
2478 2600 2711 2670 piscibus
2747 2617 2761 2653 :
2806 2600 2900 2653 sed
2946 2599 3213 2667 quomodo
3243 2613 3300 2651 ea
3333 2597 3529 2659 dicam,
3573 2610 3678 2665 ego

2109 2695 2325 2763 quidem
2367 2709 2471 2747 non
2502 2706 2743 2762 possum.
2790 2692 2956 2746 Decet
2988 2702 3164 2745 autem
3194 2700 3488 2759 Opportune
3520 2702 3678 2756 repe-

2112 2795 2226 2839 tere
2273 2802 2377 2838 non
2422 2784 2630 2838 Domini
2677 2799 2885 2849 vocem,
2914 2783 3004 2853 qui
3044 2784 3345 2852 piscatores
3374 2799 3403 2833 a
3448 2781 3585 2841 mari
3629 2792 3688 2835 et

2109 2877 2316 2949 stagnis
2344 2888 2395 2929 et
2425 2875 2598 2929 ﬂuviis
2627 2876 2968 2941 abstraliens,
3001 2877 3075 2929 ait
3113 2894 3127 2930 :
3171 2876 3215 2907 ⁸³
3252 2873 3449 2938 Venite,
3490 2872 3684 2942 faciam

2109 2988 2198 3026 vos
2232 2972 2517 3038 piscatores
2552 2971 2843 3026 hominum.
2884 2970 3046 3024 Decet
3084 2970 3249 3033 enim,
3283 2969 3477 3037 inquit,
3513 2967 3684 3020 homi-

2111 3080 2206 3119 nes
2237 3063 2541 3132 piscantini.
2573 3061 2637 3115 Et
2674 3079 2780 3116 non
2818 3063 3002 3127 tacuit,
3034 3076 3099 3114 ne
3126 3059 3358 3127 suspicio
3390 3059 3545 3112 ﬂeret
3572 3074 3686 3126 per-

2111 3157 2350 3217 ditionis,
2382 3156 2475 3211 scd
2500 3155 2769 3218 homines,
2793 3155 2986 3223 inquit,
3024 3153 3301 3223 piscamini
3337 3152 3401 3206 ad
3433 3151 3681 3205 salutem.

2111 3248 2396 3315 Erigamus
2442 3248 2605 3318 igitur
2652 3247 3030 3316 nosmetipsos,
3061 3246 3373 3299 exsiliamus
3401 3260 3432 3298 e
3465 3243 3594 3297 mari
3626 3251 3681 3295 et

2111 3354 2139 3391 a
2182 3348 2323 3393 terra
2360 3341 2410 3392 in
2442 3356 2544 3408 qua
2580 3349 2806 3401 stamus,
2839 3348 2892 3393 et
2936 3338 3201 3390 incidatur
3230 3352 3262 3389 a
3293 3336 3451 3390 nobis
3478 3351 3590 3398 aer,
3628 3346 3685 3389 et

2111 3431 2390 3483 scindatnr
2420 3431 2572 3483 nobis
2600 3442 2651 3482 et
2677 3429 2895 3483 uelum.
2925 3429 3197 3500 Cogitatus
3225 3428 3370 3482 enim
3410 3442 3514 3481 non
3547 3426 3679 3481 deti-

2110 3529 2288 3584 netur,
2346 3531 2398 3573 et
2452 3522 2642 3591 pennis
2686 3520 2937 3575 desiderii
2979 3520 3116 3575 coelo
3164 3518 3415 3587 superius
3464 3518 3682 3572 acceda-

2110 3629 2250 3675 tnns,
2283 3627 2479 3681 corpus
2532 3612 2650 3666 istic
2687 3612 2753 3666 ad
2802 3626 3133 3682 congeneres
3182 3610 3575 3679 relinquentes,
3630 3618 3685 3662 et

2109 3707 2270 3775 pedes
2313 3704 2364 3757 in
2404 3714 2567 3767 terra,
2605 3705 2727 3773 quia
2755 3706 2819 3759 ad
2844 3705 3037 3760 uelum
3071 3719 3173 3757 non
3202 3712 3447 3767 currunt,
3478 3712 3531 3755 et
3567 3715 3684 3755 ma-

2110 3814 2209 3851 nus
2244 3798 2362 3852 istic
2393 3797 2483 3851 ubi
2521 3806 2741 3868 possunt
2777 3807 2830 3852 et
2879 3807 3119 3865 tangere,
3164 3806 3217 3849 et
3259 3809 3420 3846 aures
3459 3793 3550 3846 bic
3596 3808 3688 3844 au-

2108 3888 2257 3943 diant
2286 3905 2466 3955 voces,
2498 3900 2552 3943 et
2590 3890 2837 3943 odoratio
2887 3888 2973 3942 ubi
3017 3888 3179 3943 habet
3206 3886 3604 3949 necessitatem,
3629 3892 3685 3939 et

2107 3993 2297 4053 gustus
2326 3984 2463 4051 apud
2501 3999 2593 4038 eos
2631 3982 3061 4048 qui.pascuntur.
3092 3991 3145 4035 et
3174 3981 3310 4033 visio
3346 3996 3466 4033 cum
3504 3979 3685 4031 visibio

2108 4074 2249 4129 libus
2286 4085 2519 4128 maneat.
2567 4072 2843 4143 Cogitatus
2889 4083 3065 4126 antetn
3116 4082 3262 4126 veste
3311 4087 3371 4125 sc
3419 4070 3677 4136 spoliatis.

2106 4167 2349 4234 corporis
2378 4167 2531 4220 istius
2566 4166 2773 4235 pondus
2809 4166 3061 4233 deponat,
3092 4176 3143 4220 et
3178 4180 3303 4218 suas
3330 4178 3527 4230 pennas
3559 4175 3675 4211 mo-

2112 4267 2250 4320 veat,
2300 4266 2353 4309 et
2396 4271 2726 4324 quaecunque
2767 4256 3104 4310 deducuntur
3151 4257 3406 4318 abscidat,
3453 4264 3507 4307 et
3549 4268 3676 4322 quae.

2110 4356 2235 4400 sunt
2281 4349 2461 4418 gravia
2498 4356 2550 4401 et
2582 4348 2826 4402 detinere
2874 4356 3105 4414 tentant,
3142 4349 3400 4415 deponat;
3431 4354 3484 4400 et
3513 4344 3586 4399 sit
3614 4342 3670 4398 iu

430 4443 621 4514 spiciet
653 4443 777 4514 quid
814 4451 1111 4512 operantur
1141 4440 1341 4503 stellae,
1376 4450 1429 4494 et
1458 4448 1720 4507 quantum
1755 4437 2004 4507 splendo—
2037 4434 2080 4491 D
2108 4439 2357 4493 dorsibus
2385 4439 2528 4502 cmli,
2565 4449 2617 4493 et
2649 4440 2754 4493 illic
2799 4440 2978 4492 fartus
3016 4455 3136 4492 cum
3183 4438 3386 4507 angelis
3420 4447 3474 4492 et
3513 4454 3679 4507 ange-

430 4552 541 4592 rem
582 4535 799 4590 mittunt
829 4535 881 4589 in
917 4545 1075 4588 nocte
1105 4552 1117 4587 :
1148 4542 1201 4587 et
1235 4544 1411 4587 tamen
1450 4532 1621 4586 stella:
1655 4547 1843 4586 omnes
1875 4547 1994 4585 Clllll

430 4626 699 4681 universis
729 4624 962 4679 lucernis
988 4624 1191 4678 habent
1232 4623 1445 4691 quidem
1485 4620 1819 4685 aﬂinitatem,
1873 4622 1997 4690 quia

427 4717 692 4771 luminosa
718 4714 1168 4784 qualitercunqne
1197 4725 1421 4781 utraque
1450 4721 1595 4765 sunt.
1636 4709 1739 4764 Sed
1768 4727 1870 4765 non
1907 4726 1998 4765 so-

428 4809 537 4864 lum
577 4826 605 4863 a
646 4806 877 4863 lucernis
911 4806 1079 4861 stella:
1112 4805 1387 4869 differunt,
1423 4804 1515 4857 sed
1552 4814 1603 4857 et
1631 4802 1786 4856 stella
1832 4803 1999 4857 stellie

428 4892 605 4956 diﬂ‘ert
639 4900 690 4953 in
718 4898 962 4954 claritate
986 4898 1052 4953 ⁸⁷.
1106 4896 1285 4949 Stellis
1326 4906 1502 4949 autem
1553 4894 1709 4949 simul
1746 4896 1998 4949 omnibus

427 4993 697 5057 adunatis,
725 4990 980 5061 splendor
1008 4989 1145 5042 luna:
1184 4988 1497 5058 pra-fulget;
1538 4997 1592 5043 et
1633 4988 1787 5041 istam
1818 4988 1996 5042 lunam

428 5086 678 5140 ouinibns
711 5083 883 5138 stellis
912 5082 1193 5145 addentes,
1236 5082 1523 5134 vincuntur
1551 5095 1735 5135 eorum
1764 5080 1998 5149 fulgores

427 5194 455 5229 a
493 5178 659 5232 radiis
698 5176 845 5232 solis.
904 5175 1057 5230 Sicut
1089 5175 1229 5229 enim
1272 5174 1438 5228 stella:
1469 5173 1682 5242 quidem
1729 5173 1994 5234 lucernas,

428 5264 553 5321 luna
588 5279 766 5324 autem
800 5268 1004 5333 stellas,
1041 5278 1095 5323 ct
1137 5268 1213 5321 sol
1253 5267 1503 5320 universa
1539 5266 1653 5321 haec
1689 5266 1993 5330 luminaria,

426 5371 479 5415 ct
521 5361 687 5427 ipsius
729 5362 904 5416 noctis
941 5368 1161 5429 superat
1198 5360 1448 5413 tenebras
1483 5372 1498 5412 :
1536 5360 1606 5412 ita
1654 5367 1708 5413 et
1749 5357 1826 5412 sol
1871 5374 1991 5410 cum

426 5451 678 5505 omnibus
709 5469 829 5521 qua:
860 5453 1110 5522 praedicta
1138 5461 1265 5507 sunt
1287 5452 1521 5506 vincitur
1552 5468 1579 5505 a
1620 5450 1819 5504 lumine
1850 5450 1991 5519 quod

425 5542 564 5596 cmlo
609 5544 853 5613 superius
885 5545 1134 5601 habetur.
1165 5545 1247 5614 Et
1270 5544 1537 5614 quomodo
1567 5543 1752 5598 eadem
1798 5542 1993 5598 Paulus

495 5723 541 5757 "
577 5721 744 5780 lCor.
770 5722 964 5787 xm“.
1042 5728 1085 5758 ες
1118 5724 1296 5783 lTitn.
1330 5742 1401 5791 η,
1438 5727 1522 5782 16.

1601 5726 1644 5759 ³⁸
1684 5724 1872 5780 Matth.
1908 5740 1980 5793 tv,
2008 5723 2092 5781 l9.

2106 4532 2277 4586 lorum
2312 4532 2491 4586 decies
2532 4532 2796 4593 millibus,
2844 4541 2897 4585 et
2950 4532 3399 4599 archangelorum
3444 4530 3679 4583 millibus

2105 4624 2156 4678 in
2193 4626 2292 4678 alia
2327 4625 2434 4677 vita
2468 4634 2523 4676 et
2572 4624 2956 4679 constitutione
2997 4634 3048 4678 et
3081 4624 3490 4679 conversatione
3534 4623 3679 4691 posi-

2108 4729 2215 4779 tus,
2259 4715 2608 4769 obliviscatur
2643 4716 2820 4768 omnia
2866 4732 2986 4783 qua:
3014 4716 3239 4777 dimisit,
3284 4730 3382 4768 nec
3412 4713 3680 4768 alienetur

2104 4808 2231 4860 illic.
2278 4804 2392 4859 Non
2426 4806 2747 4859 alienabitnr
2788 4816 2968 4860 autem
3014 4810 3055 4860 si
3098 4808 3185 4859 hic
3216 4815 3411 4876 putans
3448 4821 3503 4858 se
3534 4819 3675 4869 esse,

2104 4898 2334 4951 voluerit
2368 4899 2560 4965 szepins
2593 4914 2778 4951 eorum
2826 4914 2942 4967 qum
2980 4900 3065 4951 hic
3109 4909 3232 4951 sunt
3283 4897 3674 4970 ignobilitatem

2103 4993 2304 5056 videre,
2334 5003 2387 5043 et
2427 4992 2739 5055 motionem,
2772 5002 2825 5045 et
2876 4992 3305 5056 instabilitatem,
3336 5002 3390 5046 et
3418 4990 3676 5045 deﬂuxio-

2102 5098 2245 5144 item,
2284 5098 2337 5136 et
2376 5083 2728 5137 deiectionem
2758 5124 2772 5146 ,
2818 5093 2872 5137 et
2915 5085 3324 5137 diminutionem
3356 5102 3370 5137 :
3407 5085 3530 5150 quia
3576 5084 3677 5138 ob:

2101 5177 2408 5231 souraliitur
2452 5184 2505 5229 et
2555 5192 2658 5229 non
2707 5176 2909 5239 stabit;
2951 5178 3074 5244 quia
3107 5188 3157 5231 et
3199 5176 3417 5245 quando
3462 5176 3678 5228 videtur

2104 5282 2443 5336 promovere,
2493 5282 2585 5336 per
2632 5268 2827 5321 inultos
2876 5285 3036 5323 casus
3066 5270 3214 5322 venit
3253 5270 3318 5322 ad
3371 5269 3678 5322 incremenc

2103 5368 2237 5412 tum.
2279 5359 2411 5413 Cum
2448 5360 2559 5413 hate
2594 5362 2773 5413 omnia
2816 5363 3222 5431 contempserit,
3253 5361 3338 5414 illa
3370 5372 3548 5415 autem
3579 5365 3673 5415 de-

2110 5450 2473 5515 sideraverit;
2510 5461 2563 5505 et
2593 5451 2715 5505 hinc
2746 5450 2857 5520 jam
2901 5454 3002 5505 ista
3023 5454 3239 5522 quidem
3266 5452 3546 5523 despiciet,
3582 5452 3671 5505 illa

2105 5554 2279 5599 autem
2312 5543 2694 5610 considerabit,
2745 5556 2798 5599 et
2840 5545 3053 5601 evolans
3097 5546 3417 5615 pcrvitlebit.
3474 5540 3671 5598 Factus
