4050 6206
381 261 522 318 “53

1156 257 1246 314 DE
1282 257 1372 315 ΕΟ
1409 257 1598 325 QUOD
1635 259 1816 317 DEI-IS
1852 261 2083 318 PATER
2123 259 2632 318 INCORPORAUS
2672 261 2818 318 EST.

3481 268 3622 327 H5.

382 383 550 450 igitur
584 395 707 435 cum
749 381 832 436 his
871 377 938 433 ad
965 391 1031 432 ea
1072 385 1191 446 quas
1223 378 1515 444 desiderat,
1560 381 1698 435 sciet
1733 397 1850 448 quae
1879 393 1961 436 est
1988 388 2033 445 Α
2062 381 2187 452 quia
2242 381 2672 436 transcendimus
2705 390 2956 436 naturam
2987 399 3003 434 :
3047 381 3312 450 spiritalis
3337 383 3501 454 igitur
3527 391 3628 456 qui,

381 475 621 545 dignitas
641 475 920 543 cogitatus.
944 469 1079 524 Cum
1110 471 1320 542 angelis
1355 473 1602 529 homines
1633 475 1774 529 ctelo
1802 491 1956 545 snpe-

383 567 499 620 rius
527 567 827 636 terrenique
856 565 1104 618 machina
1147 564 1270 632 quis
1297 565 1399 620 erit
1429 566 1556 630 dux,
1585 567 1706 634 quis
1740 581 1952 624 sursum

385 659 639 719 adducet,
675 655 764 708 sed
800 667 907 706 non
938 653 1199 708 concedet
1229 661 1443 708 natura.
1495 653 1782 709 Descendit
1815 653 1955 709 Deus

387 748 479 802 Dei
505 748 664 801 Filius
688 746 829 810 inde,
864 755 920 800 et
941 744 1300 809 descendens,
1338 745 1464 816 quia
1493 746 1807 801 incredibile
1835 756 1954 800 erat

387 841 623 894 homines
657 837 764 891 illic
797 837 1116 900 ascendere,
1157 837 1449 905 assumpsit
1483 839 1586 892 hoc
1618 839 1950 902 incredibile,

388 930 487 984 hoc
519 939 600 982 est
627 939 870 984 nostrum
894 943 1110 996 corpus,
1141 942 1172 981 e
1214 942 1426 981 summo
1470 928 1800 982 descendens
1845 944 1950 983 nou

388 1022 450 1075 ad
477 1018 847 1075 confusionem
873 1059 889 1085 ,
923 1020 1017 1074 sed
1049 1019 1116 1072 ad
1163 1018 1396 1074 salutem
1434 1023 1552 1090 ejus
1584 1019 1673 1088 qui
1703 1035 1950 1074 assume-

383 1113 556 1166 batur.
594 1108 654 1166 Si
683 1111 849 1181 igitur
880 1111 1020 1165 Deus
1047 1125 1149 1164 non
1177 1110 1495 1180 assumpsit,
1525 1109 1615 1178 qui
1641 1125 1745 1164 non
1774 1113 1952 1166 credis

382 1203 424 1254 si
454 1202 651 1257 cmlum
684 1202 929 1255 concedit
958 1202 1064 1262 his.
1092 1202 1233 1269 quod
1281 1201 1500 1256 adducit
1538 1216 1754 1256 sursum
1783 1202 1828 1256 is
1857 1204 1948 1271 qui

380 1295 446 1349 de
480 1294 618 1347 coelo
641 1294 950 1356 descendit,
975 1293 1068 1346 sed
1097 1293 1327 1346 nondum
1354 1307 1414 1346 ea
1446 1307 1562 1360 quae
1591 1291 1766 1346 futura
1799 1303 1948 1358 sunt,

381 1385 472 1436 sed
507 1385 726 1438 interim
761 1398 822 1439 ea
866 1399 987 1454 quze
1036 1394 1212 1452 potest
1246 1385 1538 1454 cogitatus,
1570 1384 1835 1453 siquidem
1865 1394 1952 1438 est

382 1488 436 1531 et
464 1477 766 1540 admiratio,
813 1479 938 1545 quia
972 1479 1024 1530 in
1055 1491 1283 1546 corpore
1326 1478 1671 1539 constitutus,
1719 1489 1774 1531 et
1805 1479 1946 1533 circa

386 1581 580 1632 corpus
606 1575 781 1633 potest
820 1569 1091 1634 deponere
1122 1579 1135 1618 :
1167 1581 1270 1619 non
1306 1575 1365 1620 ut
1395 1583 1498 1620 non
1541 1568 1826 1632 moriatur,
1855 1570 1949 1623 sed

373 1664 444 1706 ‘ut
487 1669 603 1707 eam
643 1670 763 1722 quae
812 1670 937 1710 vere
985 1656 1089 1708 vita
1133 1667 1214 1709 est
1255 1656 1419 1709 vivat.
1476 1656 1634 1717 Forte
1677 1668 1858 1711 autem
1896 1670 1949 1712 et

2059 471 2284 534 dicitur,
2314 473 2541 538 angelus
2590 469 2928 539 appelletur;
2969 485 3075 531 non
3111 471 3235 540 quia
3269 472 3341 526 ita
3381 473 3497 541 ejus
3523 492 3627 529 na.

2059 573 2178 617 tura
2209 573 2312 624 est,
2341 562 2435 615 sed
2469 561 2642 630 magis
2674 577 2779 615 non
2810 559 3104 616 elﬁciamur
3136 577 3284 620 caro.
3330 563 3440 620 Nec
3468 567 3624 630 valde

2053 651 2389 708 confidamus
2419 651 2615 704 animae
2643 667 2655 704 :
2691 649 2879 704 oculus
2918 650 3063 704 enim
3097 650 3214 706 sine
3241 650 3446 708 lumine
3477 662 3630 714 tenes

2053 743 2248 798 brosus
2276 749 2382 804 est,
2411 750 2463 794 et
2497 741 2767 809 cogitatus
2795 742 2913 794 sine
2938 738 3224 796 cliicientia
3255 756 3484 811 superna
3511 742 3626 802 vnit

2052 834 2256 898 videre,
2279 834 2421 891 sicut
2450 833 2639 894 oculus
2675 833 2729 888 in
2778 844 2958 898 nocte,
2999 841 3054 892 et
3089 832 3380 896 desiderat,
3421 844 3476 889 et
3519 833 3623 888 illi:

2052 928 2225 992 citur;
2264 925 2478 980 laborat
2521 934 2720 987 autem,
2766 923 2890 991 quia
2927 939 3032 978 non
3066 923 3207 980 valet
3238 939 3253 978 :
3287 939 3406 984 cum
3437 933 3623 990 autem

2053 1017 2332 1072 advenerit
2377 1015 2580 1080 lumen,
2621 1015 2849 1070 elﬁcitur
2899 1014 3104 1070 oculus.
3159 1014 3234 1068 Ita
3270 1023 3322 1070 et
3353 1015 3627 1084 cogitatus

2049 1108 2167 1165 sine
2210 1108 2524 1178 operatione
2558 1106 2795 1176 Spiritus
2839 1105 3013 1160 sancti
3070 1104 3280 1175 palpat,
3331 1106 3622 1174 contingit,

2052 1207 2353 1266 promovet,
2385 1197 2607 1262 crescit,
2643 1204 2791 1264 putat
2820 1197 2944 1264 quia
2987 1196 3090 1250 iste
3129 1195 3263 1265 lapis
3303 1195 3440 1251 forte
3480 1197 3622 1258 Deus

2048 1297 2151 1352 est,
2185 1289 2326 1345 istud
2368 1304 2559 1354 aurum
2606 1287 2745 1344 forte
2775 1287 2936 1349 Deus,
2977 1295 3030 1341 et
3064 1287 3164 1342 hoc
3207 1285 3425 1356 lignum.
3481 1287 3622 1352 Dicit

2048 1381 2191 1436 enim
2223 1381 2362 1450 apud
2388 1395 2483 1438 se:
2513 1379 2679 1434 Putas
2720 1393 2868 1431 mare
2893 1376 3035 1432 Deus
3078 1386 3160 1436 est
3185 1376 3206 1430 ἲ
3236 1388 3394 1445 potas
3430 1384 3570 1430 terra
3597 1376 3621 1434 Ῑ

2048 1485 2203 1541 putas
2226 1489 2318 1526 aer
2343 1473 2365 1526 ?
2393 1472 2546 1536 Unde
2575 1479 2628 1526 et
2657 1482 2924 1526 creatura:
2961 1468 3351 1524 transtulerunt
3381 1469 3620 1536 nomina,

2049 1574 2106 1620 ut
2140 1581 2240 1619 non
2291 1565 2377 1618 his
2409 1579 2529 1634 quae
2573 1564 2626 1617 in
2677 1566 3066 1617 consuetudine
3104 1572 3233 1624 sunt
3273 1561 3620 1632 appellantes,

2050 1655 2142 1708 sed
2194 1670 2254 1708 ea
2301 1669 2420 1719 qua:
2466 1653 2719 1708 colebant
2767 1653 3131 1717 nominantes,
3171 1652 3621 1706 convincerentur

386 1745 599 1812 quidam
637 1747 914 1801 audientes
941 1763 1079 1801 nunc
1107 1748 1236 1801 istos
1265 1763 1564 1812 sermones,
1590 1763 1712 1802 cum
1740 1764 1944 1803 sermo-
1982 1739 2020 1791 Β
2047 1748 2168 1814 quia
2193 1747 2298 1800 vim
2333 1746 2605 1802 faciebant
2629 1745 2883 1816 opiﬁciis.
2934 1746 3034 1812 Qui
3063 1755 3241 1802 autem
3275 1746 3428 1800 valde
3459 1757 3619 1816 puta-

388 1835 543 1889 nihus
595 1837 808 1890 accensi
848 1836 971 1890 illud
1007 1838 1221 1906 quidem
1273 1838 1411 1906 quod
1464 1849 1619 1893 erant
1686 1840 1947 1907 deposue-

388 1937 528 1991 runt,
557 1927 697 1992 quod
733 1939 910 1981 autem
943 1943 1047 1982 non
1083 1939 1237 1984 erant
1267 1929 1443 1984 ell'eCti
1467 1938 1766 1983 noscuntur
1793 1945 1806 1982 :
1835 1931 1946 1984 sic-

387 2025 445 2070 ut
495 2014 696 2070 ferrum
729 2017 995 2087 quoddam
1023 2018 1073 2072 iu
1104 2019 1223 2088 igne
1257 2018 1511 2085 furatum,
1546 2029 1703 2089 negat
1729 2020 1946 2087 quidem

383 2109 613 2176 nigrum,
643 2119 801 2178 negat
825 2109 1004 2163 album
1035 2111 1290 2172 colorem,
1313 2123 1364 2164 et
1395 2121 1534 2165 totus
1560 2111 1786 2166 eﬂicitur
1811 2113 1947 2180 ignis

381 2212 434 2254 et
461 2202 638 2255 calore
668 2209 721 2255 et
747 2203 1026 2268 incendio;
1075 2202 1148 2256 ita
1184 2202 1318 2256 forte
1349 2205 1564 2271 quidam
1604 2202 1714 2275 (57)
1744 2217 1946 2259 sertuo—

383 2293 536 2348 nibus
575 2294 690 2346 istis
715 2295 946 2362 accensi,
976 2310 1169 2365 corpns
1211 2297 1428 2366 quidem
1461 2307 1515 2348 et
1543 2296 1786 2361 corporis
1819 2311 1944 2365 gra-

383 2385 642 2451 vedinem,
688 2397 742 2440 et
786 2388 936 2452 vitia,
967 2397 1022 2441 et
1058 2389 1428 2456 promotioues
1467 2386 1772 2440 incidentes
1823 2403 1946 2456 proa

373 2476 638 2540 iecerunt,
680 2475 777 2544 ipsi
815 2485 996 2530 autem
1022 2479 1362 2531 sermonibus
1405 2476 1522 2528 istis
1547 2475 1823 2532 evolantes
1850 2478 1942 2532 de-

379 2581 587 2620 sursum
620 2581 717 2621 nos
747 2568 1076 2636 respiciunt;
1114 2568 1157 2620 si
1187 2579 1364 2620 tamen
1395 2566 1502 2621 illic
1532 2566 1706 2622 cﬂ‘ecti
1735 2569 1946 2638 patiunt—

383 2667 468 2710 tur
506 2657 778 2726 respicere
812 2658 957 2724 istic,
993 2669 1048 2711 et
1085 2674 1190 2711 non
1229 2659 1322 2712 toti
1358 2658 1467 2712 illic
1511 2659 1786 2713 constituti
1826 2674 1945 2729 pat-

384 2749 621 2802 nitcntur
660 2749 783 2815 quia
822 2748 896 2802 ita
925 2751 1077 2802 tarde
1109 2759 1163 2804 et
1198 2765 1301 2804 non
1330 2758 1454 2804 ante
1483 2750 1604 2805 hoc.
1651 2751 1814 2807 Forte
1845 2767 1944 2806 au-

384 2849 490 2893 tem
521 2854 620 2894 nec
644 2841 890 2910 pmnitcri
923 2842 1027 2896 illis
1057 2841 1167 2908 jam
1197 2852 1370 2907 vacat,
1404 2843 1496 2910 qui
1533 2844 1602 2897 ita
1648 2843 1784 2896 laetis
1826 2858 1946 2912 quin

303 2991 314 3012 ι
384 2932 492 2987 illic
519 2942 644 2986 sunt
673 2933 830 2988 factis
852 2944 1170 2998 noscuntur,
1199 2949 1304 2989 non
1333 2936 1411 2989 eis
1434 2944 1518 2990 est
1549 2937 1716 2990 otium
1750 2936 1801 2989 in
1835 2949 1947 2989 tne-.-

383 3025 612 3080 moriam
659 3026 902 3096 redigere
955 3041 1039 3090 ea,
1089 3042 1121 3080 a
1175 3027 1366 3096 quibus
1406 3027 1616 3082 liberati
1671 3028 1943 3082 videntur.

383 3117 684 3172 Istiusmodi
723 3120 865 3174 enim
922 3119 1165 3174 homines
1211 3119 1319 3176 illic
1355 3136 1458 3174 non
1519 3127 1645 3175 sunt
1679 3119 1944 3176 homines.

385 3208 490 3265 Sed
519 3212 658 3265 sicut
690 3211 902 3266 domum
952 3213 1163 3280 plenam
1216 3212 1566 3283 thymiamate
1605 3212 1852 3282 ingressi,
1894 3225 1948 3266 et

375 3302 485 3370 jam
533 3304 800 3358 sensimus
825 3304 965 3372 quod
1001 3318 1208 3367 smnus,
1243 3303 1598 3358 nihilominus
1651 3315 1831 3357 tamen
1863 3318 1946 3357 rec

380 3395 643 3460 dolemus,
696 3406 756 3449 ut
813 3396 1102 3466 thymiama
1141 3395 1270 3449 facti
1306 3413 1318 3449 :
1355 3397 1425 3450 ita
1466 3405 1520 3451 et
1561 3394 1654 3464 qui
1685 3395 1794 3449 illic
1834 3395 1946 3464 jam

365 3487 502 3578 tfacti
543 3495 668 3540 sunt
716 3489 958 3551 accensi,
1005 3489 1172 3541 veluti
1225 3505 1254 3541 a
1309 3498 1499 3542 natura
1531 3489 1772 3557 egressi:
1802 3489 1946 3558 quod

382 3588 557 3631 autem
591 3579 824 3648 sapiunt,
853 3577 1027 3632 eﬂ'ecti
1058 3588 1184 3633 sunt
1209 3578 1318 3632 lllic
1345 3578 1542 3649 angeli.
1568 3577 1774 3644 Quibus
1803 3579 1944 3631 enim

382 3669 684 3722 intellectus
710 3687 773 3723 ex
809 3670 1119 3722 intitatione
1157 3682 1340 3737 aequus
1367 3669 1570 3737 angelis
1601 3669 1831 3722 habetur
1855 3676 1947 3720 aut

365 3737 588 3824 'sintilis,
634 3760 748 3814 istis
783 3776 888 3814 non
941 3760 1193 3829 prohibet
1234 3771 1426 3812 natura
1461 3761 1944 3814 conversationem.

365 3833 495 3920 :Qua
523 3855 664 3908 enim
694 3852 758 3906 de
783 3868 946 3908 causa
975 3854 1221 3906 carnales
1255 3867 1350 3905 nos
1398 3862 1553 3905 vocat
1583 3852 1800 3915 Paulus,
1840 3867 1944 3907 non

379 3943 639 3997 seducens
667 3954 880 3998 ItOSlraS
923 3944 1156 4008 animas,
1192 3943 1363 4012 magis
1399 3954 1578 3996 autem
1620 3943 1942 3998 subducens.

379 4033 508 4100 Quis
533 4037 674 4088 enim
713 4047 954 4089 mortuus
999 4034 1219 4089 effectus
1259 4036 1560 4089 fornicatur
1599 4045 1694 4088 aut
1739 4034 1945 4088 adulte-

380 4125 503 4178 rat?
550 4124 685 4179 Dicit
737 4130 877 4180 enim
936 4127 1050 4195 ipse
1074 4125 1384 4194 Apostolus,
1431 4125 1783 4178 manifestans
1830 4124 1943 4196 (58)

377 4225 538 4278 opera
580 4211 760 4266 carnis
809 4227 926 4281 quae
977 4222 1104 4266 sunt
1149 4213 1516 4276 adulterium,
1572 4212 1854 4269 fornicatio
1875 4215 1940 4269 '°.

376 4300 569 4357 Carnis
604 4318 766 4373 opera
801 4304 903 4358 ista
940 4316 1105 4358 sunt:
1145 4305 1269 4373 quis
1305 4304 1450 4358 enim
1481 4313 1724 4360 mortuus
1754 4305 1837 4360 his
1859 4305 1942 4360 in-

2050 1848 2238 1892 verunt
2291 1853 2350 1893 se
2395 1838 2708 1903 ascendere,
2761 1853 2975 1894 sursum
3037 1839 3410 1906 pervenientes
3445 1852 3619 1907 usque

2050 1932 2114 1983 ad
2169 1930 2370 1995 stellas,
2424 1938 2784 1984 occurrerunt
2831 1929 2970 1986 lunae
3024 1938 3078 1982 et
3135 1928 3384 1982 viderunt
3423 1928 3614 1994 solem,

2051 2021 2185 2074 forte.
2225 2035 2404 2075 autem
2450 2031 2503 2076 et
2549 2021 2768 2085 ctelum,
2822 2031 2877 2076 et
2933 2029 3351 2089 permanserunt
3393 2020 3519 2085 illic,
3563 2027 3622 2075 et

2050 2115 2191 2180 passi
2232 2123 2354 2168 sunt
2399 2113 2586 2166 vitium
2633 2111 2953 2166 sceleratum
2988 2128 3003 2163 :
3043 2111 3183 2165 sicut
3215 2110 3308 2178 qui
3341 2109 3409 2166 ad
3437 2123 3617 2186 regem

2051 2207 2283 2269 remittat,
2317 2205 2382 2259 ad
2424 2203 2571 2274 regia
2605 2203 2796 2272 palatii
2830 2203 3115 2265 accedens,
3155 2216 3346 2271 magna
3386 2210 3441 2256 et
3475 2201 3616 2262 clara

2049 2305 2102 2350 et
2132 2296 2239 2363 regi
2273 2295 2430 2366 digna
2461 2296 2797 2362 conspiciat;
2850 2304 2902 2350 el
2931 2308 3050 2346 cum
3096 2291 3285 2348 debeat
3329 2291 3500 2360 magis
3528 2293 3620 2348 de-

2048 2386 2299 2446 siderium
2329 2401 2482 2439 sumn
2507 2386 2572 2439 ad
2604 2401 2723 2438 eum
2759 2384 2847 2452 qui
2883 2383 3142 2453 quaeritur
3171 2383 3470 2452 propalare,
3505 2393 3620 2442 ειυς

2049 2493 2182 2546 pecs
2209 2477 2389 2530 valvas
2439 2477 2633 2543 regias,
2683 2487 2738 2530 et
2786 2485 2980 2545 putans
3037 2475 3170 2532 nihil
3221 2474 3450 2544 amplius
3497 2489 3619 2533 esse

2051 2584 2228 2638 regem
2283 2584 2314 2622 a
2365 2568 2497 2631 suis,
2546 2568 2777 2622 resideat
2813 2570 2880 2620 ad
2906 2583 2970 2624 ea
2999 2583 3118 2637 quae
3149 2567 3320 2636 prima
3363 2581 3618 2626 occurre-

2050 2670 2192 2725 rant,
2227 2658 2510 2712 fraudatur
2558 2659 2698 2728 regis
2748 2659 2956 2714 visione
2995 2669 3050 2714 et
3091 2669 3305 2714 natura.
3358 2657 3464 2713 Sed
3509 2673 3611 2718 nos

2049 2766 2153 2804 nou
2189 2751 2435 2811 retineat,
2465 2761 2628 2815 terra,
2660 2764 2764 2806 non
2795 2751 3050 2820 praeferet
3081 2765 3263 2810 mare;
3296 2765 3401 2806 non
3439 2746 3613 2808 oden-

2048 2844 2240 2897 damus
2273 2843 2326 2894 iu
2354 2841 2543 2906 stellis,
2578 2857 2682 2896 non
2712 2843 3131 2897 obtenehremur
3174 2857 3206 2896 a
3245 2841 3393 2906 luna,
3441 2855 3615 2908 neque

2049 2949 2148 2988 nos
2179 2932 2433 3005 caliginct
2481 2933 2600 3000 sol;
2652 2949 2757 2988 non
2801 2933 3038 2988 detineat
3079 2932 3271 2988 cadum
3304 2950 3317 2987 :
3358 2933 3616 2988 Dominus

2047 3026 2190 3080 enim
2220 3035 2272 3080 et
2300 3025 2481 3096 opifex
2517 3034 2572 3080 et
2599 3035 2814 3080 creator
2847 3026 3087 3082 omnium
3115 3041 3298 3082 eorum
3323 3041 3443 3096 qua:
3469 3027 3612 3084 dicta

2048 3126 2174 3170 suist
2205 3128 2259 3172 et
2293 3133 2399 3172 non
2449 3127 2574 3172 sunt
2604 3117 2743 3171 dicta
2770 3156 2785 3182 ,
2827 3127 2913 3171 est
2956 3115 3042 3171 ille
3079 3116 3170 3186 qui
3210 3117 3486 3186 quaeritur.
3533 3116 3614 3172 Ad

2049 3205 2214 3260 Deum
2251 3208 2430 3278 igitur,
2488 3223 2522 3264 ο
2574 3210 2755 3274 homo,
2806 3209 2871 3262 ad
2918 3210 3080 3270 Deum
3124 3209 3318 3263 horum
3373 3208 3616 3270 omnium

2049 3315 2167 3367 qum
2197 3300 2334 3353 bona
2361 3309 2413 3354 et
2451 3299 2595 3354 clara
2633 3315 2780 3359 sunt.
2817 3300 2962 3355 Nihil
2998 3301 3247 3358 miserius
3269 3311 3531 3372 estquam
3557 3308 3617 3355 ut

2045 3392 2168 3460 quis
2208 3391 2258 3444 in
2295 3391 2494 3446 lumine
2533 3391 2770 3448 oli‘endat
2802 3410 2818 3449 :
2854 3394 2945 3447 sed
2981 3408 3245 3448 caecorum
3285 3395 3386 3448 hoc
3427 3393 3614 3449 vitium

2044 3493 2147 3536 est.
2179 3481 2290 3536 Non
2315 3485 2730 3540 obtenehremur
2748 3501 2776 3538 a
2797 3483 2942 3539 sole:
2972 3485 3122 3540 vides
3141 3500 3260 3540 eum
3277 3483 3541 3539 orientem
3564 3494 3618 3546 et

2049 3576 2410 3640 occidentem,
2449 3586 2506 3630 et
2536 3577 2816 3632 cedentem
2848 3577 3134 3631 mensuris.
3166 3575 3269 3630 Sed
3303 3575 3415 3644 ipse
3442 3589 3617 3644 praeco

2046 3678 2131 3722 est
2175 3668 2242 3720 ab
2276 3669 2484 3724 oriente
2530 3683 2699 3737 usque
2750 3666 2818 3722 ad
2857 3682 3134 3732 occasum,
3191 3667 3446 3735 praedicat
3492 3682 3614 3722 eum

2047 3757 2136 3825 qui
2165 3772 2227 3812 se
2250 3757 2378 3812 fecit
2403 3769 2458 3814 et
2483 3759 2636 3822 dicit,
2664 3761 2708 3814 si
2743 3769 2920 3814 tamen
2955 3767 3010 3813 tu
3035 3758 3212 3822 audis,
3247 3759 3416 3828 magis
3437 3766 3614 3810 autem

2045 3850 2089 3903 si
2123 3849 2310 3904 vides:
2342 3849 2457 3905 Non
2486 3866 2604 3906 sum
2636 3866 2736 3920 ego
2766 3850 2926 3912 Deus.
2955 3850 3049 3904 sed
3083 3851 3172 3904 ille
3215 3847 3368 3918 cujus
3416 3864 3531 3903 sunt
3562 3859 3616 3906 et

2045 3953 2144 4008 ego
2173 3940 2470 4009 epilicimn.
2515 3940 2596 3996 Me
2625 3941 2794 4005 vides,
2829 3939 2918 3994 ille
2947 3939 3232 3994 invisibilis
3261 3951 3362 3993 est.
3397 3935 3618 3994 Visihile

2046 4032 2113 4084 ad
2162 4031 2446 4096 invisibile.
2480 4033 2748 4086 contraria
2781 4041 2863 4088 est
2897 4041 3089 4086 natura
3119 4049 3133 4086 :
3170 4047 3289 4083 natu
3339 4029 3444 4083 etsi
3497 4043 3616 4090 sum

2046 4123 2227 4178 clarus
2260 4125 2399 4180 sicut
2421 4140 2562 4188 sum,
2600 4125 2689 4179 sed
2721 4123 2898 4178 clarus
2927 4129 3016 4192 qui
3048 4124 3234 4182 videor
3266 4137 3281 4175 :
3319 4121 3407 4174 ille
3434 4130 3614 4177 autem

2046 4215 2414 4270 iuvisibilitatc
2447 4215 2782 4270 transcendit
2805 4214 3107 4285 fulgoribus
3136 4213 3340 4270 omnia.
3381 4210 3497 4266 Non
3531 4226 3618 4270 me

2047 4306 2322 4360 houorans
2352 4305 2690 4360 dehonestcs.
2739 4302 2855 4360 Non
2883 4319 3003 4359 sum
3036 4305 3281 4371 ingratus
3309 4303 3376 4356 ad
3417 4300 3615 4356 Caudi»

367 4395 650 4449 :volvitur‘l
679 4393 803 4450 Hice
825 4411 955 4464 ergo
980 4399 1224 4450 viventes
1253 4395 1454 4449 auiis
1475 4409 1596 4449 cum
1623 4397 1941 4465 corporibus
1971 4409 2015 4464 ι)
2047 4406 2216 4450 torem
2244 4416 2257 4449 :
2298 4393 2569 4450 suﬂiciunt
2601 4395 2728 4449 mihi
2777 4395 3042 4452 beneﬁcia
3073 4409 3192 4462 qua:
3238 4392 3425 4462 accepi
3456 4409 3472 4448 :
3507 4390 3616 4448 uoii

367 4495 496 4540 eum
526 4486 761 4542 det-lives
805 4486 1065 4542 fuerimus
1096 4488 1160 4541 ad
1193 4501 1408 4550 carnes,
1433 4501 1564 4541 caro
1596 4497 1804 4543 tantum
1841 4503 1937 4544 vo-

377 4594 600 4646 camur;
631 4595 753 4634 cum
783 4590 965 4634 autem
999 4580 1427 4648 promoverintus
1448 4582 1516 4634 ad
1539 4581 1801 4645 animam,
1824 4580 1940 4634 aui-

364 4672 528 4725 riualis
555 4673 714 4726 homo
739 4672 968 4727 dicimur
1006 4688 1020 4726 :
1058 4687 1179 4723 cum
1214 4682 1394 4725 autem
1447 4673 1941 4728 transcenderimus

359 4765 643 4828 Naturam,
679 4765 939 4834 spiritalis
972 4765 1131 4818 homo
1164 4765 1515 4834 appellamur.
1589 4764 1655 4818 Et
1693 4780 1799 4818 non
1828 4764 1939 4831 jam

357 4856 504 4924 {quia
524 4857 758 4910 carnalis
785 4865 1003 4910 vocatus
1027 4865 1130 4916 est,
1165 4853 1448 4909 fraudatus
1481 4865 1560 4908 est
1590 4855 1768 4906 anima
1805 4870 1818 4908 :
1858 4866 1945 4906 ne-

357 4963 478 5016 ‘que
498 4947 632 5018 quia
655 4947 904 5001 animalis
925 4947 1104 5002 dictus
1124 4957 1227 5012 est,
1255 4948 1364 5016 jam
1392 4963 1495 4999 non
1521 4945 1685 4999 habet
1709 4955 1940 5013 corpus;

375 5041 640 5107 siquidem
667 5048 722 5094 et
754 5039 987 5110 spiritali
1031 5040 1237 5094 homini
1267 5050 1320 5094 et
1347 5053 1543 5107 corpus
1585 5038 1727 5092 inest
1755 5047 1810 5090 ut
1845 5037 1941 5092 ho.

375 5127 509 5180 mini
552 5137 605 5182 et
632 5127 810 5182 anima
844 5137 902 5182 ut
929 5128 1141 5184 animm.
1186 5129 1242 5182 Si
1273 5137 1450 5182 autem
1483 5135 1545 5180 et
1584 5125 1709 5185 istic
1737 5127 1943 5180 consti-

379 5215 500 5277 tuti,
524 5216 742 5283 quidam
759 5217 979 5286 quidem
1002 5233 1132 5272 caro
1163 5227 1368 5274 tantum
1396 5229 1610 5279 sumtis.
1633 5214 1763 5284 quia
1786 5214 1942 5270 decli-

361 5317 470 5359 tves
504 5304 702 5362 fuimus
729 5309 797 5363 ad
830 5319 1064 5374 terram;
1098 5309 1188 5363 alii
1228 5310 1411 5362 anima
1440 5314 1669 5372 tantum,
1702 5306 1828 5375 quia
1860 5307 1942 5360 in-

357 5397 461 5452 fter
505 5409 790 5468 utrumque
854 5409 1101 5466 stamus;
1165 5400 1257 5455 alii
1321 5397 1594 5470 apiritales
1657 5410 1913 5452 vocamur

445 5515 490 5546 ⁶⁰
520 5514 634 5569 Cui.
675 5531 724 5578 ν,
766 5516 819 5573 9.

442 5634 552 5699 (57)
591 5633 833 5696 Quidam.
868 5631 1045 5692 Forte.
1085 5630 1320 5699 quidam.

443 5704 554 5776 (58)
591 5703 685 5756 Ms.
724 5700 1000 5771 Manifesta
1043 5712 1159 5754 sunt
1200 5716 1374 5770 opera.

2044 4487 2244 4541 addere
2276 4485 2418 4555 quod
2469 4502 2575 4540 non
2624 4486 2885 4556 suscipio.
2937 4486 3196 4542 Creatura
3245 4499 3393 4548 sum,
3424 4494 3614 4544 etnon

2045 4575 2311 4641 Creator;
2363 4575 2636 4643 opificium
2680 4588 2869 4634 etnon
2895 4577 3113 4646 opifex;
3167 4575 3344 4638 (actus
3385 4589 3532 4640 sum,
3563 4585 3618 4638 et

2047 4682 2151 4722 non
2187 4669 2232 4720 is
2263 4669 2352 4734 qui
2383 4668 2548 4733 fecit;
2588 4669 2744 4724 istinc
2780 4683 2899 4726 sum
2922 4668 3081 4732 ctelo,
3115 4676 3171 4722 et
3200 4667 3326 4724 inde
3351 4667 3521 4726 oculis
3545 4666 3616 4722 tti-

2048 4759 2217 4814 deor:
2249 4758 2339 4812 ille
2390 4761 2670 4818 invisibilis
2719 4769 2820 4820 at.
2859 4760 2970 4829 Ego
3005 4760 3056 4814 in
3107 4757 3228 4817 loco
3264 4755 3617 4816 confirmatus

2045 4867 2165 4918 sum
2195 4870 2211 4906 :
2244 4853 2330 4906 ille
2358 4851 2492 4910 liber
2524 4856 2592 4906 ah
2616 4853 2764 4907 muni
2796 4863 2882 4909 est
2911 4852 3046 4906 loco.
3072 4851 3185 4921 Ego
3205 4852 3472 4920 parietem
3493 4849 3614 4912 ccli

2049 4951 2205 4999 teneo
2255 4945 2307 5000 in
2347 4959 2451 5015 qua
2506 4961 2626 4998 sum
2669 4955 2725 5000 et
2771 4945 3026 5014 positus:
3063 4944 3154 5000 ille
3199 4952 3384 5004 autem
3433 4940 3617 5010 implet

2047 5035 2249 5091 omnia.
2298 5035 2408 5107 Ego
2442 5051 2505 5092 ex
2536 5037 2652 5092 loco
2682 5036 2752 5092 ad
2781 5036 2959 5092 locum
2989 5037 3230 5092 accedo:
3277 5033 3366 5088 ille
3396 5042 3452 5086 et
3483 5031 3612 5094 mihi

2046 5126 2319 5193 separavit
2344 5126 2540 5183 locum.
2580 5125 2710 5181 Vide
2730 5141 2840 5192 me,
2868 5136 2922 5184 et
2946 5126 3054 5182 noli
3082 5138 3470 5186 «innumeram
3497 5136 3616 5196 quae

2048 5232 2157 5272 nou
2181 5228 2662 5278 connumerautur.
2699 5216 2993 5274 Invisibilis
3021 5225 3072 5270 et
3099 5215 3324 5276 visibilis
3347 5214 3616 5282 quantum)

2047 5311 2555 5367 connuttterantur?
2589 5310 2688 5376 Qui
2721 5311 2772 5366 in
2805 5310 2910 5370 loci
2948 5309 3087 5379 (59),,
3127 5315 3198 5364 et,
3225 5311 3312 5375 qui
3351 5307 3470 5362 sine
3496 5304 3615 5368 loco

2045 5414 2205 5469 quam
2244 5403 2443 5457 habent
2471 5404 2908 5458 communionem
2954 5401 3198 5458 natura?
3239 5400 3347 5472 Ego
3387 5399 3532 5464 orior
3558 5405 3615 5462 ei

2119 5628 2228 5698 (59)
2269 5626 2628 5700 Loci..l“0t‘te,
2665 5628 2779 5681 loco
2819 5625 2900 5684 vel
2934 5627 3082 5682 locis.
