4050 6206
458 277 597 335 H55

1121 270 1388 330 EUSEBll
1426 269 1898 326 CESARIENSIS
1935 269 2083 325 OPP.
2126 269 2307 325 PARS
2345 270 2434 326 IV.
2465 301 2530 310 —-
2571 269 2986 325 DOGMATICA.

3564 268 3710 322 “56

457 395 664 456 occido,
693 392 814 462 quia
846 398 899 446 et
929 402 1144 461 possum
1181 399 1409 460 utraque
1434 389 1500 442 ad
1529 389 1678 456 jussa
1705 393 1973 457 complere
1999 406 2013 442 :
2046 392 2094 450 Α
2122 389 2334 457 generis
2364 388 2507 442 enim
2539 389 2855 443 miseremur
2878 385 3066 442 nostri.
3114 384 3216 440 Illis
3243 385 3440 456 quippe
3477 387 3570 456 qni
3604 402 3704 439 ve.

459 486 548 540 ille
571 482 972 553 supereminet;
1024 492 1128 532 non
1185 477 1386 548 indiget
1417 487 1476 532 ut
1502 479 1730 540 oriatur,
1781 494 1885 532 non
1918 479 2019 532 im-

459 586 634 632 mutat
678 577 871 638 locum,
897 588 1110 642 semper
1155 573 1206 627 in
1251 587 1317 627 eo
1368 573 1484 640 ipso
1513 572 1652 642 quod
1682 583 1765 626 est
1793 584 1972 625 manet
2002 587 2016 636 ;

459 682 668 737 semper
695 668 806 735 ipse
835 668 1030 734 estqui
1066 673 1183 728 est;
1217 664 1285 719 ab
1311 663 1401 718 illo
1431 674 1488 718 et
1512 663 1664 718 calor
1688 672 1772 716 est
1796 703 1811 728 ,
1840 665 1907 716 ab
1931 663 2020 717 illo

457 760 656 814 dantur
681 769 734 813 et
759 773 947 812 cursus
975 773 1258 822 mensurae,
1293 757 1361 811 ab
1413 755 1505 810 illo
1535 764 1902 809 mensuratum
1939 765 2021 808 est

459 852 676 905 caelum.
737 849 871 902 Nam
915 849 1014 904 etsi
1061 851 1234 918 spatio
1267 847 1423 916 longe
1451 863 1591 909 sum,
1629 856 1802 900 tamen
1840 845 2019 900 calore

458 941 716 996 confiteor
739 952 1022 995 naturam:
1052 941 1139 994 ille
1167 939 1452 994 invisibilis
1468 947 1570 992 est.
1598 938 1771 992 Meum
1791 939 2019 994 intueris

457 1034 720 1100 habitum,
757 1033 844 1088 ille
872 1034 985 1087 sine
1019 1032 1202 1086 habitu
1236 1041 1336 1085 est.
1380 1030 1554 1084 Tanta
1610 1031 1739 1084 mihi
1787 1040 1914 1084 sunt
1965 1040 2020 1084 et

458 1125 581 1190 alia,
617 1141 682 1178 ex
734 1126 927 1194 quibus
969 1124 1100 1177 nihil
1152 1125 1216 1177 ad
1262 1123 1409 1176 illum
1457 1123 1726 1192 pertinere
1758 1123 2015 1176 videtur:

460 1234 568 1271 non
607 1228 808 1272 tactum
846 1220 1091 1283 incurrit,
1139 1234 1242 1271 non
1293 1217 1410 1271 loco
1447 1215 1702 1277 ambitur,
1746 1231 1851 1269 non
1901 1216 2016 1269 loca

456 1309 784 1373 circumdat,
819 1324 921 1361 non
958 1310 1170 1362 habitus
1199 1310 1340 1362 circa
1394 1308 1593 1377 ipsum,
1646 1322 1753 1360 non
1803 1322 2018 1376 compo-

457 1401 580 1455 sitio
612 1402 677 1454 ad
706 1401 946 1469 gloriam.
977 1399 1068 1454 llle
1097 1410 1256 1453 natus
1307 1407 1505 1452 annato
1532 1407 1614 1452 est
1648 1398 1781 1469 (60),
1826 1414 1918 1467 per
1950 1399 2016 1452 il-

457 1496 566 1546 lum
611 1501 664 1546 et
706 1508 803 1560 ego
830 1501 882 1545 et
903 1492 1082 1545 omnia
1130 1492 1267 1546 facta
1292 1500 1431 1546 sunt.
1468 1490 1642 1546 Nolite
1672 1508 1758 1548 me
1783 1507 2016 1548 conver-

461 1593 574 1638 tere
618 1584 682 1637 ad
738 1583 1158 1652 blasphemiam,
1216 1599 1309 1653 per
1365 1598 1449 1637 me
1493 1583 1870 1652 blasphemare
1923 1599 2017 1637 no-

459 1675 570 1730 lite.
603 1675 800 1730 Littera
835 1691 951 1728 sum
975 1677 1038 1729 ad
1065 1675 1286 1746 gloriam
1316 1676 1434 1746 ejus
1461 1677 1550 1746 qui
1590 1691 1674 1731 me
1701 1678 1828 1731 fecit
1859 1693 1872 1731 :
1905 1692 2017 1731 ca:-

458 1768 564 1822 lum
612 1769 751 1820 enim
792 1767 923 1820 liber
965 1776 1046 1820 est
1081 1782 1339 1834 magnus;
1389 1783 1487 1836 ego
1521 1777 1697 1821 autem
1743 1783 1862 1820 cum
1907 1767 2019 1820 alli-

460 1856 615 1910 nibus
663 1858 794 1910 meis
831 1871 1011 1908 sumus
1061 1855 1250 1909 littera:
1285 1855 1666 1924 religiositatis.
1715 1856 1894 1926 Legite
1944 1856 2024 1909 lu-

459 1962 539 2000 uae
585 1948 876 2000 virtutem:
919 1947 1109 2000 crescit
1166 1955 1218 1998 et
1252 1946 1529 2010 minuitur,
1577 1956 1631 1999 et
1681 1960 1889 2014 semper
1920 1946 2023 1998 im-

457 2049 716 2100 mutatur,
752 2049 804 2090 et
835 2037 1112 2090 annuntiat
1155 2035 1580 2090 immutabilem:
1609 2047 1661 2090 et
1706 2039 1755 2090 in
1791 2038 1874 2089 illa
1919 2038 2021 2091 ite-

459 2145 578 2181 rum
607 2129 820 2182 habitus
856 2129 1148 2190 invenitur,
1194 2129 1457 2197 siquidem
1480 2129 1696 2182 etillam
1732 2129 1875 2180 videt
1900 2143 2024 2180 ocu-

459 2219 562 2282 lus,
610 2229 663 2273 et
704 2235 976 2287 nunquam
1033 2219 1084 2272 in
1138 2235 1201 2274 eo
1240 2219 1356 2287 ipso
1384 2219 1520 2287 quod
1565 2229 1646 2272 est
1677 2229 1872 2272 manet.
1916 2218 2020 2270 No-

459 2311 552 2364 lite
591 2327 688 2364 nec
739 2311 892 2364 istam
940 2324 1144 2363 mecum
1203 2310 1403 2379 pariter
1445 2310 1836 2377 blasphemare.
1885 2311 2020 2376 Quid

460 2418 557 2456 nos
586 2401 1019 2456 calumniamini?
1049 2402 1205 2454 modo
1241 2402 1453 2469 quidem
1498 2416 1581 2454 nte
1647 2402 1885 2456 dicentes
1916 2401 2024 2454 for-

459 2494 693 2550 nicatum
733 2509 870 2555 esse,
904 2493 1060 2547 modo
1097 2501 1274 2546 autem
1305 2493 1506 2554 lunam,
1550 2495 1670 2561 quia
1702 2493 2020 2547 adulterium

461 2587 694 2641 admisit.
737 2583 910 2638 Nolite
951 2586 1215 2651 deponere
1247 2597 1342 2637 nos
1381 2594 1564 2636 contra
1606 2594 1877 2647 naturam,
1929 2601 2023 2638 ne-

458 2693 562 2748 que
598 2678 786 2730 iterum
832 2675 1087 2730 extollere
1126 2690 1288 2744 supra
1325 2683 1593 2728 naturam.
1657 2677 1843 2729 Dicitis
1897 2677 2021 2744 quia

459 2784 559 2838 ego
592 2767 800 2821 mulieri
825 2768 1203 2821 confabulatus
1227 2782 1343 2820 sum
1375 2784 1388 2819 :
1413 2767 1604 2836 quibus
1627 2769 2024 2838 operaments's?

459 2861 654 2928 quibus
676 2858 970 2913 membris?
1002 2873 1106 2924 quo
1126 2857 1348 2910 habitu?
1373 2859 1821 2927 quemadmodum
1849 2875 2022 2913 meam

458 2951 724 3005 flammam
777 2950 941 3018 potuit
986 2947 1235 3001 sufferre?
1280 2949 1723 3014 quemadmodum
1775 2950 2023 3016 splendo-

2121 480 2294 534 stibus
2322 481 2534 548 quidem
2572 495 2630 534 se
2657 481 2878 543 ttudant,
2922 493 3079 533 emno
3101 486 3280 530 autem
3324 493 3384 532 se
3416 480 3701 547 operiunt,

2120 573 2211 640 qui
2243 573 2446 640 lapides
2478 581 2716 640 portant,
2751 571 2842 642 qui
2869 571 3118 624 damnum
3163 569 3358 637 duplex
3389 571 3694 640 accipiunt,

2121 671 2250 714 utet
2282 677 2469 714 aurum
2496 661 2789 730 proferant,
2820 671 2876 715 et
2909 675 2937 713 a
2970 660 3081 714 Deo
3117 660 3387 713 decidant.
3420 659 3534 714 Non
3572 675 3700 716 ces-

2121 762 2204 808 sat
2231 753 2308 807 sol
2343 769 2440 808 nec
2475 753 2601 807 illud
2630 754 2682 806 in
2712 752 2947 806 medium
2977 751 3246 821 proferre,
3270 752 3394 820 quia
3441 761 3699 820 putantes

2120 860 2241 898 eum
2271 845 2546 912 deificare,
2578 848 2629 899 iu
2659 845 2742 899 his
2772 845 3006 897 maxime
3029 843 3082 897 in
3118 843 3314 912 quibus
3352 843 3694 914 indignatur.

2119 937 2402 992 Adducunt
2431 939 2572 992 enim
2606 939 2672 992 ad
2702 950 2917 990 omnem
2962 935 3344 1004 malignitatem
3403 937 3701 990 hominum

2120 1045 2304 1099 opera,
2344 1039 2396 1084 et
2451 1029 2684 1083 malitias
2733 1029 2829 1084 soli
2877 1037 2933 1081 et
2964 1028 3125 1087 lunas,
3162 1038 3216 1081 et
3250 1041 3371 1080 suas
3409 1028 3475 1080 illi
3500 1030 3691 1083 ascri-

2120 1137 2278 1193 psere
2297 1123 2557 1176 luxurias.
2587 1121 2699 1175 Non
2727 1123 2850 1186 iste,
2901 1121 3095 1190 inquit,
3143 1120 3304 1174 homo
3343 1121 3540 1172 adulter
3568 1129 3697 1186 est,

2119 1211 2213 1264 sed
2243 1211 2341 1266 sol.
2366 1211 2601 1266 Veniunt
2629 1213 2771 1266 enim
2799 1216 2864 1264 ad
2890 1211 3038 1264 illum
3074 1211 3272 1274 locum,
3316 1219 3369 1264 et
3415 1211 3540 1264 mala
3576 1212 3686 1264 bo-

2121 1302 2322 1356 minum
2352 1303 2450 1357 soli
2475 1303 2770 1359 ascribunt.
2796 1303 2860 1357 Et
2881 1304 3185 1358 hominibus
3212 1304 3424 1371 quidem
3450 1304 3570 1356 nihil
3593 1321 3683 1356 re-

2121 1393 2366 1462 linquunt
2399 1393 2520 1447 mali
2544 1437 2558 1458 ,
2598 1409 2702 1448 non
2735 1394 2972 1448 luxurias
3019 1394 3339 1457 luxuriosis;
3377 1408 3478 1446 non
3511 1395 3681 1445 hemi—

2119 1484 2257 1537 cidia
2319 1485 2644 1550 homicidis;
2691 1499 2794 1538 non
2849 1484 3166 1538 adulterium
3223 1484 3528 1546 adulteris;
3581 1499 3689 1538 non

2121 1573 2392 1625 mendacia
2430 1573 2806 1635 mendacibus;
2847 1590 2948 1628 non
2977 1575 3114 1627 furta
3149 1573 3354 1626 furibus
3383 1591 3400 1638 ;
3431 1575 3525 1628 sed
3555 1575 3694 1626 obli-

2122 1664 2160 1716 ti
2215 1663 2556 1731 eorum'qnze
2616 1663 3059 1733 blasphemabant
3116 1664 3354 1718 dicentes
3415 1667 3568 1728 deos,
3637 1675 3697 1718 et

2123 1759 2431 1813 omittentes
2460 1759 2704 1812 homines
2742 1757 2832 1824 qui
2867 1755 3200 1824 delinquunt,
3235 1770 3328 1808 eos
3368 1770 3503 1823 quos
3531 1770 3697 1809 voca-

2125 1852 2253 1904 bant
2306 1852 2433 1904 deos
2490 1863 2631 1902 nunc
2677 1848 2951 1902 hominum
3020 1846 3293 1909 latrones,
3355 1846 3695 1910 homicidas,

2126 1942 2433 2006 mendaces,
2471 1940 2750 2009 malignus,
2789 1940 3082 2002 adulteros,
3117 1938 3264 1992 fures
3305 1954 3402 2006 pro
3454 1939 3692 1992 homini-

2125 2037 2222 2090 bus
2251 2052 2368 2090 esse
2403 2036 2605 2089 volunt.
2661 2034 2767 2088 Sed
2823 2034 2959 2102 apud
3015 2049 3111 2086 nos
3163 2033 3429 2086 homicida
3477 2033 3518 2086 si
3554 2032 3696 2084 fort;

2126 2144 2286 2181 unum
2324 2129 2541 2190 occidit,
2585 2138 2636 2180 et
2679 2129 2813 2181 forte
2847 2129 3090 2180 tristatus
3123 2136 3214 2178 aut
3245 2125 3460 2179 infamis
3494 2126 3688 2186 factus,

2124 2227 2177 2271 et
2231 2228 2486 2278 tremens,
2535 2227 2588 2270 et
2636 2217 2940 2284 compulsus
2989 2217 3057 2271 ob
3088 2226 3398 2286 egestatem,
3435 2227 3524 2268 aut
3551 2216 3687 2267 i-ram

2124 2319 2216 2362 aut
2264 2310 2606 2369 inimicitias,
2661 2309 2737 2361 sol
2791 2309 2987 2361 occidit
3035 2322 3156 2360 cum
3204 2308 3292 2374 qui
3349 2306 3691 2360 interficitur.

2124 2400 2336 2465 Quare?
2363 2416 2478 2467 qua:
2509 2399 2739 2451 vicinia?
2768 2415 2884 2464 qmc
2913 2397 3300 2451 cobazreditas?
3337 2412 3451 2463 qua:
3495 2397 3688 2448 cendi-

2125 2492 2299 2546 visio?
2326 2491 2450 2561 quid
2484 2492 2716 2559 passus?
2745 2491 2869 2557 quid
2901 2489 3224 2542 admittens?
3253 2489 3375 2556 quid
3405 2487 3682 2553 indigens!

2124 2586 2250 2653 quid
2285 2586 2546 2638 commodi
2579 2584 2799 2638 sumus?
2836 2581 2947 2635 Non
2987 2597 3172 2636 smnus
3211 2593 3391 2633 canna:
3433 2578 3684 2630 manibus

2123 2677 2393 2730 stellarum
2439 2685 2594 2728 motae
2643 2676 2706 2727 ad
2744 2675 2966 2727 litteras.
3001 2673 3136 2734 Tua,
3167 2683 3252 2724 tua
3282 2681 3420 2730 sunt,
3473 2671 3685 2723 etiamsi

2124 2766 2467 2819 calumnieris
2496 2767 2682 2818 solem.
2719 2766 2865 2819 Luna
2905 2777 3082 2820 autem
3135 2784 3238 2820 non
3286 2775 3540 2834 operatur
3567 2780 3693 2834 quae

2125 2859 2472 2912 calumniaris
2507 2876 2521 2910 :
2555 2874 2659 2911 non
2719 2869 2770 2912 te
2821 2858 3012 2912 liberat
3048 2859 3314 2912 calumnia
3361 2874 3386 2910 a
3427 2869 3689 2928 peccato:

2124 2949 2361 3017 acquiris
2384 2950 2474 3002 tibi
2500 2963 2550 3001 et
2576 2951 2958 3018 blasphemiam
2997 2968 3009 3002 :
3037 2951 3085 3002 in
3110 2965 3174 3003 en
3201 2951 3341 3003 enim
3370 2951 3491 3002 dum
3517 2950 3688 3001 dicis:

459 3043 578 3095 res?
612 3040 665 3094 Si
689 3042 830 3095 enim
866 3049 1012 3091 tanto
1047 3039 1217 3106 spatio
1241 3039 1350 3107 (61)
1386 3055 1560 3092 meum
1589 3041 1794 3092 radium
1828 3041 2022 3094 suffer-
2049 3074 2089 3131 ϐ
2127 3040 2239 3094 Non
2270 3059 2368 3110 ego
2404 3043 2648 3107 admitto,
2680 3044 2771 3096 sed
2824 3044 2913 3096 Dei
2959 3044 3193 3111 opificia.
3239 3043 3388 3107 Quod
3421 3042 3563 3095 enim
3591 3057 3692 3104 ego

457 3148 517 3187 re
549 3148 650 3184 non
685 3138 878 3198 potest,
907 3130 958 3181 in
991 3129 1196 3182 sinibus
1227 3138 1445 3196 portare
1471 3145 1641 3182 meam
1687 3129 2018 3196 conjnnct-io-

457 3235 578 3275 nem
616 3218 819 3286 potuit?
843 3218 1015 3270 Nolite
1052 3219 1121 3269 ila
1155 3233 1239 3270 me
1272 3219 1497 3287 turpiter
1519 3219 1858 3283 calumniari,
1892 3225 2020 3276 noli-

459 3322 510 3364 te
541 3314 612 3362 ita
655 3311 965 3376 insipienter
993 3309 1251 3362 extollere
1283 3327 1296 3362 :
1327 3326 1428 3362 non
1467 3311 1634 3364 solum
1677 3314 1819 3366 enim
1855 3314 2018 3368 Deum

459 3402 741 3470 ignoratis,
771 3402 859 3453 sed
889 3411 938 3454 et
970 3401 1183 3468 opificia
1213 3401 1376 3469 ipsius
1411 3402 1499 3454 Dei
1528 3405 1763 3458 nescitis.
1800 3406 2022 3460 Dimitti-

459 3504 510 3547 te
547 3509 628 3546 me
658 3496 778 3560 quia
820 3493 954 3545 fixus
988 3509 1127 3554 sum,
1168 3509 1388 3545 cursum
1431 3493 1551 3547 οωΙί
1578 3496 1821 3549 conficio.
1849 3496 2021 3553 Nolite

457 3604 545 3640 me
572 3587 636 3638 ad
675 3596 869 3638 terram
906 3586 1172 3653 deponere
1218 3586 1418 3650 verbis,
1447 3601 1618 3654 neque
1653 3588 1914 3642 deducere
1943 3590 2021 3642 fa-

456 3676 614 3732 bulis.
648 3676 757 3730 Non
787 3677 1075 3746 praevarico
1115 3675 1286 3745 legem
1322 3695 1334 3730 :
1378 3693 1588 3731 sursum
1623 3693 1738 3731 sum
1781 3681 2016 3748 positus;

456 3783 561 3820 non
593 3768 813 3820 immuto
847 3783 1059 3819 cursum
1088 3769 1434 3822 constitutqu
1479 3767 1643 3830 mihi;
1681 3784 1785 3822 non
1829 3772 2019 3824 recedo

456 3861 523 3911 ab
565 3858 768 3921 officio;
826 3858 993 3923 legem
1042 3857 1218 3909 datam
1262 3855 1534 3922 custodio;
1568 3871 1800 3922 agnosco
1843 3862 2017 3928 spatia

454 3948 730 4014 cmli,qu;e
755 3956 806 4000 et
831 3947 979 4015 jussu
1008 3962 1284 4013 percurro.
1316 3945 1537 4000 Terram
1564 3947 1773 4001 calcare
1803 3965 1904 4002 non
1939 3959 2018 4003 est

455 4049 657 4092 naturae
683 4054 811 4092 mete
839 4057 851 4091 :
882 4039 1094 4107 quando
1123 4053 1225 4091 nox
1256 4038 1393 4091 facta
1425 4048 1508 4092 est
1535 4039 1864 4108 importuna,
1895 4043 2016 4111 quia

454 4146 552 4200 ego
582 4129 827 4182 descendi
858 4131 922 4180 ad
954 4127 1191 4182 mulieris
1221 4129 1757 4184 conuuunicatimiem
1778 4133 1795 4184 ?
1814 4145 2018 4189 cessate

455 4221 684 4286 turpiter
718 4221 1061 4284 honorantes,
1119 4219 1260 4274 foede
1303 4222 1629 4276 deducentes
1667 4240 1680 4275 :
1720 4226 1886 4280 nolite
1923 4243 2016 4280 ora

454 4324 633 4366 vestra
660 4313 710 4364 in
747 4312 902 4366 bonis
922 4313 1165 4365 versibus
1193 4313 1348 4365 malis
1376 4314 1602 4380 negotiis
1624 4317 1854 4383 aperire.
1881 4316 2016 4382 Quid

2125 3149 2228 3185 non
2261 3149 2377 3201 ego,
2413 3135 2664 3202 relinquit
2698 3136 2824 3188 illud
2859 3136 2905 3188 ei
2936 3135 3087 3201 cuius
3110 3136 3337 3204 opificiis
3361 3144 3414 3187 et
3441 3134 3690 3201 blasphe-

2120 3221 2282 3275 miam
2331 3223 2495 3275 addit.
2543 3223 2598 3275 Si
2639 3224 2781 3275 enim
2835 3239 2936 3275 non
2971 3232 3094 3274 sunt
3137 3237 3297 3287 opera
3349 3230 3531 3274 nostra
3571 3234 3689 3286 quae

2121 3313 2476 3378 admittimus,
2513 3315 2604 3367 sed
2635 3313 2710 3366 sol
2751 3325 2802 3365 et
2834 3314 2953 3365 luna
2998 3323 3050 3366 et
3085 3313 3250 3365 stellm
3301 3327 3397 3380 per
3429 3327 3524 3364 nos
3559 3326 3686 3376 cpe-

2123 3414 2338 3469 rantur;
2372 3406 2441 3458 ita
2498 3420 2670 3473 neque
2721 3405 2932 3458 illorum
2984 3415 3105 3458 sunt
3139 3419 3300 3473 opera
3343 3419 3358 3457 :
3411 3404 3686 3472 aequaliter

2121 3496 2263 3548 enim
2310 3495 2450 3549 Detts
2481 3497 2777 3551 constituit.
2825 3496 2958 3548 Vide
2987 3499 3124 3564 quod
3170 3496 3302 3549 dicis
3337 3517 3349 3549 :
3387 3497 3548 3550 Deum
3585 3510 3682 3546 no-

2123 3587 2296 3640 minas
2329 3602 2484 3656 quem
2533 3587 2676 3655 piget
2723 3603 2879 3639 nosse
2930 3589 3111 3648 Deum,
3147 3589 3236 3641 sed
3282 3588 3373 3640 tibi
3415 3587 3570 3640 facile
3606 3598 3688 3639 est

2121 3681 2258 3746 apud
2294 3694 2450 3748 quem
2476 3689 2600 3731 sunt
2639 3680 2862 3731 dicere:
2900 3679 3207 3732 Confundor
3258 3690 3312 3731 et
3367 3679 3515 3746 piger
3569 3695 3684 3728 sum

2127 3770 2504 3823 contaminare
2537 3786 2705 3824 meam
2745 3771 3001 3839 linguam,
3040 3779 3093 3824 et
3124 3771 3353 3822 maxime
3381 3771 3584 3822 cwlesti
3613 3786 3689 3814 νι-

2119 3863 2268 3916 sione
2305 3863 2658 3916 descendens.
2703 3862 2838 3927 Quid
2884 3879 3034 3931 ergo,
3087 3877 3119 3915 ο
3170 3861 3419 3927 sapiens?
3471 3862 3685 3930 Cygnus

2120 3955 2248 4008 deus
2275 3965 2360 4008 est
2400 3955 2488 4022 qui
2527 3955 2809 4007 adversum
2839 3955 3097 4024 virginem
3131 3954 3310 4006 calet?
3339 3951 3683 4006 Confundan—

2121 4054 2204 4097 tur
2225 4044 2315 4111 qui
2344 4043 2629 4110 aliquoties
2657 4042 2873 4111 quidem
2899 4053 3109 4095 taurum
3135 4044 3378 4106 adorant,
3404 4041 3685 4110 aliqnmies

2120 4133 2230 4203 (65)
2261 4145 2435 4187 autem
2471 4143 2626 4187 tauro
2675 4133 2831 4186 deum
2861 4135 3296 4201 transfiguratum
3326 4134 3540 4198 tingunt.
3567 4134 3675 4184 Sed

2119 4225 2281 4279 dicite
2323 4226 2479 4279 nobis
2525 4241 2622 4280 cur
2660 4227 2973 4279 immutatus
3001 4235 3083 4278 est
3137 4234 3196 4278 ut
3239 4226 3489 4295 virginem
3524 4224 3677 4276 vide-

2120 4317 2242 4369 ret?
2271 4316 2382 4370 Non
2409 4318 2556 4370 enim
2582 4316 2810 4370 habebat
2836 4315 3062 4370 feminas
3085 4317 3216 4370 deus
3245 4315 3526 4370 secundum
3555 4330 3677 4372 vos.

453 4419 538 4456 me
569 4404 870 4457 deducitis?
910 4404 1035 4472 quid
1076 4418 1160 4456 me
1190 4405 1475 4458 extollitis?
1508 4405 1619 4460 Non
1651 4408 1919 4462 descendo
1947 4409 2012 4462 ad
2043 4421 2092 4478 υ
2119 4409 2305 4464 Nonne
2353 4425 2590 4463 sororem
2632 4411 3056 4476 cuoperatricem
3102 4408 3308 4473 habuit,
3359 4417 3417 4461 ut
3450 4408 3676 4460 aliorum

454 4495 752 4555 mulierem,
784 4511 885 4547 non
929 4496 1160 4549 ascendo
1210 4497 1430 4566 aequalis
1481 4498 1606 4551 Deo.
1641 4499 1791 4565 Quod
1832 4510 2013 4554 autem

449 4594 569 4640 erat
599 4585 725 4638 inihi
752 4596 805 4640 et
838 4587 1002 4640 otium
1043 4587 1347 4656 relinquere
1374 4604 1588 4644 cursum
1614 4601 1875 4646 statutum
1910 4595 2012 4646 mi-

451 4675 543 4728 hi?
576 4676 788 4742 quando
835 4676 1160 4744 interruptus
1193 4686 1274 4730 est
1329 4678 1480 4731 dies?
1527 4689 1617 4732 aut
1659 4682 1876 4750 quando
1906 4699 2010 4737 non

451 4767 639 4821 adveni
666 4782 888 4820 currens
913 4769 975 4819 ad
1001 4780 1270 4833 ornatum,
1295 4781 1586 4840 occupatus
1609 4773 1673 4825 ad
1699 4773 2009 4828 mulierem?

448 4859 515 4914 Et
545 4859 668 4913 luna
706 4860 897 4913 fabulis
920 4861 1252 4930 deturpatnr,
1309 4865 1400 4915 sed
1450 4867 1624 4932 arguit
1660 4863 1851 4919 fabulis
1898 4866 2007 4938 (62)

447 4965 545 5006 sua
576 4964 785 5006 natura.
838 4951 997 5006 Forte
1041 4963 1217 5007 autem
1268 4969 1367 5006 nec
1408 4952 1533 5007 illud
1581 4955 1779 5009 tacebit
1823 4956 1923 5008 sol.
1953 4955 2008 5009 Si

449 5057 625 5099 autem
656 5046 770 5115 ejus
803 5062 906 5100 non
942 5055 1024 5100 est
1051 5057 1241 5100 natura
1284 5060 1339 5100 ut
1367 5046 1635 5115 loquatur,
1687 5062 1784 5102 nos
1825 5062 1923 5116 pro
1944 5064 2010 5102 eo

449 5136 752 5206 loquemur,
787 5140 829 5194 si
860 5149 1033 5193 tamen
1087 5155 1182 5209 pro
1220 5141 1333 5194 sole
1371 5151 1424 5192 et
1455 5155 1557 5192 non
1592 5155 1689 5208 pro
1719 5140 1861 5204 Deo;
1902 5155 2004 5194 non

447 5233 572 5300 quia
625 5234 763 5288 Deus
802 5234 1002 5302 indiget
1049 5234 1314 5300 adjutorio
1359 5241 1544 5285 nostro
1589 5241 1640 5283 et
1671 5231 2002 5294 defensione,

447 5323 540 5377 sed
569 5325 811 5380 homines
841 5326 1117 5380 constituti
1143 5324 1447 5380 hominibus
1483 5323 1860 5393 compatiuntur.
1912 5322 2003 5375 Vi-

446 5417 634 5471 dentes
658 5419 801 5473 enim
820 5418 1062 5472 volumus
1093 5420 1195 5472 iter
1215 5417 1500 5472 ostendere
1529 5431 1631 5471 non
1663 5414 1964 5469 videntibus
1987 5431 2001 5481 ;

609 5554 630 5624 )
661 5554 758 5608 Ms.
793 5554 892 5609 Ille
920 5569 1072 5610 natus
1093 5573 1156 5611 ea:
1177 5559 1356 5611 innato
1381 5567 1476 5609 est.

541 5625 631 5694 fil)
673 5624 770 5694 bis.
798 5624 854 5678 Si
875 5629 1006 5678 enim
1029 5629 1082 5680 in
1110 5638 1254 5680 tanto
1276 5628 1462 5690 spatio.

519 5691 631 5765 (62)
669 5691 904 5746 Γαὺηἶὲδ.
924 5695 1082 5747 Forte
1107 5699 1333 5765 [olm/ns.

2122 4502 2385 4555 connubia
2411 4501 2718 4555 furaretur?
2748 4499 2862 4553 Non
2889 4499 2976 4553 isti
3007 4515 3286 4554 sermones
3324 4509 3447 4555 sunt
3484 4502 3678 4564 nostri,

2118 4593 2209 4646 sed
2243 4604 2433 4646 vestrae
2469 4592 2660 4646 fabula
2691 4591 2901 4659 scripta:
2940 4590 2991 4644 in
3025 4591 3175 4645 libris
3204 4590 3339 4662 (6-1),
3380 4593 3431 4644 in
3460 4591 3679 4645 simula-

2118 4685 2243 4750 cris,
2291 4686 2341 4737 iu
2367 4685 2681 4752 parietilms,
2719 4684 2769 4736 in
2796 4683 3173 4737 saltationibus
3205 4685 3563 4737 theatrorum.
3599 4685 3682 4738 ln-

2117 4777 2354 4845 dignaris
2387 4777 2507 4844 quia
2534 4777 2653 4829 dico
2676 4791 2737 4830 ea
2767 4791 2886 4844 quae
2910 4788 2963 4829 tu
2995 4778 3176 4844 legens
3211 4777 3427 4830 miraris
3451 4795 3464 4830 :
3488 4777 3682 4832 irasce-

2118 4869 2191 4922 rls
2219 4868 2341 4937 quia
2377 4869 2567 4937 loquor
2613 4870 2678 4921 de
2709 4870 2790 4922 his
2822 4883 2940 4937 quae
2969 4869 3159 4921 videns
3188 4879 3242 4920 tu
3272 4869 3485 4923 adoras.
3539 4867 3680 4922 ludi-

2115 4963 2295 5032 gnaris
2319 4962 2445 5031 quia
2480 4961 2602 5014 dico
2643 4977 2761 5032 qua;
2810 4971 2864 5014 tu
2898 4961 2951 5014 in
2985 4959 3364 5014 saltationibus
3400 4960 3584 5013 videns
3624 4971 3680 5014 et

2114 5052 2337 5107 audiens
2365 5052 2668 5107 delectaris.
2705 5053 2829 5107 Dele
2850 5067 2912 5106 ea
2937 5068 3002 5106 ex
3033 5054 3256 5121 poeticis
3284 5052 3452 5114 libris,
3488 5053 3679 5106 recede

2114 5157 2142 5196 a
2178 5145 2424 5208 theatris,
2462 5155 2518 5200 et
2545 5145 2842 5199 cxtermina
2878 5160 2940 5199 ea
2969 5161 2998 5198 a
3032 5145 3359 5216 parietibus;
3394 5147 3564 5199 contia
3591 5162 3678 5209 ea,

2113 5251 2141 5288 a
2172 5236 2478 5291 simulacris
2504 5237 2714 5302 recede,
2742 5247 2797 5292 et
2822 5241 3150 5307 congaudeo.
3173 5239 3227 5292 Si
3265 5248 3442 5292 autem
3467 5255 3678 5309 perma-

2113 5341 2209 5381 nes
2237 5328 2289 5381 in
2318 5331 2582 5393 cacitate,
2609 5330 2713 5383 noli
2740 5331 3004 5400 indignari
3035 5333 3079 5384 si
3111 5332 3479 5398 convinceris;
3513 5330 3678 5384 dicito

2114 5418 2158 5473 si
2183 5420 2313 5488 quid
2336 5421 2534 5475 addidi.
2568 5422 2622 5476 Si
2657 5432 2832 5476 autem
2867 5423 3004 5492 apud
3047 5433 3100 5479 te
3137 5434 3262 5478 sunt
3295 5425 3511 5495 scripta
3544 5436 3677 5476 auro

2176 5560 2288 5629 (63)
2314 5560 2414 5633 Ms.
2439 5562 2715 5633 aliquoties
2739 5575 2908 5616 autem
2935 5567 2988 5617 iit
3011 5575 3185 5620 tauro.

2177 5633 2285 5699 (68)
2319 5631 2412 5684 Ms.
2445 5631 2534 5685 sed
2567 5645 2742 5691 rostrrc
2766 5633 3038 5701 (abulmiu
3065 5635 3234 5688 libris.
