4050 6206
356 234 497 295 1157

1140 241 1227 297 BE
1264 242 1352 298 ΕΟ
1390 243 1579 312 QUOD
1614 247 1791 306 DEUS
1830 249 2063 311 PATER
2103 254 2613 315 INCORPORMJS
2650 264 2803 321 EST.

3461 265 3601 324 "58

343 363 416 409 et
450 364 676 424 argento
702 364 761 449 et
781 353 1055 449 lapidibus
1082 364 1139 412 et
1167 357 1466 427 parietibus
1501 370 1556 417 et
1582 364 1847 434 theatris;
1882 370 1927 424 si
1957 376 2004 435 Α
2031 386 2136 440 que
2167 382 2312 428 terra
2336 375 2558 445 jurgans
2587 384 2790 431 natura:
2818 383 3098 433 alacritate
3116 375 3494 449 iurgavlt,‘sed
3517 385 3599 439 lex

340 463 459 519 ego
484 449 537 503 in
565 463 728 518 parva
751 448 879 503 hora
915 459 967 501 et
993 447 1096 503 hoc
1138 451 1328 520 pigens
1354 450 1565 523 loquor,
1591 466 1808 526 propter
1830 459 1930 513 mi-

341 528 686 595 serationem
744 549 920 595 autem
948 555 1268 597 commoneo
1299 560 1312 598 :
1346 545 1472 614 quia
1521 562 1641 617 qua:
1693 550 1862 619 vides,
1896 568 1930 608 o

345 636 546 697 homo,
577 642 629 688 et
662 632 830 687 oculis
888 641 944 687 et
994 647 1156 689 sensu
1211 649 1320 689 non
1382 636 1631 707 intueris,
1693 642 1761 697 ad
1816 644 1930 700 haec

348 724 630 779 irasceris.
658 723 711 778 Si
745 723 828 778 dei
855 733 1002 789 sunt,
1034 725 1262 782 adulteri
1287 743 1395 783 non
1414 739 1572 797 sunt;
1605 733 1652 787 si
1676 735 1928 804 adulleri,

351 831 466 870 non
509 823 628 871 sunt
652 814 743 870 dii.
762 814 819 871 Si
849 824 1029 872 autem
1056 818 1242 874 volunt
1270 819 1469 875 habere
1486 823 1758 882 adulteros
1774 828 1927 895 deos,

354 921 459 962 nos
488 905 697 975 quidem
736 906 817 961 eis
847 922 954 962 non
992 908 1396 977 maledicimus;
1430 914 1538 969 sint
1568 926 1747 973 autem
1782 930 1842 976 ut
1874 923 1927 978 hi

354 998 447 1067 qui
469 997 760 1052 adorantur
785 999 853 1054 ab
878 1000 1005 1055 illis.
1050 999 1263 1058 Primus
1289 1003 1500 1061 illorum
1531 1008 1673 1066 deus
1706 1027 1811 1068 non
1845 1023 1931 1071 est

353 1086 575 1142 satiatus
593 1087 838 1156 libidine,
864 1090 916 1145 in
944 1091 1100 1161 coelo,
1123 1101 1182 1148 ut
1203 1094 1303 1165 ipsi
1327 1096 1511 1154 volunt
1532 1115 1673 1172 saepe
1694 1119 1816 1160 cum
1832 1123 1928 1163 sua

352 1178 577 1250 conjuge
602 1195 769 1252 agens
805 1197 820 1235 :
857 1183 1030 1241 sicubi
1055 1186 1199 1241 enim
1226 1203 1350 1244 cum
1396 1190 1500 1247 alia
1537 1194 1791 1253 inventus
1822 1210 1927 1268 est,

345 1272 533 1327 statim
560 1288 590 1327 a
618 1288 714 1328 sua
739 1273 889 1330 zelus
917 1290 1179 1335 accensus
1206 1289 1292 1336 est
1318 1298 1333 1336 :
1358 1298 1466 1338 non
1488 1287 1632 1341 enim
1672 1290 1927 1347 credebat

350 1366 452 1423 deo
481 1368 579 1422 dea
620 1368 760 1425 male
779 1370 847 1425 de
868 1384 935 1427 eo
962 1383 1233 1443 suspecta.
1266 1374 1324 1431 Si
1350 1379 1495 1433 enim
1531 1390 1588 1436 et
1627 1398 1657 1437 a
1682 1387 1927 1444 mortali-

350 1457 451 1512 bus
479 1473 539 1513 se
567 1474 671 1514 non
707 1461 1041 1529 continebat,
1093 1468 1365 1535 quomodo
1416 1471 1519 1526 iste
1552 1487 1581 1527 a
1617 1475 1930 1536 cmlestibus

334 1555 412 1599 aut
442 1547 629 1603 volunt
654 1550 920 1604 cessavit?
943 1551 1046 1606 Sed
1069 1554 1346 1610 concedite
1367 1556 1561 1627 lingua
1587 1578 1600 1613 :
1623 1575 1764 1616 nunc
1783 1565 1927 1619 enim

353 1655 543 1696 aurum
573 1651 657 1696 est
704 1642 756 1697 in
804 1643 956 1699 sinus
1003 1644 1267 1714 virginum
1320 1648 1553 1719 liquens,
1610 1661 1670 1706 ut
1711 1652 1920 1709 foretur

2033 465 2333 519 communis
2368 464 2577 520 Domini
2609 476 2691 521 est
2725 467 2896 536 posita
2924 467 3058 522 ﬁnes
3081 468 3293 535 merui,
3322 480 3376 525 et
3402 473 3454 526 in
3480 483 3600 529 tan-

2031 554 2101 609 tis
2122 555 2333 612 sazculis
2360 557 2557 626 digitus
2581 558 2795 614 additus
2816 575 2920 615 non
2950 570 3054 628 est,
3087 561 3406 618 fluminibus
3434 565 3601 620 tantis

2029 652 2086 698 et
2114 643 2351 701 fontibus
2399 646 2452 701 in
2485 649 2650 703 maris
2692 649 2900 704 sinibus
2934 650 3358 708 incurrentibus.
3413 653 3604 712 Flante

2028 743 2189 791 vento
2234 747 2529 807 pascuntur
2585 740 2804 796 flatibus
2856 757 3038 809 naves,
3084 743 3150 797 ad
3182 744 3379 799 cmlum
3430 760 3603 815 usque

2033 826 2310 883 tolluntur.
2348 829 2415 883 Et
2442 831 2564 901 quis
2587 847 2973 903 nonnunquam
2998 835 3365 903 pertransieus
3397 836 3599 899 timuit,

2030 933 2099 974 ne
2119 929 2178 973 ut
2207 921 2466 986 minatur,
2502 924 2575 977 ita
2598 923 2823 980 efl‘usum
2855 925 3276 995 comprehendat
3296 927 3602 981 astantem?

2028 1008 2423 1081 Nonnunquam
2460 1014 2601 1069 enim
2644 1024 2698 1070 et
2735 1015 3028 1071 declinavit
3055 1030 3221 1081 mare,
3252 1018 3398 1071 venit
3433 1017 3521 1071 ubi
3548 1018 3597 1071 ei

2030 1111 2287 1159 statutum
2322 1114 2426 1169 est,
2487 1104 2842 1179 legislatorem
2893 1118 2948 1163 et
2996 1115 3313 1163 statutorem
3354 1108 3478 1165 finis
3526 1106 3598 1164 ti-

2030 1210 2214 1261 mens;
2242 1205 2295 1251 et
2318 1194 2571 1265 frangens
2600 1198 2792 1253 fluctus
2813 1198 2880 1253 ad
2902 1198 3073 1266 littus,
3098 1201 3335 1255 ostendit
3361 1200 3599 1256 invisibi-

2029 1285 2131 1341 lem
2162 1302 2256 1357 per
2282 1302 2345 1343 ea
2371 1304 2488 1358 qua:
2514 1290 2782 1348 videntur.
2814 1292 2921 1346 Ista
2956 1292 3110 1347 decet
3136 1292 3184 1345 ei
3213 1293 3446 1357 cithara,
3478 1306 3599 1363 qua)

2034 1370 2088 1424 in
2113 1368 2377 1427 frontibus
2410 1372 2688 1428 hominum
2720 1374 3033 1430 harmonins
3062 1376 3339 1441 describit,
3383 1376 3471 1429 ubi
3501 1376 3598 1431 de-

2033 1456 2197 1514 beant
2224 1473 2345 1516 esse
2364 1462 2526 1528 oculi,
2556 1472 2611 1518 et
2640 1464 2768 1533 quid
2803 1464 2945 1519 circa
2981 1465 3158 1535 ipsos;
3194 1466 3281 1520 ubi
3313 1467 3519 1532 dentes,
3543 1474 3599 1520 et

2035 1551 2254 1619 quanti;
2301 1552 2389 1607 ubi
2421 1568 2605 1621 aures,
2650 1565 2705 1609 et
2738 1565 2867 1625 quot
2896 1565 2951 1611 et
2979 1557 3044 1610 ad
3073 1558 3236 1627 quid;
3270 1557 3356 1611 ubi
3394 1557 3595 1628 lingua,

2035 1651 2090 1697 et
2119 1644 2186 1697 ad
2214 1645 2373 1713 quid;
2405 1645 2527 1715 quis
2557 1662 2683 1702 usus
2709 1654 2791 1701 est
2824 1648 3100 1703 oculorum
3128 1665 3142 1713 ;
3177 1649 3264 1703 ubi
3294 1666 3519 1719 ungues,
3544 1664 3598 1707 et

349 1732 469 1803 ejus
490 1732 855 1802 virginitatem
895 1755 907 1789 :
939 1734 1079 1790 forte
1106 1744 1280 1791 autem
1318 1748 1372 1791 et
1408 1739 1543 1794 bene
1579 1738 1829 1811 liquescit
1856 1743 1923 1799 ti-
1956 1720 1999 1776 Β
2025 1734 2092 1788 ad
2127 1748 2426 1805 quantum;
2459 1739 2545 1792 ubi
2574 1738 2773 1805 capilli.
2803 1748 2857 1794 et
2879 1740 2964 1793 ubi
2987 1756 3089 1794 non
3116 1740 3289 1808 capilli
3315 1758 3329 1804 ;
3359 1742 3485 1810 quid
3516 1743 3596 1797 in-

352 1822 477 1879 bido
509 1824 787 1891 dissoluta,
836 1826 882 1880 si
918 1836 1100 1884 taurus
1143 1830 1275 1884 deus
1309 1830 1544 1899 illorum,
1578 1834 1668 1903 qui
1704 1850 1809 1889 non
1835 1846 1919 1892 est

354 1915 436 1968 dei
459 1917 762 1987 progenies,
791 1916 983 1973 fabula:
1027 1934 1091 1974 ex
1123 1920 1284 1975 corde
1333 1922 1642 1992 figmentum
1690 1927 1916 1982 mendax

353 2015 542 2059 natura
575 2015 759 2061 taurus
782 2016 897 2075 est;
924 2018 980 2063 et
1028 2009 1155 2079 quid
1185 2020 1341 2079 putas
1373 2013 1453 2067 vir
1491 2024 1546 2069 et
1576 2023 1766 2071 taurus
1794 2033 1916 2087 por-

348 2104 471 2151 tans
497 2098 753 2167 virginem
784 2098 1021 2155 libidinis
1045 2116 1254 2165 servus,
1281 2106 1735 2175 concupiscentiae
1761 2109 1918 2161 mini-

346 2195 478 2252 ster,
531 2188 582 2241 in
617 2188 755 2243 collo
807 2190 958 2260 virgo
1013 2206 1137 2246 cum
1194 2192 1418 2250 libidine
1461 2196 1914 2265 dominaYQnam

344 2280 488 2333 enim
517 2279 739 2346 ﬁguram
793 2282 1122 2348 intermisit,
1178 2289 1392 2354 quando
1442 2288 1646 2357 quievit
1697 2307 1767 2345 ne
1817 2292 1918 2345 im-

336 2378 647 2423 mutaretur
684 2386 905 2442 cygnus,
937 2380 1145 2438 taurus,
1175 2375 1377 2444 aquila,
1406 2378 1634 2431 aurum?
1667 2388 1761 2433 aut
1786 2395 1917 2435 con-

346 2456 520 2513 tinens
561 2458 733 2514 factus
757 2469 842 2514 est
887 2462 1067 2516 nunc?
1102 2461 1281 2518 Multis
1307 2467 1451 2517 enim
1478 2464 1590 2530 iam
1625 2468 1781 2523 annis
1810 2482 1913 2523 non

340 2556 426 2601 εει
452 2546 627 2603 factus
650 2549 849 2619 aquila,
877 2560 930 2605 et
951 2561 1100 2606 certe
1140 2567 1244 2607 non
1270 2553 1426 2623 pauci
1455 2553 1546 2608 lilii
1572 2565 1623 2610 et
1649 2557 1772 2612 boni
1802 2559 1913 2614 nati

342 2647 470 2693 sunt
503 2641 555 2693 in
590 2641 829 2694 deserto.
864 2639 1026 2696 Putas
1057 2643 1237 2696 senuit
1261 2652 1316 2697 et
1340 2646 1767 2714 concupiscentia
1799 2665 1914 2705 ces-

342 2730 504 2795 savit,
530 2739 624 2783 aut
656 2732 1022 2800 paenitentiam
1052 2733 1285 2789 libidinis
1322 2734 1529 2801 habuit,
1573 2747 1627 2792 et
1677 2756 1818 2795 nunc
1854 2757 1913 2798 se

342 2820 453 2890 jam
478 2822 756 2877 continet?
776 2822 894 2877 Jam
923 2824 1064 2879 enim
1096 2841 1201 2881 non
1231 2827 1370 2897 rapit
1394 2842 1640 2896 puerum.
1674 2831 1912 2887 Confun-

343 2913 445 2967 dor
481 2922 539 2967 et
571 2914 748 2969 dicere
782 2917 881 2969 sub
909 2930 1011 2986 qua
1040 2919 1321 2973 occasione
1355 2935 1459 2974 non
1489 2922 1778 2978 suffecerat
1823 2943 1912 2981 so-

343 3020 436 3060 ror
458 3004 676 3075 conjux,
718 3010 1083 3078 cooperatrix,
1116 3025 1181 3064 ex
1224 3026 1327 3081 qua
1362 3015 1470 3069 nati
1505 3025 1628 3069 sunt
1666 3017 1906 3086 plurimi,

2024 1823 2310 1889 trinsecus,
2346 1826 2473 1895 quid
2505 1829 2896 1897 constringere,
2947 1829 3071 1897 quid
3124 1828 3417 1894 involvere,
3462 1833 3590 1901 quid

2022 1915 2222 1980 velare,
2247 1918 2371 1986 quid
2395 1916 2600 1984 jacere,
2640 1929 2693 1972 et
2721 1920 2783 1972 ad
2814 1920 2942 1988 quid
2976 1920 3137 1986 utile;
3170 1922 3288 1990 quis
3318 1923 3594 1994 suscipere

2022 2018 2177 2059 escas
2212 2017 2265 2060 et
2294 2006 2567 2072 dividere;
2597 2017 2823 2075 quantas
2850 2024 3129 2063 mensuras
3167 2011 3359 2064 debeat
3393 2015 3594 2066 habere

2022 2096 2194 2161 cibus,
2225 2105 2279 2151 et
2300 2107 2557 2167 quantum
2589 2098 2733 2152 intus
2756 2098 2946 2153 debeat
2974 2115 3314 2168 permanere,
3342 2111 3393 2156 et
3420 2118 3595 2172 quan-

2023 2185 2091 2238 do
2121 2185 2313 2240 debeat
2340 2202 2591 2256 purgare,
2617 2197 2671 2240 et
2712 2187 2757 2242 si
2788 2188 3069 2245 transierit
3119 2192 3329 2255 horam,
3360 2192 3596 2247 ostendit

2026 2290 2248 2329 noxam.
2302 2275 2407 2329 lsta
2462 2276 2578 2347 lyra
2629 2278 2784 2332 decet
2837 2278 2943 2334 Deo
3001 2281 3296 2348 composita
3352 2281 3596 2338 melodiis

2023 2364 2384 2417 membrorum
2415 2379 2429 2415 :
2462 2365 2622 2419 habet
2646 2367 2788 2420 enim
2810 2382 3004 2422 nervos
3031 2377 3083 2422 et
3109 2372 3301 2425 cordas
3325 2371 3376 2424 in
3400 2373 3594 2441 quibus

2020 2465 2077 2509 et
2103 2470 2165 2509 os
2195 2456 2262 2509 ad
2297 2470 2477 2510 ossum
2504 2465 2613 2520 est,
2642 2466 2697 2510 et
2726 2458 2932 2512 viscera
2974 2460 3040 2513 ad
3072 2460 3298 2524 viscera,
3345 2474 3399 2517 et
3431 2479 3594 2518 mem-

2021 2548 2115 2602 bra
2152 2548 2219 2601 ad
2251 2549 2517 2615 membra,
2548 2564 2642 2617 per
2670 2565 2788 2618 qua:
2823 2551 3165 2620 deponuntur
3201 2565 3252 2608 et
3275 2556 3593 2623 aperiuntur

2020 2656 2211 2695 manus
2241 2658 2253 2694 :
2293 2655 2389 2710 per
2425 2656 2543 2709 qua:
2581 2640 2889 2706 flectuntur,
2932 2652 2987 2696 et
3022 2643 3215 2699 iterum
3246 2647 3472 2701 redeunt
3499 2663 3593 2716 pe-

2019 2732 2145 2797 des;
2173 2732 2498 2787 clauduntur
2525 2734 2666 2789 oculi
2695 2734 2761 2787 ad
2796 2734 3166 2801 refectionem,
3193 2748 3249 2791 et
3284 2740 3475 2793 iterum
3506 2754 3590 2794 re-

2018 2833 2276 2878 vocantur
2302 2825 2367 2879 ad
2386 2840 2538 2895 opus.
2573 2826 2639 2880 Et
2667 2827 2788 2896 quis
2812 2827 3009 2897 poterit
3039 2828 3384 2884 dinumerare
3412 2847 3589 2901 quan-

2020 2922 2087 2967 tae
2112 2914 2409 2970 istiusmodi
2436 2930 2651 2985 semper
2674 2916 3046 2986 percutiuntur
3080 2918 3231 2989 lyrae,
3266 2936 3373 2975 non
3404 2921 3457 2975 in
3481 2938 3588 2976 uno

2019 3014 2226 3060 tantum
2258 3006 2498 3070 homine,
2540 3022 2642 3062 nec
2672 3008 2724 3060 in
2755 3007 3062 3063 hominibus
3101 3009 3248 3075 solis,
3295 3012 3386 3065 sed
3430 3022 3485 3066 et
3533 3016 3586 3067 in

342 3098 437 3151 sed
466 3098 576 3166 jam
610 3114 751 3153 nunc
782 3116 886 3153 non
920 3112 1233 3155 nascuntur.
1259 3101 1554 3161 Consenuit
1580 3118 1759 3162 autem
1782 3124 1907 3163 con-
1938 3097 1981 3154 (ἶ
2012 3099 2157 3152 Omni
2190 3098 2451 3152 mima“?
2479 3098 2729 3154 omnibus
2761 3101 2905 3154 enim
2934 3115 3219 3166 mensum,
3245 3112 3450 3171 εθιειιθει
3481 3120 3591 3165 ma-

337 3186 569 3257 jugium,
599 3204 695 3243 cur
716 3189 827 3257 jam
854 3206 955 3244 non
991 3192 1244 3259 pariunt?
1272 3194 1378 3248 Sed
1422 3210 1527 3249 non
1564 3196 1777 3253 suffecit
1799 3199 1909 3265 illa,

340 3278 474 3333 abiit
499 3281 567 3334 ad
599 3281 851 3335 mortales
884 3300 896 3336 :
929 3281 1138 3337 suffecit
1168 3300 1270 3337 non
1297 3287 1533 3342 secunda
1577 3288 1764 3343 eodem
1800 3306 1913 3344 mo-

345 3385 435 3435 re;
469 3368 797 3425 multiforme
825 3376 969 3426 extim
1024 3384 1106 3428 cst
1159 3374 1380 3432 malum.
1429 3375 1545 3429 Non
1595 3377 1913 3434 suffecerant

338 3460 595 3513 mortales
625 3474 640 3512 :
669 3461 735 3514 ad
766 3463 1034 3517 masculos
1057 3465 1323 3518 convertit
1354 3465 1647 3520 libidinem.
1673 3468 1908 3538 Opoeta,

336 3565 473 3620 quos
506 3550 876 3606 irridebimus?
904 3553 1072 3623 magis
1099 3564 1277 3609 autem
1302 3570 1438 3625 quos
1466 3556 1911 3616 lamentabimus?

337 3656 430 3696 eos
489 3643 578 3711 qui
609 3642 963 3711 scripserunt,
992 3655 1083 3698 aut
1108 3660 1204 3699 eos
1243 3649 1331 3715 qui
1369 3664 1510 3703 nunc
1540 3665 1711 3719 usque
1761 3653 1909 3706 illum

335 3734 427 3803 qui
475 3734 526 3787 in
567 3734 782 3788 dextera
820 3745 996 3804 portat
1034 3737 1291 3805 aquilam,
1322 3739 1607 3794 adorantes
1646 3753 1699 3794 et
1742 3742 1915 3811 respi-

336 3826 564 3891 cientes,
593 3836 683 3881 aut
710 3826 949 3881 colentes
978 3828 1137 3881 sunt?
1161 3826 1267 3881 Sed
1299 3838 1453 3896 putas
1485 3831 1609 3900 quia
1641 3833 1740 3887 iste
1765 3835 1909 3889 solus

335 3919 539 3971 exstitit
563 3918 728 3973 talis?
756 3933 932 3972 nonne
954 3928 1010 3972 et
1038 3919 1321 3974 citharista
1362 3922 1449 3975 ille
1474 3921 1772 3978 honestus?
1802 3925 1908 3995 pri-

337 4023 426 4062 mo
457 4009 674 4079 quidem
705 4025 801 4064 cur
829 4008 1137 4065 citltaristas
1164 4011 1294 4065 deos
1321 4026 1607 4081 ponamus,
1638 4014 1762 4082 quia
1806 4015 1906 4068 ista

336 4098 489 4155 decet
520 4102 796 4155 harmonia
828 4102 1065 4156 decora?
1104 4102 1206 4156 ista
1252 4105 1395 4158 enim
1434 4113 1517 4159 est
1566 4105 1657 4160 illa
1700 4105 1753 4159 in
1798 4122 1903 4176 qua

336 4191 599 4261 olympias
626 4208 641 4244 :
668 4190 948 4246 harmonia
973 4202 1151 4247 autem
1179 4193 1263 4246 illa
1294 4202 1377 4246 est
1404 4209 1546 4257 vera,
1581 4196 1633 4249 in
1665 4211 1769 4266 qua
1799 4211 1907 4253 cte-

337 4281 446 4336 lum
485 4292 588 4347 est,
630 4292 685 4338 et
721 4292 863 4337 terra
898 4293 980 4338 est
1012 4285 1206 4352 posita,
1250 4301 1400 4340 mare
1432 4287 1663 4357 adjacet,
1712 4298 1768 4343 et
1812 4303 1908 4345 aer

336 4386 418 4428 est
445 4376 798 4446 compositus,
827 4384 882 4430 et
919 4377 1220 4445 percutitur
1257 4380 1566 4435 consensio.
1614 4380 1731 4436 Non
1760 4381 1902 4438 enim

335 4466 484 4537 pellit
511 4483 660 4521 mare
692 4477 891 4521 terram
938 4476 1160 4536 propter
1191 4468 1531 4524 harmoniam
1576 4487 1590 4524 :
1638 4486 1744 4526 non
1794 4488 1900 4529 nox

335 4564 440 4619 diei
468 4563 594 4617 facit
615 4564 742 4627 vim,
768 4578 872 4617 non
898 4562 1213 4632 permittunt
1233 4565 1376 4619 enim
1409 4564 1551 4620 illius
1582 4565 1899 4622 harmoniae.

336 4656 543 4720 Dicitis,
571 4656 761 4710 malum
785 4655 1048 4709 consentit
1072 4656 1157 4710 his
1176 4671 1292 4726 qua:
1308 4657 1559 4713 deorsum
1588 4668 1733 4715 sunt.
1761 4660 1903 4715 Tan-

335 4756 447 4802 tum
477 4747 618 4802 enim
646 4744 872 4815 pmbuit
902 4744 953 4799 in
979 4758 1044 4800 eo
1076 4746 1153 4800 sol
1185 4747 1412 4815 positus,
1456 4759 1717 4818 quantum
1755 4759 1902 4806 esset

337 4838 465 4893 utile
486 4838 695 4907 parari;
723 4847 776 4892 et
804 4845 1008 4890 tantum
1038 4837 1303 4904 accendit,
1329 4850 1590 4907 quantum
1617 4850 1734 4897 erat
1766 4857 1900 4896 con-

335 4931 593 4996 veniens;
624 4940 679 4986 et
708 4931 881 5000 pergit
912 4937 966 4983 et
998 4928 1157 4991 redit,
1203 4938 1262 4983 ut
1291 4944 1465 4999 neque
1499 4932 1783 4988 abundans
1814 4933 1899 4988 in-

338 5022 580 5077 cendium
602 5029 852 5076 exureret
883 5020 1098 5087 omnia;
1129 5034 1300 5087 neque
1330 5021 1522 5075 iterum
1547 5021 1592 5076 si
1620 5031 1901 5077 transcen-

338 5112 505 5176 deret,
546 5110 742 5183 frigore
780 5112 1018 5181 perirent
1060 5109 1333 5166 universa.
1371 5109 1474 5165 Sed
1499 5121 1553 5167 et
1584 5128 1901 5170 communes

338 5200 631 5255 harmonia:
664 5210 718 5257 et
743 5201 987 5271 partibus
1016 5201 1221 5265 divisa,
1251 5202 1391 5256 sicut
1416 5201 1563 5255 brevi
1596 5202 1761 5257 silura
1788 5219 1901 5257 ma-

332 5291 451 5363 iora
497 5292 728 5359 cuidam,
778 5292 897 5346 aliae
942 5291 1090 5346 siluri
1120 5306 1320 5346 canore
1347 5291 1717 5347 consentiens.
1757 5292 1901 5348 Istud

336 5398 489 5440 mare
517 5398 766 5454 magnum
812 5393 867 5439 et
922 5384 1238 5452 spatiosum,
1279 5381 1430 5452 cujus
1470 5379 1661 5436 fluctus
1696 5383 1897 5437 coelum

334 5475 573 5546 pulsant,
613 5483 771 5529 terra
798 5474 1057 5529 terminos
1082 5485 1191 5528 non
1219 5473 1627 5527 transcendunt.
1668 5470 1771 5527 Sed
1807 5485 1894 5525 ne-

408 5610 521 5681 (65)
552 5609 646 5669 Ms.
676 5610 903 5665 Uranus.
937 5606 1044 5663 Vox
1070 5606 1252 5665 Graeca
1279 5609 1524 5680 οὐρανός,
1548 5607 1737 5663 Latine
1763 5608 1893 5663 scri-

335 5695 448 5751 pta.

2015 3186 2342 3255 gnitudines,
2391 3188 2657 3255 dentium,
2695 3204 2979 3256 cornuum,
3026 3184 3349 3260 quibusdam
3394 3202 3448 3247 et
3481 3209 3586 3249 non

2014 3286 2139 3331 sunt
2166 3292 2384 3331 cornua.
2419 3278 2554 3331 Aliis
2602 3278 2697 3346 pili
2736 3289 2883 3345 sunt,
2927 3289 2979 3334 et
3035 3279 3331 3347 cnjusmodi
3385 3282 3585 3352 capilli,

2014 3384 2220 3437 ungues
2252 3380 2306 3423 et
2337 3362 2637 3437 cnjns'modi
2680 3386 2907 3440 ungues,
2953 3387 3142 3441 pennae
3172 3384 3226 3428 et
3255 3375 3449 3430 iterum
3482 3357 3588 3432 non

2022 3475 2230 3529 penum,
2262 3472 2317 3515 et
2355 3462 2406 3515 in
2441 3462 2616 3530 aquis,
2638 3471 2691 3516 et
2720 3462 2770 3516 in
2805 3478 2948 3528 aere,
2976 3474 3030 3518 et
3059 3466 3111 3517 in
3150 3467 3308 3529 mari,
3332 3477 3386 3520 et
3410 3469 3461 3522 in
3489 3470 3589 3523 flu-

2014 3551 2143 3615 viis,
2195 3559 2249 3604 et
2286 3550 2337 3604 in
2379 3550 2637 3614 fontibus,
2693 3561 2747 3604 et
2784 3552 3193 3608 innumerabilia
3244 3570 3364 3623 qua:
3396 3571 3588 3613 exsur-

2012 3649 2161 3709 gunt,
2194 3655 2297 3694 una
2328 3649 2505 3695 tamen
2535 3649 2617 3694 est
2644 3640 2943 3695 harmonia.
2966 3640 3099 3695 Cum
3130 3643 3274 3696 enim
3316 3660 3466 3699 suam
3495 3663 3587 3703 ae-

2011 3733 2254 3787 cenderit
2286 3733 2583 3798 lucernam,
2631 3748 2752 3787 cum
2801 3749 2956 3788 suum
2985 3734 3190 3790 scilicet
3232 3738 3436 3792 oraviis
3468 3739 3585 3811 (65)

2012 3823 2171 3879 fuerit
2205 3826 2398 3892 solem,
2432 3842 2553 3882 cum
2584 3842 2612 3879 a
2643 3826 2837 3881 finibus
2860 3827 3084 3883 orientis
3114 3829 3273 3884 simul
3320 3830 3387 3885 ad
3426 3846 3585 3888 occa-

2011 3928 2130 3969 sum
2181 3919 2542 3973 transmiserit
2590 3917 2806 3987 lumen;
2865 3934 3026 3974 omne
3072 3932 3317 3977 movetur
3360 3924 3581 3991 animal,

2010 4008 2426 4077 unumquodque
2468 4009 2531 4061 ad
2561 4010 2703 4077 quod
2733 4010 2780 4064 ei
2810 4020 2999 4065 natura
3027 4021 3134 4067 est.
3167 4013 3232 4066 Et
3256 4029 3434 4069 mensa
3462 4018 3583 4085 qui-

2010 4094 2129 4147 dem
2161 4096 2461 4150 communis
2490 4107 2571 4151 est
2599 4097 2777 4166 plena,
2820 4109 2876 4153 et
2912 4100 3056 4152 aliud
3084 4099 3283 4153 animal
3321 4101 3386 4154 ad
3421 4100 3581 4156 aliam

2009 4195 2259 4255 properat
2284 4201 2484 4250 escam,
2511 4187 2654 4242 aliud
2683 4189 2812 4244 alibi
2839 4190 3073 4253 devitat;
3103 4201 3157 4246 et
3184 4207 3304 4260 qua:
3331 4192 3438 4246 illis
3475 4194 3583 4246 uti-

2007 4276 2078 4331 lia
2115 4293 2219 4332 non
2243 4288 2388 4345 sunt,
2427 4279 2547 4334 aliis
2604 4280 2979 4335 convenientia
3033 4280 3321 4335 habentur.
3367 4280 3583 4338 Eiciunt

2009 4368 2118 4439 (66)
2143 4370 2529 4426 irrationabilia
2570 4386 2667 4441 per
2711 4374 3009 4429 istiusmodi
3042 4374 3378 4428 harmoniam
3413 4375 3583 4429 addu-

2006 4474 2115 4529 cta,
2154 4466 2278 4534 quis
2312 4464 2426 4537 (67)
2454 4465 2648 4521 debeat
2675 4476 2915 4535 gustare,
2944 4474 2995 4520 et
3021 4480 3140 4535 quae
3173 4465 3363 4520 debeat
3385 4465 3578 4533 vitare,

2006 4568 2059 4614 et
2088 4574 2210 4612 cum
2250 4558 2442 4627 quibus
2471 4557 2805 4614 conversari.
2833 4556 2939 4611 ista
2971 4555 3170 4612 decens
3214 4556 3322 4613 Deo
3368 4558 3580 4613 harmo-

2008 4658 2097 4713 nia
2126 4666 2231 4720 est,
2259 4669 2353 4725 per
2380 4670 2540 4725 quam
2569 4655 2649 4710 sol
2682 4663 2917 4709 statutus
2941 4654 3007 4707 ad
3038 4668 3256 4709 cursum
3282 4661 3388 4720 est,
3417 4663 3471 4707 et
3494 4652 3579 4709 lu-

2010 4763 2077 4804 na
2113 4749 2179 4803 ad
2203 4748 2578 4811 crescendum,
2603 4758 2659 4803 et
2684 4746 2853 4802 stella:
2881 4750 2949 4802 ad
2975 4746 3169 4815 spatia.
3204 4744 3366 4800 lstam
3389 4760 3579 4831 percu-

2008 4844 2079 4910 tit.
2103 4855 2199 4910 per
2220 4839 2334 4894 dies
2360 4847 2415 4894 et
2443 4849 2647 4900 noctes,
2677 4836 2943 4908 siquidem
2971 4845 3025 4892 et
3048 4834 3376 4892 dormientes
3398 4846 3577 4907 anget,

2005 4938 2060 4983 et
2112 4928 2468 4984 efﬁcientibus
2503 4928 2708 4983 otiosus
2762 4942 2867 4981 non
2910 4934 3016 4981 est.
3070 4924 3137 4979 Et
3181 4925 3321 4982 Deus
3360 4927 3576 4997 quidem

2004 5019 2162 5075 istam
2187 5018 2302 5075 sine
2327 5020 2508 5089 digitis
2529 5028 2583 5074 et
2607 5018 2792 5074 labore
2821 5016 3054 5089 percutit
3078 5016 3414 5072 harmoniam
3441 5036 3456 5074 :
3485 5018 3575 5076 ille

2004 5121 2181 5166 autem
2206 5112 2321 5182 ,qui
2352 5111 2507 5165 fictus
2538 5118 2593 5165 et
2618 5123 2725 5164 non
2759 5109 2892 5165 deus
2917 5118 3021 5175 est,
3052 5109 3249 5179 accipit
3288 5110 3573 5180 virginem.

2003 5200 2048 5255 0
2078 5199 2357 5271 iniuriam!
2395 5200 2558 5271 Virgo
2584 5201 2653 5253 ob
2684 5199 2995 5270 pudicitiam
3024 5198 3159 5271 fugit
3187 5210 3203 5253 :
3231 5199 3361 5261 deus
3391 5212 3573 5278 autem

2004 5292 2096 5362 qui
2125 5292 2344 5357 dicitur,
2376 5291 2446 5347 ob
2472 5303 2712 5345 amorem
2750 5290 2986 5345 libidinis
3015 5289 3339 5360 insequitur,
3378 5301 3432 5346 et
3465 5308 3570 5347 non

2005 5384 2430 5455 comprehendit.
2464 5381 2770 5461 Veloeiores
2796 5384 2939 5439 enim
2978 5382 3143 5453 pedes
3172 5380 3323 5437 fuere
3347 5385 3571 5455 virginis

2009 5473 2280 5542 pudicitiae
2320 5486 2416 5539 per
2442 5469 2796 5537 voluntatem,
2822 5485 2985 5542 quam
3022 5470 3113 5529 ille
3150 5472 3239 5543 qui
3275 5487 3307 5528 a
3352 5472 3574 5531 libidine

2076 5607 2187 5677 (σε)
2221 5606 2450 5677 (licium.
2478 5607 2657 5670 Forte,
2675 5616 2723 5662 et
2744 5608 2932 5661 sciunt.

2074 5674 2187 5750 (67)
2218 5674 2372 5744 Quis.
2408 5676 2568 5733 Forte
2594 5695 2732 5749 qua,
2763 5678 2843 5733 vel
2867 5678 3012 5751 quid.
