4050 6206
518 252 653 309 Η59

1190 242 1451 298 EUSEBII
1492 239 1965 296 folSARIENSIS
2004 238 2154 292 OPP.
2190 236 2367 291 PARS
2404 236 2579 290 lV.——
2608 234 3029 291 DOGMATICA.

3625 238 3776 292 1160

514 370 804 425 dissolutus
831 378 931 424 est.
1001 367 1097 434 Qui
1126 366 1361 423 ambulat
1392 366 1616 426 sensim,
1645 364 1733 433 qui
1765 377 1955 432 passus
1984 375 2070 416 se-
2106 374 2149 427 Α
2185 359 2591 414 fornicationem
2630 356 2738 427 (68)
2770 358 3067 411 insecutum
3103 355 3345 425 quidem,
3379 373 3485 411 non
3511 373 3771 430 compre-

508 463 703 531 jungit,
745 464 847 516 iste
882 474 1021 513 nunc
1053 458 1311 512 festinans
1343 473 1445 513 non
1478 456 1883 525 comprehendit
1914 453 2077 524 virgi-

515 568 635 607 nem
666 569 679 607 :
708 551 867 620 pedes
899 548 1041 602 enim
1083 562 1112 601 a
1169 547 1388 601 libidine
1438 546 1701 609 dissoluti,
1737 561 1835 601 nec
1894 545 2079 601 molles

512 642 736 711 virginis
769 655 960 707 passus
998 638 1456 709 comprehendere
1504 645 1813 707 potuerunt,
1847 637 1940 689 sed
1983 651 2076 705 pa-

512 751 631 790 rum
682 732 808 802 quid
853 740 906 786 et
952 733 1237 803 pervenit:
1269 731 1389 785 talis
1429 745 1614 784 eorum
1657 732 1808 796 deus,
1852 741 1905 784 et
1946 733 2080 785 bene

516 824 973 889 comprehendens
1012 832 1093 877 est
1140 824 1388 878 columba
1433 825 1501 880 ab
1543 824 1800 892 accipitre
1829 824 2075 877 musico:

514 916 606 973 sed
642 926 805 978 terra,
833 916 1026 984 inquit,
1062 916 1303 982 miserta,
1336 916 1619 971 humanior
1649 916 1737 969 tali
1768 931 1951 969 eorum
1981 917 2081 972 deo

513 1011 651 1076 visa,
685 1008 961 1067 transtulit
983 1023 1101 1061 eam
1142 1006 1206 1060 ad
1240 1007 1469 1060 laurum.
1505 1005 1569 1060 Et
1592 1006 1733 1060 forte
1761 1006 1949 1059 maluit
1976 1007 2085 1059 vir-

511 1119 579 1170 go
612 1104 813 1172 lignum
854 1102 991 1167 fieri,
1028 1118 1188 1173 quam
1230 1118 1257 1155 a
1308 1102 1398 1155 tali
1430 1117 1618 1157 eorum
1649 1100 1748 1155 deo
1786 1100 2079 1167 corrumpi.

512 1194 606 1249 Ille
634 1205 815 1248 autem
848 1195 938 1267 qui
972 1202 1166 1261 praater
1199 1209 1346 1263 spem
1377 1210 1404 1247 a
1442 1192 1535 1246 tali
1562 1193 1845 1246 venatione
1877 1192 2084 1247 decide-

514 1296 619 1348 rat,
647 1285 832 1339 videns
867 1283 1128 1353 virginem
1159 1285 1211 1337 in
1243 1284 1490 1343 arborem
1518 1297 1861 1346 conversam,
1914 1297 2084 1349 neque

513 1379 864 1432 conversione
917 1377 1173 1433 confusus
1213 1387 1314 1441 est,
1369 1391 1543 1445 neque
1578 1377 1834 1433 translata
1891 1388 2085 1430 natura

515 1466 784 1520 transtulit
813 1478 859 1521 et
890 1482 1127 1521 amorem
1161 1486 1172 1522 :
1201 1470 1293 1521 sed
1318 1468 1490 1522 adhuc
1522 1467 1735 1521 fervens
1757 1484 1959 1531 amore,
1991 1470 2084 1527 atl-

513 1558 619 1611 huc
644 1558 837 1612 ardens
864 1559 1326 1626 concupiscentia,
1356 1559 1700 1629 amplectitur
1726 1561 1997 1623 arborem,
2036 1571 2087 1615 et

514 1650 754 1718 decerpit
788 1663 852 1702 ex
889 1650 973 1702 illa
1004 1666 1121 1719 qua:
1172 1651 1283 1721 jam
1332 1667 1436 1706 non
1479 1662 1597 1706 erat
1629 1654 1803 1724 virgo,
1852 1654 1995 1716 folia,
2032 1664 2085 1708 et

2186 452 2405 505 hcnsam
2430 458 2630 509 autem,
2659 450 2835 501 adhuc
2868 461 3034 514 usque
3064 446 3453 512 accusabilem,
3475 458 3529 502 et
3558 448 3776 519 lingunt

2185 546 2237 598 in
2271 541 2594 605 simulacris,
2652 549 2705 593 et
2754 541 2982 611 pingunt
3028 539 3078 592 in
3128 541 3453 609 parietibus.
3496 542 3608 598 Sed
3636 544 3773 612 quid

2186 635 2313 691 mihi
2340 644 2392 687 et
2421 634 2537 689 istis
2563 634 2679 688 est?
2706 634 3231 705 ltevertere,lingua,
3250 643 3304 687 et
3327 632 3456 691 audi
3476 636 3772 705 psalmum.

2184 744 2217 781 ο
2245 729 2420 783 anima
2444 746 2455 781 :
2476 727 2996 792 Convertere,anima
3028 728 3251 791 mea,ad
3280 728 3502 794 quietem
3532 737 3679 782 tuam
3697 728 3776 780 ⁸⁸.

2185 821 2321 887 Quid
2375 822 2503 875 mihi
2541 831 2624 874 est
2651 835 2745 879 eos
2784 821 2873 889 qui
2907 820 3039 875 loris
3071 828 3197 876 sunt
3232 820 3515 887 judicare?
3555 820 3781 876 Sufﬁcit

2186 915 2262 969 eis
2296 915 2417 985 quia
2452 914 2502 967 in
2537 914 2621 969 his
2648 914 2981 968 volutantur.
3022 912 3249 969 Cessent
3286 913 3349 971 de
3388 915 3621 985 opiﬁciis
3656 932 3777 969 non

2188 1006 2322 1060 bene
2390 1005 2624 1069 sentire;
2680 1004 2925 1063 fruentes
2980 1007 3125 1061 enim
3183 1007 3429 1073 cpilicia.
3482 1008 3625 1062 male
3696 1010 3781 1062 de

2186 1096 2416 1167 cpiticiis
2483 1097 2745 1160 sentiunt,
2795 1106 2849 1152 et
2881 1097 3118 1167 ipsorum
3177 1098 3480 1155 Creatorem
3532 1100 3777 1170 injuriis

2192 1199 2399 1259 petunt.
2460 1186 2581 1243 Sint
2640 1200 2697 1242 ut
2754 1190 2958 1253 volunt,
3015 1200 3069 1245 et
3128 1202 3275 1246 certe
3340 1192 3460 1246 nolo
3514 1208 3771 1249 εοεαε-ξε

2186 1290 2245 1334 ut
2307 1280 2512 1334 volunt.
2550 1279 2741 1335 Noster
2803 1293 2982 1335 autem
3037 1297 3217 1336 sermo
3276 1283 3445 1354 fugiat
3495 1296 3758 1357 quantum

2192 1381 2368 1440 potest
2416 1372 2626 1425 illorum
2680 1371 2925 1437 fetorem,
2970 1375 3093 1441 quia
3141 1375 3281 1444 apud
3334 1376 3478 1443 ipsos
3520 1386 3642 1433 sunt
3691 1377 3758 1431 li-

2186 1474 2424 1534 gmenta,
2459 1463 2668 1529 fabulas,
2696 1465 3006 1528 simulacra,
3033 1466 3322 1531 adulteria,
3352 1467 3759 1535 fornicationes,

2188 1557 2424 1627 sanguis,
2453 1555 2678 1625 lapides,
2716 1556 2886 1626 ligna,
2920 1558 3209 1623 daemones,
3246 1560 3540 1624 nuditates,
3588 1562 3767 1630 turpi-

2190 1649 2419 1713 tudines,
2450 1647 2672 1702 dicenda
2716 1657 2769 1702 et
2823 1664 2926 1701 non
2988 1649 3211 1705 dicenda
3259 1648 3497 1705 occulta.
3528 1649 3768 1721 Fugiens

514 1737 794 1791 confessus
823 1738 1107 1797 victoriam
1143 1743 1341 1795 victum
1374 1758 1527 1797 suum
1553 1754 1776 1798 coronat
1803 1757 1981 1814 caput,
2017 1748 2074 1799 ti-
2117 1756 2162 1815 Β
2190 1748 2367 1793 amem
2422 1738 2566 1801 inde.
2612 1748 2736 1808 agat
2782 1740 2984 1808 ετθιίθε
3036 1740 3109 1807 εί,
3155 1742 3246 1810 (illi
3294 1756 3355 1796 SC
3402 1740 3651 1795 ιίῦετδνῖῑ
3699 1744 3766 1795 δι’

516 1831 681 1881 tntum
732 1839 917 1897 utpote
974 1831 1027 1884 in
1085 1847 1281 1888 corona
1330 1834 1535 1889 libidini
1577 1851 1689 1893 suae
1728 1840 2083 1896 constituens.

516 1916 620 1971 Sed
652 1919 790 1973 forte
819 1922 1060 1990 quadam
1097 1936 1252 1991 poeta
1280 1925 1457 1981 facilis
1496 1937 1549 1981 et
1582 1928 1977 1984 inconsiderate
2009 1930 2086 1985 lo-

515 2029 687 2081 queus
732 2018 993 2072 mentitus
1030 2017 1094 2072 de
1112 2019 1212 2072 diis
1238 2030 1319 2073 est
1337 2020 1480 2086 talia,
1505 2030 1675 2075 etnon
1701 2032 1785 2075 est
1815 2023 2086 2080 insecutus

516 2105 775 2171 virginem
801 2107 1101 2161 citharista.
1130 2108 1268 2174 Quid
1298 2110 1471 2165 adhuc
1500 2126 1670 2179 usque
1702 2113 1752 2165 in
1777 2114 2080 2170 simulacris

515 2210 576 2245 es
621 2197 718 2247 ista
755 2197 945 2251 arbore
970 2187 1279 2265 coronatur,
1320 2209 1379 2254 ut
1406 2210 1596 2269 putant
1634 2203 1848 2271 quidem
1890 2206 1957 2258 ob
1995 2207 2084 2259 lm-

517 2287 735 2347 norem?
784 2287 840 2343 Si
876 2301 1055 2345 autem
1087 2290 1256 2346 honor
1295 2301 1378 2351 est
1419 2293 1826 2353 fornicationem
1878 2298 2079 2353 laudari

525 2513 738 2529 *μή

744 2515 1983 2541 W

2190 1827 2514 1882 istiusmodi.
2553 1827 2669 1882 Erit
2715 1832 2858 1882 enim
2918 1831 3089 1898 gratia
3142 1830 3362 1899 duplex,
3420 1831 3548 1900 quia
3591 1840 3645 1885 et
3703 1832 3765 1883 li-

2188 1921 2397 1975 beravit
2442 1935 2470 1973 a
2498 1921 2660 1983 falsis,
2713 1932 2767 1976 et
2793 1923 2857 1977 ad
2893 1938 3016 1976 vera
3050 1923 3292 1979 adduxit.
3326 1925 3569 1979 Liberali
3602 1925 3763 1996 igitur

2189 2010 2257 2063 ab
2286 2010 2391 2073 his,
2425 2020 2479 2063 et
2507 2011 2650 2080 digni
2682 2010 2907 2079 iudicati
2948 2013 3098 2067 estis.
3162 2013 3271 2068 Deo
3303 2029 3409 2070 non
3454 2025 3585 2069 nato
3618 2015 3757 2069 Patri

2187 2115 2282 2171 per
2326 2117 2487 2157 unum
2542 2103 2878 2172 unigenitum
2930 2120 3083 2158 suum
3133 2104 3326 2160 Filium
3385 2122 3511 2164 cum
3554 2108 3750 2176 Spiritu

2198 2200 2384 2244 sancto
2411 2192 2679 2259 sitgloria,
2700 2194 2887 2257 honor,
2912 2196 3212 2264 imperium,
3226 2198 3507 2265 majeStas.
3526 2212 3583 2253 et
3600 2216 3751 2261 nunc,

2190 2293 2244 2336 et
2271 2299 2502 2353 semper,
2547 2296 2599 2341 et
2630 2302 2723 2356 per
2750 2291 2925 2342 omnia
2956 2289 3148 2344 secula
3190 2290 3525 2345 saeculorum.
3558 2295 3759 2347 Amen.

1994 2531 3741 2556 MM

1476 2690 2035 2806 EUSEBII
2118 2699 2804 2818 PAMPHILI

571 2917 859 3008 ITEM
908 2919 1053 3006 DE
1105 2918 1254 3010 EO
1299 2922 1633 3027 QUOD
1691 2928 1996 3018 DEUS
2049 2931 2434 3025 PATER
2498 2939 3390 3037 INCOBPORALIS
3457 2948 3716 3075 EST,

1817 3118 2051 3180 LIBER
2092 3122 2435 3195 QUINTUS

584 3430 925 3501 Qumcnnque
956 3448 1019 3488 ex
1052 3434 1284 3504 cogitatu
1320 3436 1516 3491 debent
1547 3437 1723 3507 colligi
1778 3450 1833 3495 et
1884 3445 2081 3511 requiri
2113 3456 2154 3512 ο
2192 3445 2422 3516 lingunt,
2469 3460 2524 3501 ct
2569 3467 2672 3504 non
2721 3453 2890 3508 solum
2944 3456 2997 3510 in
3031 3458 3244 3529 templis
3276 3470 3330 3515 et
3357 3462 3654 3520 simulacris
3700 3463 3759 3523 ει

516 3523 602 3582 vel
642 3525 921 3592 exhiberi,
958 3525 1084 3595 quia
1129 3527 1486 3595 incorporalis
1517 3538 1598 3584 est
1645 3531 1737 3585 Dei
1780 3542 1994 3597 natura,
2032 3543 2086 3588 et

511 3616 623 3684 jam
649 3618 693 3671 si
728 3632 831 3673 non
861 3629 1122 3686 quantum
1173 3633 1260 3673 res
1310 3620 1425 3689 ipsa
1458 3621 1701 3689 deposcit
1727 3622 1859 3695 (69),
1903 3636 2081 3680 tamen

515 3718 775 3779 quantum
811 3709 875 3762 ad
910 3719 1147 3762 nostram
1178 3711 1426 3776 pervenit
1478 3712 1754 3779 virtutem,
1787 3716 1956 3783 magis
1990 3733 2087 3769 au-

518 3809 623 3855 tem
654 3809 913 3870 quantum
968 3800 1318 3854 imbecillitati
1377 3804 1547 3869 gratia
1578 3803 1819 3871 donavit,
1851 3808 1953 3861 ista
1992 3824 2088 3878 per

516 3892 712 3947 multos
742 3891 1042 3959 praeteritos
1070 3900 1124 3945 et
1149 3892 1505 3948 aduuavimus
1533 3894 1667 3960 dies,
1723 3907 1778 3951 et
1836 3902 2086 3952 tractavi-

516 3998 636 4038 mus
658 3986 710 4037 in
743 3998 1045 4038 commune.
1086 3982 1151 4038 Et
1180 3982 1226 4037 si
1256 3985 1377 4053 quis
1408 3988 1643 4056 pervidit
1691 4000 1783 4043 aut
1824 3992 2089 4047 intellexit

514 4083 608 4129 aut
642 4077 904 4141 meminit,
953 4077 1150 4130 nullam
1201 4077 1311 4147 jam
1360 4079 1522 4134 habet
1572 4080 1963 4139 dubitationem
2022 4087 2087 4139 tle

518 4166 604 4221 illa
637 4176 825 4221 natura
860 4183 963 4237 qua
993 4168 1314 4235 incorporali
1350 4169 1627 4227 decretum
1671 4184 1792 4228 est:
1828 4176 1918 4228 sed
1953 4174 2087 4231 forte

516 4259 682 4314 multa
716 4258 803 4312 illa
856 4260 1161 4314 sollicitudo
1194 4276 1312 4329 quae
1352 4275 1448 4330 per
1478 4263 1747 4332 cogitatus
1798 4267 2085 4334 processit,

512 4353 582 4407 ad
613 4351 770 4406 aliam
797 4354 1082 4423 quamdam
1117 4355 1481 4422 suSpicionem
1517 4357 1801 4412 nonnullos
1837 4359 2083 4413 adducet.

514 4443 765 4499 Dicentes
792 4447 932 4498 enim
960 4446 1048 4514 qui
1078 4445 1263 4498 volunt
1293 4456 1604 4516 pervertere
1634 4454 1804 4513 recta,
1840 4450 1964 4518 quia
1998 4467 2087 4504 co-

511 4539 714 4607 gitatus
739 4538 951 4608 quidem
985 4539 1109 4592 boni
1159 4547 1214 4592 et
1251 4540 1403 4601 veri,
1450 4549 1506 4594 et
1547 4541 1730 4595 decori
1763 4551 1818 4595 et
1857 4544 1989 4596 recti
2022 4544 2087 4597 de

514 4633 623 4689 Deo
649 4640 773 4685 sunt
809 4642 865 4684 et
886 4631 1184 4697 habentur;
1217 4630 1514 4702 Scriptum
1544 4645 1723 4688 autem
1750 4634 1832 4689 his
1857 4635 2012 4690 bonis
2034 4647 2088 4691 et

514 4723 674 4777 rectis
694 4721 1019 4790 cogitatibus
1045 4737 1148 4777 non
1176 4724 1540 4787 consentiunt,
1568 4725 1662 4778 sed
1695 4725 1869 4795 magis
1899 4740 1993 4796 per
2021 4742 2081 4781 ea

2192 3538 2511 3609 imaginibus
2534 3545 2825 3615 depingunt
2845 3558 2897 3601 et
2924 3549 3171 3617 figurant,
3203 3553 3296 3607 sed
3321 3564 3373 3608 et
3397 3556 3564 3623 ipsum
3592 3573 3758 3626 quem

2191 3634 2439 3686 videntur
2476 3635 2870 3707 incorporalem
2913 3641 3093 3696 dicere
3141 3643 3331 3705 Deum.
3361 3660 3427 3699 ex
3461 3650 3628 3703 corde
3663 3653 3761 3705 tiu.

2190 3735 2375 3791 gentes
2412 3729 2741 3796 producunt.
2793 3729 2945 3789 Unde
2990 3745 3045 3789 et
3078 3734 3123 3790 is
3162 3739 3252 3807 qui
3292 3741 3432 3808 apud
3471 3755 3566 3795 eos
3611 3755 3760 3801 actor

2191 3826 2427 3884 putatur,
2466 3822 2605 3890 apud
2636 3823 2774 3879 alios
2809 3828 3090 3882 creditur:
3116 3831 3243 3899 quia
3274 3834 3419 3886 enim
3449 3834 3494 3890 is
3534 3837 3623 3905 qui
3653 3848 3757 3902 est,

2192 3916 2405 3980 agnitus
2442 3930 2544 3969 non
2577 3926 2659 3970 est
2689 3919 2755 3971 ab
2789 3918 2975 3975 iisdem
2998 3961 3013 3985 ,
3055 3921 3191 3977 fama
3246 3937 3425 3979 autem
3466 3926 3532 3983 ad
3576 3942 3671 3983 eos
3704 3930 3758 3985 in

2191 4009 2495 4065 novissimis
2534 4014 2778 4080 pervenit
2806 4017 3134 4085 temporibus
3160 4034 3174 4083 ;
3196 4028 3372 4075 tamen
3394 4036 3459 4077 ex
3489 4023 3759 4082 auditione

2190 4096 2382 4173 Moysi,
2410 4104 2534 4171 quia
2568 4101 2850 4173 famamile
2880 4123 2985 4162 uno
3023 4110 3150 4175 Deo,
3173 4122 3225 4165 et
3245 4112 3361 4181 ipso
3384 4112 3632 4171 Creatore
3653 4132 3754 4172 au-

2190 4193 2426 4259 dierant,
2468 4199 2559 4266 qui
2598 4199 2651 4253 in
2704 4200 2885 4255 multis
2924 4204 3133 4261 saeculis
3186 4206 3390 4275 Opilicia
3445 4208 3756 4269 intermisso

2188 4282 2448 4341 Creatore
2497 4289 2904 4359 adoraverunt;
2969 4294 3109 4349 alius
3162 4298 3303 4351 aliud
3353 4301 3755 4368 nuncupatione

2190 4377 2459 4447 suggessit
2485 4379 2550 4433 de
2577 4394 2825 4451 eoquem
2853 4385 3171 4450 audierant;
3206 4390 3277 4443 ita
3303 4396 3360 4443 nt
3382 4390 3600 4461 quidam
3614 4393 3755 4449 scio

2190 4468 2376 4522 hentes
2414 4472 2665 4539 praecepti
2710 4473 2819 4528 sint
2844 4488 2908 4529 ex
2939 4481 3157 4533 nomine
3189 4481 3303 4537 solo
3341 4482 3625 4552 imaginem
3672 4487 3759 4541 do.-

2189 4558 2446 4624 scribere,
2472 4577 2576 4616 non
2606 4563 2862 4630 hominis,
2895 4567 3139 4640 inquam,
3175 4583 3271 4627 aut
3327 4574 3553 4632 alterius
3578 4576 3755 4647 θυίων

2188 4664 2400 4718 cunque
2424 4662 2595 4707 status
2624 4653 2762 4723 (70),
2806 4658 2899 4715 sed
2949 4660 3269 4731 simpliciter
3300 4669 3751 4738 nuncupationem

2190 4757 2252 4794 ex
2274 4741 2435 4801 fama.
2454 4743 2680 4803 Necesse
2699 4748 2841 4805 enim
2858 4762 2977 4809 erat
2992 4755 3120 4808 istos
3146 4756 3234 4824 qui
3254 4754 3597 4826 scripturam
3618 4762 3759 4831 iano.

509 4830 631 4887 quo.
663 4816 799 4869 dicta
841 4824 965 4869 sunt
1011 4824 1270 4870 accusant
1310 4815 1577 4887 cogitatus
1622 4831 1782 4885 quam
1816 4832 2082 4873 commen-

2193 4832 2400 4897 rabant,
2431 4846 2633 4893 naturae
2671 4851 2853 4899 autem
2885 4844 3169 4900 audierant
3209 4812 3667 4919 nuncupationem
3691 4854 3757 4909 de

509 4906 661 4965 dant.
688 4906 819 4961 Erat
839 4916 1016 4960 autem
1052 4906 1388 4977 propositum
1418 4920 1527 4960 non
1558 4907 1684 4976 quid
1717 4909 1948 4965 dicimus
1974 4926 2079 4964 non

511 4998 827 5067 simpliciter
867 4999 934 5051 de
975 4999 1079 5051 Deo
1113 5013 1127 5048 :
1164 5002 1289 5066 quia
1351 5012 1450 5052 nec
1501 5000 1659 5054 nobis
1707 5010 1789 5055 est
1842 5012 2082 5065 potestas

511 5091 646 5144 sicut
672 5091 961 5162 gentilibus
989 5106 1053 5144 ex
1092 5091 1255 5144 corde
1278 5090 1343 5147 de
1384 5092 1490 5146 Deo
1529 5092 1693 5163 loqui,
1736 5092 1834 5153 sed
1861 5095 2077 5167 qualem

512 5199 632 5239 eum
661 5186 951 5255 Scriptura!
975 5185 1341 5249 introducunt.
1365 5195 1419 5239 et
1440 5185 1650 5254 qualem
1690 5201 1749 5240 se
1781 5187 1896 5259 ipse
1920 5188 2079 5245 inter-

510 5284 773 5344 pretatur,
804 5276 961 5329 talem
993 5285 1210 5345 oportet
1237 5277 1436 5346 suscipi
1472 5284 1526 5330 et
1557 5276 1789 5335 adorari.
1841 5275 2078 5332 Gentiles

511 5363 651 5418 enini
676 5366 763 5432 qui
792 5368 970 5420 omnia
1009 5371 1122 5422 ausi
1153 5379 1300 5424 sunt.
1355 5368 1537 5422 omnia
1595 5366 1985 5437 transllgurant
2019 5378 2076 5422 et

582 5480 621 5509 "
658 5482 801 5536 Psal.
836 5498 980 5547 cxxv,
1014 5484 1063 5536 7.

586 5622 693 5689 (68)
734 5621 827 5693 Ms.
861 5624 1069 5693 {nudari
1102 5627 1516 5693 fornicationem.

586 5695 691 5765 (139)
726 5692 818 5745 his.
856 5691 1030 5746 Ekam
1062 5691 1110 5748 εἰ
1137 5714 1232 5749 non
1263 5711 1511 5767 quantum
1540 5715 1617 5751 res
1645 5715 1753 5752 tnta
1781 5699 2028 5768 deposcit.

2188 4920 2475 4995 incognito,
2520 4929 2677 4983 aliter
2713 4942 2894 4986 autem
2937 4944 2992 4989 et
3022 4936 3248 4991 alterum
3284 4940 3447 4997 aliter
3478 4958 3544 4999 ex
3595 4944 3759 5001 corde

2188 5014 2407 5087 lingere,
2430 5023 2786 5080 aestimatione
2819 5028 3019 5098 quippe
3046 5032 3110 5085 de
3135 5047 3199 5086 co
3216 5048 3384 5104 quem
3416 5016 3763 5106 ignorabant,

2185 5109 2375 5163 etideo
2393 5128 2488 5183 per
2518 5117 3063 5176 omnianerraverunt.
3097 5123 3222 5181 Inde
3254 5136 3339 5181 est
3360 5136 3419 5179 ut
3450 5144 3553 5181 non
3583 5128 3753 5185 solum

2190 5200 2288 5255 sibi
2314 5201 2663 5263 dissentirent
2687 5210 2751 5269 de
2784 5210 2914 5279 Deo,
2942 5216 3036 5269 sed
3064 5228 3118 5271 et
3143 5219 3588 5281 adversarentur.
3630 5202 3758 5288 Qui;

2189 5294 2310 5381 dam
2350 5297 2490 5349 enim
2521 5298 2649 5355 dicit
2690 5301 2816 5370 quia
2866 5308 3135 5375 providet,
3168 5308 3303 5365 allus
3323 5312 3463 5381 quod
3492 5329 3597 5369 non
3631 5330 3754 5381 pro-

2188 5375 2348 5441 videt,
2380 5388 2434 5433 et
2472 5381 2608 5438 alius
2638 5388 2761 5454 quia
2795 5403 2962 5457 usque
2984 5392 3048 5446 ad
3077 5393 3256 5451 lunam
3286 5375 3582 5466 tirOVldeat,
3612 5375 3751 5457 alius

2262 5631 2365 5701 (70}
2398 5632 2490 5687 Ms.
2522 5636 2825 5703 cujusquam
2855 5650 3041 5693 s!atus.
