4050 6206
277 278 395 336 1161

1042 267 1129 321 DE
1168 266 1256 323 ΕΟ
1295 264 1483 333 QUOD
1524 263 1703 320 DEUS
1742 264 1970 319 PATER
2012 260 2520 318 INCORPORALIS
2558 262 2708 317 EST.

3359 271 3495 327 11⁸32

277 402 395 472 quia
433 398 487 452 in
514 392 766 451 omnibus
792 389 1061 461 providet.
1095 389 1162 443 Et
1187 388 1404 457 quidam
1441 387 1572 441 dicit
1600 386 1722 456 quia
1754 387 1839 440 in-
1865 392 1911 447 Α
1938 398 2202 454 quemque
2227 382 2545 453 prophetam
2579 382 2879 436 invenimus
2900 383 3121 446 dictum,
3144 382 3286 436 Dixit
3319 384 3500 439 Domi-

279 488 568 561 corporalis
598 494 698 551 est,
745 484 883 538 alius
907 482 1028 550 quia
1063 495 1261 549 corpus
1287 489 1390 535 est.
1426 478 1531 532 Ista
1562 491 1834 532 commen-

280 584 422 639 datio
457 576 888 650 (7l)ignorantia
928 584 1012 627 est
1042 587 1252 633 eorum,
1286 573 1375 639 qui
1424 572 1667 624 nesciunt
1708 570 1834 638 quid

282 675 589 743 loquuntur.
631 667 733 722 Sed
765 666 835 720 illi
884 665 1102 734 quidem
1158 664 1439 723 audentes,
1470 673 1560 714 aut
1588 662 1748 715 aliter
1771 664 1837 715 de

284 769 387 822 Deo
408 766 709 826 sentientes,
725 774 913 815 omnes
929 766 1269 813 erraverunt.
1298 755 1406 810 Nec
1426 757 1567 810 enim
1590 773 1656 811 ex
1678 757 1837 811 corde

284 862 508 915 humano
536 859 673 911 Deus
699 854 923 924 produci
953 851 1159 916 debuit,
1203 850 1297 904 sed
1329 866 1357 902 a
1391 850 1500 903 Deo
1529 850 1740 903 edoceri
1772 852 1838 904 de

287 953 408 1006 Deo.
454 945 615 1002 Nobis
640 954 818 999 autem
852 957 1076 997 necesse
1121 950 1205 996 est
1252 954 1313 995 ea
1355 954 1575 1010 surgere
1618 938 1732 1011 (72)
1784 948 1840 994 et

286 1051 523 1105 tractare,
551 1052 673 1107 qua:
703 1052 767 1089 ex
809 1036 1100 1105 Scripturis
1130 1032 1419 1087 didicimus
1463 1032 1686 1097 sanctis,
1712 1031 1837 1101 quia

288 1128 627 1200 incorporalis
660 1136 741 1181 est
768 1126 924 1181 Deus.
951 1124 1057 1179 Sed
1083 1138 1187 1178 non
1231 1122 1428 1177 sufficit
1466 1123 1835 1192 pronuntiare,

284 1235 447 1290 neque
479 1220 743 1274 rationem
771 1216 1034 1285 cogitatus
1060 1213 1230 1277 adire,
1274 1212 1367 1266 sed
1395 1212 1681 1266 ostendere
1708 1212 1837 1281 quia

281 1321 329 1365 et
362 1310 485 1380 ipsi,
530 1318 585 1363 et
624 1309 712 1377 qui
761 1308 812 1361 in
866 1306 1053 1360 iisdem
1101 1303 1369 1373 cogitatus
1419 1303 1703 1369 habentur,
1745 1318 1841 1372 per

272 1405 451 1458 omnia
503 1400 845 1456 consentiunt
884 1399 967 1451 bis
1012 1409 1133 1464 qua:
1176 1393 1471 1464 Scriptura:
1519 1392 1736 1449 Veteris
1786 1403 1843 1449 et

274 1495 408 1550 Novi
429 1492 769 1549 Testamenti
805 1490 869 1544 dc
898 1491 1005 1544 Deo
1039 1489 1390 1560 pronuntiant
1419 1504 1433 1540 :
1474 1486 1613 1542 forte
1659 1497 1838 1541 autem

272 1595 331 1641 et
371 1594 540 1639 totum
576 1581 939 1650 suSpicabitur
967 1580 1205 1648 quidam,
1242 1587 1298 1633 et
1358 1576 1718 1642 corporaliter
1785 1575 1837 1630 in

278 1678 571 1748 Scripturis
623 1674 849 1745 proferri
882 1674 1042 1726 Deum
1095 1672 1333 1741 putabit;
1392 1671 1535 1723 forte
1584 1669 1747 1723 etiam
1788 1677 1842 1722 et

1937 492 2033 529 nus
2079 476 2146 527 ad
2190 491 2286 529 me.
2348 473 2401 526 In
2444 474 2729 544 Evangelia
2779 483 2937 528 el:am
2996 493 3010 527 :
3074 474 3355 529 Desursum
3404 494 3501 531 τοι

1937 568 2077 635 [acta
2107 576 2180 619 est
2195 567 2241 598 ⁷³
2266 582 2281 630 ;
2310 575 2520 636 oportet
2557 567 2695 621 enim
2724 567 3011 622 immisceri
3034 583 3098 623 ea
3126 583 3244 635 quae
3258 582 3322 622 ex
3352 567 3502 623 Novo

1937 666 2061 711 sunt
2101 657 2464 721 Testamento,
2498 656 2708 724 Veteri,
2745 673 2811 712 ne
2850 659 3040 713 iterum
3084 661 3316 713 luerctici
3349 676 3474 729 sepa

1939 759 2078 814 rent,
2118 758 2172 803 et
2208 749 2371 803 alium
2412 749 2754 803 introducant
2806 752 2992 805 Deum.
3030 753 3289 821 Adjuncta
3321 764 3503 807 autent

1938 843 2047 895 sint
2081 842 2180 896 ista
2224 857 2289 896 ex
2322 840 2620 910 Scriptura,
2660 843 2800 897 unde
2845 853 2899 897 et
2943 848 3119 897 omnia
3157 855 3298 898 mota
3333 856 3498 900 sunt:

1942 932 2166 987 Factum
2192 945 2266 987 est
2298 943 2475 987 autem
2491 936 2577 988 die
2612 936 2781 999 tertio,
2820 952 2936 989 cum
2964 953 3115 989 mane
3137 936 3333 1005 factum
3368 939 3504 1006 [uis-

1938 1036 2035 1091 set,
2061 1038 2107 1079 et
2147 1026 2303 1094 facta:
2331 1035 2451 1078 sunt
2476 1041 2623 1079 voces
2647 1036 2693 1079 et
2727 1026 2959 1095 fulgura,
3001 1038 3047 1080 et
3085 1028 3237 1081 nubis
3272 1030 3497 1090 nimbus,

1938 1128 1985 1171 et
2032 1133 2187 1183 super
2230 1126 2456 1170 montem
2511 1114 2642 1170 Sina
2678 1134 2774 1170 no.1:
2812 1120 2949 1171 tuba:
2994 1119 3207 1172 canebat
3255 1120 3403 1173 valde
3431 1122 3498 1175 ⁷⁵.

1944 1206 2081 1275 Ergo
2104 1214 2157 1259 et
2192 1208 2315 1260 tuba
2348 1204 2576 1260 sonabat
2602 1222 2815 1275 magna,
2854 1218 2902 1260 et
2944 1216 3182 1261 turbatus
3210 1218 3284 1263 est
3334 1211 3502 1263 omnis

1940 1296 2160 1366 populus
2182 1297 2234 1349 in
2268 1299 2479 1363 castris,
2531 1306 2580 1350 et
2629 1300 2879 1364 produxit
2926 1299 3131 1368 Moyses
3163 1301 3408 1369 populum
3450 1303 3504 1352 in

1941 1387 2141 1440 obviam
2168 1388 2277 1442 Deo
2319 1390 2383 1441 de
2423 1390 2634 1453 castris,
2671 1401 2919 1456 tanquam
2960 1408 3077 1459 Jam
3106 1402 3355 1459 praesente
3395 1392 3504 1445 illic

1943 1478 2071 1543 Deo,
2104 1490 2152 1533 et
2180 1482 2448 1534 constituit
2476 1497 2562 1534 eos
2589 1483 2683 1534 sub
2712 1494 2960 1537 montem.
2994 1484 3146 1538 Mons
3175 1494 3346 1538 autem
3372 1483 3503 1538 Sinn

1942 1570 2176 1637 fumabat
2203 1582 2361 1641 totus,
2399 1587 2607 1645 propter
2628 1578 2768 1647 quod
2795 1577 3142 1633 descendisset
3165 1577 3307 1631 Deus
3348 1593 3505 1646 super

1943 1678 2060 1715 eum
2088 1664 2354 1734 inigne".
2383 1666 2440 1719 Si
2473 1667 2754 1722 descendit
2780 1676 2833 1719 et
2865 1670 2916 1722 in
2942 1678 3175 1723 montem
3200 1669 3499 1733 descendit,

277 1734 517 1841 panibus
542 1734 893 1836 co,;,posilum
923 1779 986 1818 ex
1005 1734 1299 1833 scripturis
1323 1734 1560 1832 putabit,
1584 1761 1838 1831 cumgens
1878 1734 1917 1787 Β
1946 1760 1997 1805 et
2032 1755 2354 1809 ascendebat
2406 1757 2581 1811 fumus
2638 1766 2890 1825 tanquam
2948 1757 3126 1811 fumus
3160 1757 3394 1811 fornacis
3447 1770 3500 1812 et

279 1861 520 1915 membra
547 1873 665 1929 quae
695 1857 833 1911 dicta
872 1865 1014 1910 sunt.
1049 1854 1274 1925 Oportet
1303 1855 1465 1925 igitur
1490 1854 1721 1923 primum
1750 1868 1839 1907 su-

278 1952 608 2022 spicionem,
638 1965 739 2019 qtta
777 1948 959 2001 dicunt
1010 1947 1060 2000 in
1108 1961 1330 2015 corpore
1371 1960 1492 1999 esse
1518 1945 1706 2006 Deum,
1751 1953 1843 1996 aut

276 2056 475 2110 corpus
506 2054 647 2104 esse,
683 2037 845 2093 diseri
884 2037 1017 2108 (75),
1066 2045 1125 2091 ut
1178 2036 1565 2107 apparentibus
1615 2034 1841 2089 vinculis

274 2144 599 2206 agnoscatur
640 2130 923 2187 solutionis
954 2130 1369 2199 magnificentia.
1426 2128 1618 2183 Totum
1664 2129 1843 2197 itaque

275 2226 487 2280 videtur
509 2222 1055 2293 corpusintroducere
1075 2221 1352 2290 Scriptura
1369 2237 1486 2290 quae
1509 2221 1674 2276 dicit:
1703 2219 1842 2284 Quia

270 2315 507 2370 ambulat
545 2316 599 2368 in
626 2314 871 2382 paradiso
892 2313 935 2343 ⁶⁹
965 2330 978 2365 :
1013 2321 1105 2365 aut
1133 2328 1252 2380 quae
1276 2315 1470 2367 iterum
1493 2314 1623 2367 dicit
1652 2332 1665 2367 :
1712 2314 1841 2378 Quis

269 2416 351 2461 est
382 2407 471 2477 qui
500 2406 629 2461 venit
661 2421 724 2459 ea:
749 2403 918 2458 Edam
938 2403 1090 2458 "‘let
1114 2419 1230 2472 qua:
1246 2403 1377 2457 dicit
1401 2401 1841 2471 Scriptura:Vidi

267 2497 531 2550 sedentem
560 2511 716 2563 supra
737 2496 905 2547 sedem
922 2491 1210 2560 majestatis
1232 2506 1342 2544 sua:
1365 2490 1412 2521 ⁸⁸
1446 2508 1460 2543 :
1498 2500 1552 2543 et
1578 2490 1681 2544 alia
1724 2506 1844 2560 quae

268 2587 393 2641 ait:
431 2586 588 2640 Sedes
614 2596 734 2640 sunt
758 2584 963 2652 posita’,
1008 2593 1053 2635 et
1098 2580 1334 2635 Vetustus
1369 2583 1570 2635 dierum
1605 2584 1736 2635 sedit
1767 2584 1837 2636 ⁸⁵.

268 2678 537 2747 Quienim
561 2679 612 2731 in
642 2679 894 2747 paradiso
923 2675 1181 2739 ambulat,
1212 2682 1265 2728 et
1285 2674 1373 2743 qui
1400 2674 1541 2728 venit
1567 2690 1629 2729 ex
1650 2675 1841 2739 Edom,

268 2779 332 2826 et
368 2768 460 2839 qui
513 2776 734 2837 apparet
776 2775 834 2820 ut
871 2765 1115 2836 apparuit
1151 2764 1415 2829 Ezechiel,
1463 2774 1517 2819 et
1564 2765 1656 2834 qui
1707 2765 1843 2820 sedit

266 2856 572 2914 secundum
610 2856 899 2919 Danielem,
933 2865 987 2909 et
1014 2856 1103 2924 qui
1145 2856 1596 2910 seditsecundum
1624 2856 1838 2924 Isaiam,

271 2948 612 3018 corporalem
644 2949 927 3017 quamdam
964 2949 1306 3003 ambitionem
1336 2950 1572 3019 suggerit
1606 2948 1737 3021 (74).
1775 2949 1843 3004 Et

1938 1843 2214 1911 obstupuit
2267 1854 2410 1900 totus
2446 1846 2669 1916 populus
2700 1847 2872 1911 valde,
2929 1848 3127 1902 fiebant
3155 1848 3299 1902 enim
3340 1864 3500 1903 voces

1942 1935 2079 1988 tuba:
2104 1936 2430 2003 prodeuntes
2464 1936 2790 2003 fortissime;
2832 1938 2981 1994 valde
3006 1939 3215 2011 Moyses
3245 1941 3501 2008 loqueba-

1943 2034 2044 2089 tur,
2080 2035 2133 2080 et
2158 2028 2297 2080 Deus
2327 2030 2681 2098 respondebat
2706 2030 2755 2083 ei
2797 2046 2954 2084 voce:
2984 2042 3038 2085 et
3067 2032 3345 2087 descendit
3404 2032 3502 2086 Do-

1942 2118 2118 2173 minus
2170 2118 2222 2171 in
2261 2129 2441 2173 nionte
2474 2121 2602 2174 Sina
2660 2136 2820 2191 super
2876 2138 3132 2177 cacumen
3173 2125 3403 2189 montis,
3447 2133 3505 2179 et

1943 2210 2151 2263 vocavit
2198 2211 2452 2265 Dominus
2504 2211 2718 2283 Moysen
2765 2214 2815 2266 in
2864 2214 3143 2269 cacumine
3188 2214 3406 2280 montis,
3450 2225 3507 2273 et

1941 2302 2178 2355 ascendit
2204 2300 2435 2372 Moyses,
2465 2312 2518 2356 et
2541 2303 2675 2356 dixit
2699 2304 2834 2358 Deus
2870 2307 2936 2359 ad
2976 2304 3212 2376 Moysen.
3241 2306 3366 2363 litec
3387 2309 3506 2379 qui-

1942 2395 2059 2447 dem
2093 2393 2159 2448 de
2195 2409 2258 2448 eo
2287 2395 2331 2448 si
2363 2394 2656 2459 descendit,
2687 2406 2735 2449 et
2770 2396 2813 2448 si
2836 2397 3067 2462 videtur,
3100 2408 3153 2452 et
3202 2399 3247 2454 si
3284 2401 3506 2455 vocibus

1942 2484 2178 2554 loquitur
2211 2485 2367 2547 Deus.
2407 2496 2461 2540 et
2494 2486 2537 2540 si
2572 2488 2712 2540 tubae
2751 2488 3012 2553 aderant,
3060 2499 3115 2543 et
3157 2490 3204 2544 si
3242 2492 3294 2544 in
3325 2492 3503 2561 ignem

1942 2577 2240 2641 descendit,
2280 2578 2409 2647 quid
2450 2578 2552 2633 sibi
2616 2578 2728 2632 vult
2771 2577 2988 2633 fumus?
3019 2580 3157 2635 Sunt
3203 2591 3381 2636 autem
3437 2599 3506 2641 ex

1943 2670 2289 2740 sequentibus
2326 2671 2442 2726 alias
2473 2671 2797 2740 quaestiones
2833 2686 2847 2723 :
2889 2675 2984 2727 sed
3022 2671 3159 2729 bene
3192 2685 3273 2728 est
3305 2678 3505 2733 sensim

1943 2759 2200 2814 accedere
2232 2760 2299 2814 ad
2330 2760 2627 2830 proposita.
2661 2759 2727 2813 Et
2754 2761 2891 2816 sicut
2914 2762 2968 2815 hi
2996 2763 3086 2832 qui
3129 2763 3397 2819 aedificare
3413 2767 3507 2819 de-

1940 2851 2201 2915 siderant,
2232 2862 2287 2907 et
2330 2853 2537 2921 lapides
2567 2855 2863 2909 transferre
2902 2856 3146 2924 cupiunt,
3183 2858 3228 2911 si
3265 2856 3507 2926 singulos

1943 2943 2342 3011 transtulerint,
2392 2944 2589 3001 multos
2640 2954 2893 3016 poterunt
2920 2947 3158 3002 adunare
3190 2948 3275 3002 :si
3321 2958 3503 3003 autem

273 3044 383 3096 hoc
407 3040 619 3108 quidem
652 3041 812 3094 veluti
838 3042 900 3095 de
922 3043 1064 3096 omni
1092 3039 1406 3109 parentibus
1435 3051 1613 3095 autem
1640 3041 1752 3111 (75)
1784 3049 1840 3096 ut
1867 3074 1910 3134 ο
1946 3034 2140 3089 multos
2167 3036 2324 3091 simul
2356 3035 2688 3103 levaverint,
2728 3052 2825 3092 nec
2864 3038 3080 3107 quidem
3121 3054 3282 3093 unum
3326 3039 3509 3094 levare

272 3134 564 3188 videamur
597 3143 651 3186 et
676 3134 963 3203 depingere
997 3152 1009 3187 :
1040 3131 1191 3187 Oculi
1230 3131 1442 3186 Domini
1468 3150 1620 3203 super
1640 3134 1835 3203 justas,

270 3235 323 3276 et
349 3239 501 3276 aures
521 3223 631 3292 ejus
655 3226 723 3277 ad
753 3241 925 3292 preces
963 3240 1137 3278 eorum
1158 3225 1220 3277 “.
1264 3222 1336 3278 0s
1370 3224 1585 3279 Domini
1609 3224 1839 3281 Sabaoth

272 3315 509 3368 locutum
540 3323 612 3367 est
643 3316 743 3368 ista
767 3316 832 3379 ⁸⁷,
865 3316 1069 3368 faciens
1101 3314 1211 3386 (76)
1244 3315 1409 3369 Deum
1444 3316 1556 3387 (7'7)
1591 3326 1643 3371 et
1674 3332 1841 3372 mem-

275 3403 498 3469 bratim,
538 3415 591 3459 et
627 3415 735 3460 tota
775 3405 941 3461 facies
992 3408 1114 3463 istic
1156 3407 1425 3477 descripta
1475 3417 1579 3472 est,
1624 3418 1679 3463 et
1723 3419 1843 3477 post

269 3493 394 3548 haec
434 3510 552 3562 quae
598 3494 970 3564 insequuntur.
1015 3497 1155 3551 Dicit
1181 3496 1323 3551 enim
1357 3496 1669 3567 Scriptura:
1704 3497 1843 3554 Dex-

278 3594 403 3639 tera
440 3585 651 3639 Domini
681 3587 802 3655 fecit
825 3591 1063 3643 virtutem
1092 3589 1178 3643 68:
1211 3598 1266 3643 et
1307 3585 1438 3642 Sede
1472 3590 1540 3642 ad
1571 3590 1843 3645 dexteram

269 3690 448 3731 meum
471 3677 538 3742 ⁸⁸,
563 3693 721 3748 quam
749 3696 860 3734 rem
890 3682 1197 3751 insequitur
1222 3697 1275 3736 et
1297 3698 1325 3736 a
1353 3682 1571 3736 sinistra
1611 3697 1747 3737 esse.
1778 3684 1842 3739 Et

271 3770 471 3823 fuerunt
494 3788 505 3823 :
529 3768 723 3824 Caelum
743 3773 887 3826 sedes
906 3782 983 3827 est
1016 3776 1163 3836 mihi,
1192 3784 1332 3827 terra
1361 3786 1532 3829 autem
1562 3776 1844 3829 scabellum

267 3858 466 3928 pedum
492 3861 806 3916 meorum”.
835 3861 939 3917 Per
984 3862 1084 3915 ista
1138 3862 1317 3930 itaque
1354 3866 1534 3917 omnia
1582 3880 1610 3916 a
1664 3866 1842 3935 capite

271 3963 448 4017 usque
480 3950 546 4003 ad
571 3952 730 4020 pedes
756 3952 968 4006 videtur
996 3952 1331 4006 membratim
1363 3952 1477 4007 fieri
1502 3956 1842 4024 compositio,

268 4048 537 4109 quantum
562 4042 627 4094 ad
651 4056 953 4097 sermonem
987 4053 1214 4111 spectat.
1257 4044 1526 4100 Addemus
1559 4054 1735 4099 autem
1762 4045 1844 4098 in-

270 4133 441 4187 certis
471 4133 578 4198 his,
614 4134 791 4203 capilli
821 4136 1003 4203 capitis
1028 4135 1140 4203 ejus
1162 4136 1230 4190 ⁷⁸.
1279 4135 1420 4206 Ergo
1452 4148 1506 4191 et
1548 4138 1747 4207 capilli,
1789 4148 1844 4193 et

269 4227 605 4293 caputcujus
627 4236 681 4280 et
701 4228 972 4296 capilli,et
991 4228 1164 4282 adhuc
1208 4228 1435 4295 amplius
1482 4240 1740 4298 quantum
1774 4229 1843 4283 ad

268 4315 598 4372 exteriorem
648 4330 851 4387 partem
909 4321 1180 4375 invenitur
1229 4320 1632 4385 vestimentum,
1685 4321 1842 4375 modo

1942 3134 2193 3194 poterunt
2232 3145 2245 3183 :
2286 3128 2357 3182 ita
2413 3138 2467 3183 et
2508 3144 2606 3184 nos
2656 3129 2910 3195 interim;
2967 3130 3140 3198 prima
3178 3145 3322 3185 enim
3362 3130 3507 3186 dicta

1941 3219 2263 3288 intercipere
2308 3221 2463 3277 facile
2512 3222 2721 3277 videtur
2773 3222 3125 3289 audentibus;
3155 3222 3355 3278 timidis
3409 3241 3501 3277 au-

1943 3319 2048 3365 tem
2089 3309 2319 3366 difﬁcile.
2373 3311 2427 3365 Si
2478 3313 2620 3366 enim
2679 3312 2907 3368 voluerit
2951 3314 3072 3383 quis
3104 3314 3303 3379 dicere,
3359 3315 3509 3371 locu-

1942 3410 2028 3455 tus
2056 3410 2166 3464 est,
2214 3418 2319 3456 non
2371 3411 2455 3456 est
2500 3401 2708 3457 locutus
2740 3421 2753 3457 :
2786 3418 2908 3467 vox,
2968 3420 3071 3457 non
3123 3419 3268 3469 vox;
3305 3404 3507 3474 facies,

1943 3508 2046 3548 non
2100 3491 2314 3558 facies;
2361 3493 2675 3562 simpliciter
2728 3493 2941 3547 videtur
2990 3494 3145 3548 facile
3187 3496 3313 3566 quid
3374 3513 3505 3567 ope-

1943 3584 2073 3651 rari,
2109 3584 2369 3640 audenter
2430 3597 2606 3640 autem
2658 3596 2932 3652 operatur.
2989 3586 3094 3641 Sed
3124 3597 3331 3657 oportet
3364 3606 3507 3647 nunc

1942 3677 2009 3730 ab
2058 3677 2168 3745 ipsa
2226 3677 2506 3747 Scriptura
2547 3680 2793 3746 accipere
2855 3678 3147 3733 solutiones
3180 3720 3195 3743 ,
3246 3688 3301 3734 et
3324 3692 3507 3735 osten-

1948 3769 2076 3824 dere
2128 3770 2252 3838 quia
2301 3770 2414 3824 istae
2469 3785 2629 3826 voces
2686 3772 2760 3826 ita
2799 3771 3013 3840 quidem
3070 3771 3355 3835 dicuntur,
3396 3790 3503 3827 non

1945 3859 2017 3913 ita
2052 3869 2229 3914 autem
2255 3860 2449 3915 debent
2478 3861 2723 3931 intelligi.
2766 3862 2820 3915 In
2864 3861 2995 3931 ipsis
3034 3862 3175 3916 enim
3211 3864 3505 3933 iisdemque

1944 3953 2286 4008 sermonibus
2336 3954 2509 4022 primo
2537 3954 2759 4009 exhibet
2792 3955 3192 4022 necessitatem,
3241 3957 3503 4025 ob‘quam

1946 4043 2015 4097 ita
2049 4045 2295 4114 apparuit
2320 4044 2478 4099 Deus.
2505 4045 2641 4100 Dicit
2664 4048 2805 4100 enim
2830 4068 2840 4100 :
2862 4046 2996 4101 Ecce
3017 4065 3106 4119 ego
3137 4050 3279 4102 uenio
3295 4049 3363 4101 ad
3389 4059 3435 4102 te
3452 4050 3506 4101 in

1944 4134 2186 4190 columna
2215 4139 2386 4201 nubis,
2416 4147 2470 4190 ut
2501 4140 2682 4192 audiat
2716 4141 2940 4209 papulus
2978 4141 3265 4211 loquentem
3312 4157 3393 4193 me
3438 4144 3506 4194 ad

1946 4239 2013 4290 te,
2055 4238 2103 4281 et
2130 4230 2344 4282 credant
2377 4231 2471 4283 tibi
2513 4231 2569 4284 in
2616 4234 2983 4300 sempiternum
3008 4233 3072 4285 ⁷⁵.
3109 4234 3174 4286 Et
3220 4234 3412 4288 iterum
3442 4236 3507 4287 ad

1945 4322 2198 4394 populum
2246 4324 2419 4377 dicit:
2461 4321 2565 4377 Vos
2608 4325 2829 4391 vidistis,
2861 4326 2982 4396 quia
3015 4327 3079 4380 de
3135 4326 3259 4379 coelo
3304 4327 3507 4381 locutus

269 4406 492 4474 quidem
529 4411 769 4476 rubrum,
802 4411 957 4464 modo
1007 4421 1185 4463 autem
1235 4411 1433 4466 album.
1489 4412 1546 4464 Si
1597 4411 1761 4481 igitur
1786 4422 1840 4467 et
1867 4417 1921 4477 Ι)
1943 4431 2056 4467 sum
2080 4413 2221 4467 vobis
2250 4414 2315 4466 ⁷⁷.
2342 4414 2405 4467 Et
2436 4423 2585 4468 certe
2617 4429 2681 4469 ex
2716 4424 2894 4469 monte
2914 4416 3062 4469 Sina.
3082 4414 3357 4482 Quomodo
3378 4434 3509 4485 ergo

270 4498 658 4553 vestimentum
684 4502 828 4556 circa
876 4503 1071 4571 ipsum,
1117 4504 1345 4571 quaestio
1375 4510 1455 4558 est
1504 4512 1559 4556 et
1590 4505 1654 4557 de
1685 4503 1840 4557 indu-

274 4598 481 4651 mento,
523 4598 699 4643 utrum
725 4591 911 4645 vivens
956 4593 1198 4662 quaedam
1245 4604 1435 4650 natura
1478 4602 1560 4649 est
1587 4602 1641 4648 et
1673 4595 1837 4648 vesti-

272 4690 538 4747 mentum,
577 4690 668 4734 aut
692 4682 959 4750 quomodo
1009 4684 1116 4738 illic
1166 4685 1541 4739 vestimentum
1573 4685 1834 4751 habetur;

270 4781 331 4825 et
352 4786 679 4841 quacunque
703 4774 1132 4839 converterimus,
1165 4786 1222 4829 ut
1255 4778 1320 4829 de
1352 4776 1666 4831 indumento
1690 4777 1837 4831 dica-

273 4876 399 4915 mus
425 4872 637 4932 oportet
665 4866 889 4921 moveri.
917 4865 983 4919 Et
1012 4868 1205 4920 iterum
1239 4883 1252 4917 :
1284 4869 1327 4921 si
1354 4879 1470 4921 'vox
1508 4867 1723 4921 Domini
1747 4867 1831 4933 [e-

273 4951 371 5016 cit,
397 4952 440 5005 si
473 4969 570 5006 uox
593 4954 800 5007 Domini
841 4958 893 5009 iu
925 4958 1108 5010 virtute
1136 4959 1201 5024 τ’,
1235 4968 1289 5011 et
1337 4973 1441 5012 vox
1476 4958 1687 5011 Domini
1726 4956 1833 5012 fre—

273 5053 503 5108 quenter
536 5045 587 5098 in
619 5045 707 5100 illo
740 5046 943 5114 psalmo
977 5048 1191 5113 dicitur,
1228 5058 1280 5102 et
1304 5050 1596 5104 secundum
1636 5063 1832 5102 unum-

352 5202 397 5233 "
426 5202 559 5257 Gen.
588 5223 670 5267 ιιι,
698 5210 751 5261 8.
853 5207 899 5237 “
923 5207 1023 5263 lsa.
1060 5226 1210 5273 util,
1247 5213 1299 5264 1.

275 5273 324 5343 ⁷⁸
360 5274 501 5326 Psal.
530 5289 692 5339 cxvii,
738 5277 819 5331 16.
915 5279 958 5310 ⁶⁹
990 5279 1129 5335 PSal.
1153 5297 1260 5343 crs,
1292 5285 1337 5335 l.

274 5342 322 5375 "
354 5343 523 5397 Exod.
557 5360 670 5410 xu,
702 5348 788 5402 16.
861 5350 1055 5405 "ibid.
1092 5352 1176 5417 17,
1208 5342 1293 5405 18.

1403 5210 1447 5241 ⁸³
1480 5210 1580 5264 lsa.
1606 5226 1681 5275 vt,
1706 5211 1755 5265 1.

345 5504 462 5576 (Il)
499 5503 907 5564 Commendatio.
933 5509 1113 5576 Forte,
1145 5513 1529 5568 commentatio.

497 5575 576 5649 βα
605 5593 831 5649 surgere.
863 5580 1041 5642 Forte,
1074 5575 1369 5649 exsurgere.

372 5578 441 5627 7‘2
497 5578 576 5628 Ea
605 5593 831 5647 surgere.
863 5580 1041 5642 Forte,
1074 5597 1369 5649 exsurgere.

344 5578 463 5717 1251
500 5646 687 5701 Diserti.
722 5648 902 5712 Forte,
926 5651 1113 5702 disseri
1140 5653 1218 5702 vel
1258 5653 1445 5709 deseri.

346 5702 458 5787 ΓΗ)
480 5717 854 5789 Περιγραφήν,
874 5702 1140 5779 umbitum.

592 5813 865 5888 Parant.
914 5813 1030 5875 Gn.
1080 5814 1306 5875 XXIV.

1865 5210 1907 5242 ⁶⁸
1947 5212 2078 5268 Dan.
2122 5231 2212 5277 vn,
2255 5215 2308 5270 9.

1430 5282 1476 5311 ⁷⁰
1506 5283 1603 5334 lsa.
1641 5295 1789 5345 LXVI,
1818 5282 1867 5335 1.

1395 5352 1440 5382 ⁷⁸
1464 5352 1629 5405 Exod.
1657 5368 1767 5418 six,
1804 5354 1854 5407 9.
1933 5353 1980 5385 ⁷⁷
2003 5352 2171 5410 Exod.
2209 5372 2301 5421 xx,
2335 5355 2423 5409 22.

1946 4514 2121 4572 potest
2146 4503 2262 4559 fieri
2295 4504 2360 4557 de
2385 4504 2525 4557 caelo
2567 4514 2621 4557 et
2669 4505 2733 4559 dc
2765 4516 2946 4560 monte
2976 4505 3105 4559 Sina
3135 4508 3336 4561 simul?
3364 4507 3511 4562 Vidi-

1945 4599 2060 4660 stis,
2093 4596 2285 4665 inquit,
2319 4598 2440 4666 quia
2485 4597 2548 4649 de
2586 4597 2713 4652 calo
2746 4598 2947 4652 locutus
2978 4615 3092 4652 sum
3141 4601 3299 4653 vobis.
3331 4600 3510 4655 Nolite

1945 4689 2085 4740 vobis
2140 4690 2309 4754 facere
2366 4688 2758 4743 similitudinem
2820 4691 3048 4744 omnium
3103 4708 3220 4760 qua:
3274 4704 3393 4745 sunt
3454 4694 3510 4746 in

1946 4787 2082 4829 terra
2108 4777 2174 4834 ⁷⁸.
2210 4778 2276 4831 Εῑ
2308 4789 2455 4833 certe
2486 4780 2528 4832 si
2556 4781 2857 4837 similitudo
2897 4792 3013 4835 erat
3053 4783 3141 4851 qui
3193 4786 3506 4853 apparebat,

1944 4867 2202 4921 deberent
2227 4870 2467 4923 videntes
2498 4871 2670 4937 magis
2699 4871 2888 4927 adduci
2923 4874 2987 4926 ad
3015 4874 3182 4942 ipsius
3210 4874 3511 4929 similitudi-

1937 4972 2080 5011 nem.
2103 4957 2158 5012 Si
2188 4970 2365 5015 autem
2397 4962 2557 5016 dicit:
2582 4964 2654 5017 De
2678 4968 2801 5017 ctelo
2836 4964 3037 5017 locutus
3068 4982 3183 5019 sum
3212 4967 3350 5020 vobis
3370 5006 3385 5033 ,
3418 4970 3505 5035 qui

1939 5049 2134 5104 dicitur
2169 5052 2294 5119 quia
2343 5054 2410 5107 de
2447 5064 2626 5110 monte
2675 5054 2802 5109 Sina
2844 5072 2856 5107 :
2897 5057 3237 5111 manifestum
3262 5069 3343 5111 est
3383 5061 3507 5128 quia

2412 5215 2621 5270 “Psal.
2666 5232 2854 5281 χχχιιι,
2902 5217 2986 5270 l6.

2447 5287 2491 5316 ⁷²
2516 5285 2654 5340 Psal.
2698 5302 2884 5350 xxvttt,
2920 5288 2973 5341 4.

2501 5355 2545 5387 ⁷⁸
2574 5357 2704 5410 ibid.
2731 5358 2785 5411 4.

3109 5216 3153 5246 ⁸⁷
3190 5216 3288 5271 lsa.
3339 5233 3372 5281 ι.
3412 5218 3501 5274 20.

1956 5284 1999 5313 ⁷¹
2027 5285 2158 5338 Dan.
2184 5301 2275 5350 vn,
2306 5286 2358 5339 9.
2447 5287 2491 5316 ⁷²
2516 5285 2654 5340 Psal.
2698 5302 2884 5350 xxvut,
2920 5288 2973 5341 4.
3079 5288 3123 5317 ⁷³
3151 5286 3280 5342 Luc.
3306 5306 3385 5350 ιιι.
3413 5291 3501 5343 2'2.

2013 5514 2123 5582 (75)
2158 5514 2317 5571 Forte
2348 5516 2425 5570 sic
2455 5517 2736 5587 legendum
2761 5559 2775 5584 ,
2813 5520 2876 5571 de
2915 5519 3055 5571 omni
3086 5534 3103 5571 .'
3137 5521 3374 5589 partibus
3406 5537 3505 5573 au-

1942 5592 2061 5634 tem.

2013 5652 2125 5726 (lli)
2156 5654 2252 5726 Ms.
2294 5666 2397 5711 est.
2441 5656 2553 5712 Ista
2583 5658 2743 5726 {acies
2778 5659 2983 5714 Domini
3008 5670 3055 5714 et
3087 5660 3431 5715 memoratim.

2019 5720 2130 5792 (77)
2159 5724 2343 5779 Deum.
2369 5726 2466 5781 Ms.
2504 5720 2729 5783 Domini.

3120 5827 3186 5884 37
