4050 6206
520 230 654 284 1163

1186 222 1452 281 EUSEBil
1489 218 1965 278 CESARIENSIS
2004 218 2151 278 ΟΡΡ.
2193 218 2372 274 PARS
2408 218 2498 275 IV.
2539 249 2607 258 —
2647 216 3065 277 DOGMATICA.

3627 226 3769 285 “66

516 342 863 398 ambitionem
901 342 1011 415 (78)
1060 343 1362 411 praesentia:
1388 356 1497 396 sua:
1526 340 1766 395 ostendit
1796 341 1847 395 in
1880 350 2080 404 monte,
2111 347 2157 403 Α
2186 338 2481 409 prophetiae
2514 338 2675 394 facta.)
2722 347 2849 393 sunt
2874 354 2904 392 a
2932 338 3042 393 Deo
3066 336 3493 407 praenuntiantes
3529 344 3767 412 captivi-

515 436 630 506 ipse
654 445 833 489 autem
867 436 919 489 in
943 449 1037 489 sua
1070 435 1321 489 manebat
1364 436 1662 505 majestate.
1689 432 1797 487 Cur
1826 443 2007 487 autem
2034 442 2088 487 et

514 548 544 584 a
576 542 757 585 monte
792 530 918 584 Sina
948 540 1167 599 apparet
1222 530 1311 597 qui
1368 528 1434 582 de
1467 527 1606 581 coelo
1630 568 1645 591 ,
1674 524 1756 580 Ne
1786 524 2083 592 timueritis,

517 624 711 693 inquit,
748 625 869 692 quia
910 632 1111 675 tentare
1147 637 1231 674 eos
1257 620 1389 674 venit
1414 619 1571 680 Deus,
1595 629 1649 671 ut
1674 619 1741 671 sit
1775 618 1932 671 timor
1971 617 2085 686 ejus

517 715 570 767 in
597 715 734 767 vobis
754 714 800 744 ⁷³
824 714 846 766 ?
874 712 988 765 Non
1013 726 1144 780 ergo
1178 720 1366 764 natura
1395 718 1479 764 est
1506 724 1623 777 qua:
1651 709 1969 778 apparebat,
1993 706 2087 761 sed

518 806 848 876 dispensatio
882 819 1001 869 qua:
1032 803 1356 857 adducebat.
1410 801 1544 867 Quia
1592 800 1734 853 enim
1789 797 2087 853 audacissi-

518 916 637 955 mus
660 907 776 955 erat
800 897 1050 967 p0pulus,
1081 896 1205 965 quia
1240 909 1454 963 semper
1485 892 1708 946 declivis
1749 891 1816 946 ad
1861 889 2087 946 idolola-

517 992 675 1045 triam
696 992 1021 1055 habebatur;
1052 990 1176 1058 quia
1194 990 1336 1043 enim
1356 988 1573 1042 humilis
1590 998 1728 1050 erat,
1746 996 1798 1041 et
1816 987 2087 1042 desidera-

516 1084 713 1153 batper
729 1099 915 1137 manus
929 1084 1239 1149 contingere
1260 1084 1447 1144 Deum,
1477 1091 1528 1134 et
1548 1096 1639 1149 per
1653 1081 1836 1136 oculos
1858 1081 2038 1135 videre
2068 1098 2081 1133 :

516 1175 641 1242 quia
667 1175 808 1227 enim
842 1174 961 1228 talis
981 1172 1359 1239 eratpopulus,
1395 1171 1699 1225 misericors
1729 1180 1909 1224 autem
1946 1170 2085 1224 Deus

516 1276 571 1320 et
586 1267 754 1319 bonus
771 1265 896 1319 facit
910 1266 986 1319 eis
1000 1266 1263 1327 timorem,
1281 1266 1367 1332 qui
1385 1279 1482 1317 nec
1500 1274 1616 1333 post
1630 1262 1872 1317 timorem
1898 1264 2086 1316 timue-

516 1366 661 1413 runt.
676 1356 901 1409 etdieit:
924 1355 1057 1420 Quia
1076 1356 1121 1408 si
1135 1356 1248 1423 quis
1267 1353 1776 1423 appropinquarerit,
1800 1362 1963 1405 morte
1977 1369 2087 1405 mo-

516 1448 683 1501 rietur
709 1448 773 1500 '°.
812 1448 874 1500 Et
904 1458 1048 1501 certe
1074 1462 1202 1501 oves
1248 1456 1403 1500 erant
1443 1446 1554 1501 illic
1587 1456 1711 1500 ante
1738 1447 1858 1509 hoc,
1890 1456 1943 1500 et
1976 1462 2081 1501 non

516 1552 638 1595 sunt
675 1550 919 1596 mortem.
956 1540 1165 1610 Moyses
1208 1539 1349 1593 enim
1384 1539 1490 1593 illic
1518 1540 1687 1609 pavit,
1721 1538 1934 1609 Moyses
1968 1547 2084 1592 erat

514 1630 625 1685 illic
651 1642 707 1684 ut
737 1640 937 1701 pastor,
982 1647 1080 1686 nec
1126 1632 1253 1684 dum
1290 1639 1372 1684 est
1429 1628 1709 1698 propheta,
1746 1640 1801 1684 et
1846 1647 1948 1684 non
1999 1640 2082 1685 est

2191 440 2355 487 tatem
2380 431 2555 500 populi
2587 447 2706 501 qua:
2736 447 2830 500 per
2864 447 2986 487 eum
3031 431 3173 485 facta
3221 431 3475 501 videtur,
3516 449 3644 490 vasa
3676 451 3770 491 sa-

2187 524 2480 579 cerdotalia
2514 524 2810 591 accipiens,
2846 532 2901 578 et
2934 526 3035 578 hoc
3062 526 3330 594 superbus
3366 535 3421 580 et
3441 538 3681 591 erectus,
3711 540 3769 583 et

2187 615 2293 669 alta
2318 616 2581 685 cogitans,
2612 626 2672 670 ut
2697 617 2957 685 propheta
2984 616 3050 670 de
3078 630 3144 670 eo
3172 616 3383 671 diceret
3419 634 3432 671 :
3477 617 3520 671 Τ
3524 636 3555 671 u
3578 620 3766 673 dixisti

2186 708 2240 761 in
2268 710 2419 761 corde
2452 721 2565 772 tuo,
2593 710 2671 761 Ad
2694 708 2845 761 caelos
2874 710 3179 772 ascendam,
3199 724 3361 777 supra
3393 710 3553 763 nubes
3569 720 3764 779 ponant

2188 802 2358 855 sedem
2393 817 2579 865 meam,
2614 812 2662 853 et
2694 799 2878 854 sedebo
2906 816 3068 867 supra
3104 809 3305 853 montes
3347 800 3640 855 altissimos
3690 806 3761 855 ad

2186 894 2502 963 aquilonem,
2535 903 2581 946 et
2608 911 2696 947 ero
2721 893 2908 947 similis
2926 893 3202 947 Altissimo
3232 894 3276 925 ⁸⁸
3303 908 3317 947 :
3344 895 3464 963 quia
3506 896 3639 950 talia
3680 912 3763 950 sa-

2187 986 2387 1056 piebat,
2421 997 2472 1040 et
2508 987 2633 1039 talia
2667 986 3010 1054 loquebatur,
3064 995 3119 1040 et
3150 986 3278 1039 talia
3312 986 3598 1056 cogitabat,
3651 990 3761 1045 iste

2186 1078 2459 1148 accipiens
2490 1079 2845 1133 sacerdotalia
2866 1094 2991 1133 vasa
3019 1094 3122 1133 non
3152 1090 3235 1133 e5t
3260 1094 3419 1134 ausus
3436 1081 3503 1133 uti
3526 1080 3755 1147 iisdem,

2185 1171 2280 1224 sed
2311 1182 2566 1240 tanquam
2619 1171 2669 1224 in
2715 1171 2925 1225 ratione
2974 1172 3196 1225 honoris
3230 1173 3407 1239 posuit
3434 1174 3481 1226 in
3507 1174 3750 1241 templis,

2186 1277 2291 1317 non
2308 1278 2636 1317 consecrans
2663 1262 2839 1326 idolis,
2860 1264 2999 1317 sicut
3023 1279 3141 1332 quae
3163 1262 3512 1331 insequuntur
3527 1266 3715 1319 den-non
3733 1296 3748 1305 -

2184 1362 2380 1413 strant.
2412 1356 2505 1409 sed
2541 1369 2799 1409 recusans
2823 1355 2964 1409 vasis
2993 1356 3067 1408 uti
3101 1355 3426 1409 divinis.lsti
3456 1358 3740 1411 succedens

2184 1446 2325 1502 iilius
2352 1447 2467 1515 ejus
2495 1448 2545 1500 in
2583 1462 2767 1517 regno,
2816 1464 2920 1503 non
2964 1449 3010 1502 ei
3064 1448 3329 1502 successit
3372 1456 3427 1501 et
3453 1449 3737 1502 secundum

2182 1540 2342 1595 istum
2379 1540 2665 1606 honorem,
2696 1540 2789 1595 sed
2819 1541 3081 1595 innovans
3115 1550 3434 1610 potestatem
3472 1541 3621 1610 regni
3641 1541 3743 1605 sui,

2182 1632 2388 1703 profert
2420 1649 2545 1688 vasa
2566 1633 3023 1697 sacerdotalia,et
3053 1632 3188 1687 bibit
3237 1633 3291 1685 in
3329 1633 3481 1702 ipsis.
3520 1635 3586 1686 Et
3624 1633 3750 1703 quia

513 1733 781 1777 mortuus.
814 1724 1006 1793 Utique
1036 1733 1089 1777 et
1134 1722 1222 1776 alii
1271 1730 1395 1775 ante
1439 1721 1657 1791 Moysen
1684 1738 1699 1786 ;
1735 1721 1827 1777 sed
1856 1733 2075 1791 propter
2108 1718 2147 1772 Β
2176 1726 2288 1796 ipse
2315 1735 2367 1781 et
2397 1727 2478 1781 sui
2510 1726 2648 1781 male
2676 1728 3037 1781 extenderunt
3071 1741 3264 1781 manus
3300 1742 3427 1781 suas
3464 1727 3532 1780 ad
3587 1742 3748 1792 vasa,

512 1822 821 1883 adventum,
850 1819 970 1887 quis
994 1818 1144 1884 dicit,
1176 1816 1265 1870 Dei
1300 1817 1453 1882 dixit,
1497 1817 1623 1885 quia
1652 1816 1697 1870 si
1728 1817 1850 1887 quis
1886 1833 2081 1887 appro-

514 1914 859 1981 pinquaverit
887 1913 1166 1966 morietur.
1208 1912 1396 1965 Nonne
1452 1912 1622 1979 magis
1650 1912 1871 1967 deberet
1900 1913 2081 1966 vivere

512 2006 603 2073 qui
641 2005 1031 2073 appr0pinquat
1065 2005 1311 2058 adventui
1361 2004 1453 2057 Dei
1491 2005 1514 2057 i
1545 2005 1649 2059 Sed
1705 2014 1911 2059 terrere
1968 2006 2080 2060 vult

509 2095 763 2164 populum
823 2096 1120 2158 audacem;
1166 2096 1302 2149 unde
1347 2104 1400 2148 et
1452 2095 1590 2149 tubae
1649 2108 1837 2149 sonant
1883 2112 2077 2150 canen-

512 2186 664 2238 tium.
715 2185 850 2250 Quid
916 2186 1057 2236 enim
1114 2200 1361 2255 magnum
1424 2197 1506 2241 est
1562 2188 1672 2242 Deo
1728 2199 2076 2257 Operatnenta

510 2290 698 2330 creare
732 2277 797 2328 ad
829 2275 1131 2330 istiusmodi
1175 2276 1576 2342 necessitatem,
1614 2288 1704 2331 aut
1752 2278 1871 2333 sine
1929 2281 2072 2334 tubis

511 2384 699 2423 sonum
725 2369 880 2422 talem
914 2369 1199 2423 emittere?
1235 2367 1346 2422 Non
1378 2369 1443 2423 ab
1476 2384 1534 2423 re
1580 2379 1759 2423 autem
1812 2380 1894 2423 est
1925 2386 2074 2439 quato

511 2462 632 2515 dam
669 2476 731 2516 ex
763 2460 980 2515 Daniele
1006 2476 1296 2532 apponere,
1326 2463 1418 2516 sed
1451 2470 1505 2517 et
1538 2464 2071 2532 opportunissinmm.

510 2555 644 2623 Quia
678 2558 821 2611 enim
852 2556 1089 2611 diximus
1131 2555 1255 2624 quia
1293 2569 1397 2607 non
1430 2564 1551 2609 erat
1600 2557 1935 2623 impossibile
1966 2557 2073 2611 Deo

510 2649 667 2704 tubas
695 2664 900 2712 creare,
925 2659 1017 2703 aut
1041 2648 1157 2703 sine
1181 2647 1322 2702 tubis
1339 2662 1526 2702 sonum
1561 2647 1735 2701 audiri
1766 2669 1776 2701 :
1814 2648 2071 2715 scriptum

506 2741 648 2811 apud
684 2741 957 2796 Danielem
990 2752 1094 2806 est,
1135 2741 1282 2810 quia,
1308 2741 1500 2794 Manus
1531 2742 1766 2810 ingressa
1803 2739 1919 2795 sola
1941 2742 2070 2794 scri-

508 2836 655 2888 bebat
684 2835 735 2886 in
771 2834 963 2903 pariete
986 2835 1053 2888 ".
1092 2834 1195 2887 ista
1224 2849 1413 2887 manus
1442 2833 1584 2887 Deus
1612 2843 1713 2897 est,
1754 2843 1845 2886 aut
1894 2832 2069 2903 angeli

506 2927 696 2982 incisio
721 2927 837 2981 est?
892 2925 995 2980 Sed
1046 2926 1171 2993 quia
1222 2924 1441 2979 deberet
1497 2925 1668 2979 videri
1706 2940 1807 2978 non
1857 2935 2066 2989 tenens,

508 3020 644 3075 forte
698 3029 872 3075 autem
920 3032 1019 3071 nec
1045 3026 1403 3070 atramentum
1449 3016 1711 3083 bajnlans,
1745 3034 1917 3086 neque
1962 3019 2068 3073 alio

2181 1817 2304 1886 quia
2336 1817 2476 1871 enim
2510 1819 2761 1871 manibus
2795 1818 3087 1886 tetigerunt
3121 1832 3181 1872 ea
3210 1832 3329 1887 qua:
3376 1817 3458 1872 eis
3486 1833 3591 1873 non
3621 1833 3749 1872 con-

2181 1909 2486 1977 tingebant;
2525 1924 2720 1963 manus
2771 1924 2867 1977 pro
2922 1926 3085 1963 manu
3132 1912 3319 1965 exiens
3358 1912 3745 1982 scripsitjuxta

2178 1999 2471 2064 lucernam,
2503 2010 2560 2053 ut
2582 2001 2672 2070 qui
2711 2000 2940 2055 aderant
2973 2002 3222 2057 homines
3244 2003 3490 2058 viderent
3526 2014 3743 2060 senteno

2179 2091 2327 2143 tiam.
2359 2090 2487 2156 Qua:
2516 2106 2646 2161 ergo
2676 2102 2760 2146 est
2789 2107 2981 2146 manus
3006 2094 3129 2146 illa?
3158 2093 3273 2147 Non
3308 2108 3536 2164 corpus,
3576 2112 3742 2166 neque

2174 2195 2237 2234 ex
2270 2195 2493 2251 corpore
2532 2183 2747 2247 incisio,
2792 2184 2886 2237 sed
2927 2184 3208 2239 eﬂicientia
3252 2187 3319 2240 ad
3355 2189 3617 2243 visionem
3645 2204 3732 2244 ve-

2176 2272 2352 2335 niens,
2380 2282 2437 2326 ut
2466 2285 2848 2344 agnosceretur
2875 2277 3141 2330 sententia
3191 2278 3524 2338 invisibibis.
3571 2280 3736 2335 Salie-

2174 2375 2319 2419 cerat
2345 2376 2523 2420 autem
2564 2376 2617 2420 et
2648 2382 2836 2422 manus
2858 2370 3145 2424 ostendere
3178 2373 3452 2437 virtutem,
3481 2382 3535 2427 et
3568 2374 3740 2427 inter-

2175 2458 2375 2526 pretari
2407 2459 2789 2524 obscuritates,
2837 2460 3047 2514 solvere
3079 2462 3462 2526 dubitationes,
3497 2466 3593 2518 sed
3623 2481 3734 2518 non

2172 2559 2255 2603 est
2300 2566 2498 2619 egenus
2558 2551 2729 2608 dives.
2784 2554 3088 2607 Invenimus
3137 2554 3274 2608 enim
3329 2556 3380 2608 in
3430 2555 3728 2625 Scripturis

2173 2651 2227 2696 et
2259 2641 2395 2696 forte
2421 2642 2612 2705 multa,
2651 2659 2772 2712 qua:
2803 2657 2859 2697 ut
2883 2644 3213 2713 quaestiones
3244 2654 3397 2700 moue
3427 2657 3574 2713 sunt,
3604 2662 3737 2716 pos-

2172 2742 2294 2787 sunt
2325 2734 2478 2789 nobis
2501 2736 2566 2788 ad
2586 2735 2905 2790 solutionem
2933 2737 3209 2806 prodesse.
3239 2739 3497 2796 Novimus
3520 2742 3663 2796 enim
3680 2754 3737 2799 et

2171 2824 2236 2877 de
2272 2824 2509 2891 Daniele,
2554 2827 2679 2895 quia
2719 2828 2846 2881 vidit
2884 2828 3041 2882 sedes
3086 2831 3310 2897 positas,
3351 2843 3404 2887 et
3445 2834 3731 2888 Vetustqu

2171 2914 2377 2969 dierum
2416 2917 2757 2983 insidentem,
2799 2920 2948 2989 cujus
2986 2924 3090 2977 albi
3130 2934 3289 2978 erant
3319 2926 3520 2994 capilli,
3566 2937 3618 2980 et
3649 2942 3737 2981 ve-

2172 3009 2425 3064 stimenta
2451 3011 2675 3065 candida
2708 3012 2774 3066 ⁸³.
2818 3014 2885 3067 Et
2911 3027 3056 3071 certe
3104 3026 3158 3070 et
3211 3018 3315 3072 hoc
3373 3020 3737 3090 accipiebatur

506 3113 683 3182 aliquo
735 3118 1079 3180 operantento
1109 3109 1299 3171 abusa,
1353 3118 1438 3161 aut
1498 3109 1609 3176 ipsa
1667 3124 1793 3173 usa,
1832 3111 2060 3163 addatur

2172 3112 2391 3171 propter
2446 3106 2858 3171 contumaciam,
2905 3118 2997 3161 aut
3049 3120 3271 3178 propter
3332 3079 3731 3183 negligentiam.

504 3213 560 3259 et
593 3218 787 3267 canna,
824 3210 879 3255 et
918 3208 1280 3254 atramentum
1307 3209 1568 3255 creatum.
1607 3202 1712 3255 Aut
1735 3203 1778 3256 si
1812 3204 1912 3255 hoc
1946 3204 2067 3271 quis

506 3294 732 3349 voluerit
766 3292 1027 3363 accipere,
1059 3291 1275 3361 scripsit
1306 3307 1519 3357 manus,
1561 3304 1613 3349 et
1659 3294 1784 3347 dum
1818 3294 2067 3362 scripsis-

504 3401 607 3459 set,
639 3390 879 3445 reressit.
924 3388 1062 3455 Quid
1108 3402 1299 3443 manus
1356 3389 1453 3442 ista
1482 3388 1718 3454 dicebat,
1763 3389 1919 3460 cujus
1971 3389 2061 3443 Dei

501 3483 614 3538 sola
649 3498 861 3545 manus,
908 3491 961 3536 et
1006 3481 1097 3535 ubi
1130 3491 1215 3535 est
1260 3481 1467 3534 totmn?
1509 3491 1600 3535 aut
1640 3480 1839 3551 angeli,
1889 3493 1941 3535 et
1972 3480 2061 3535 ubi

500 3583 583 3629 est
615 3574 829 3629 totum?
870 3572 1060 3627 incisio
1110 3584 1230 3627 erat
1280 3573 1572 3642 passibilis.
1609 3573 1751 3643 Ergo
1797 3588 1902 3642 quo
1958 3574 2059 3628 ista

502 3668 693 3724 incisio
717 3668 839 3722 est?
872 3666 1008 3733 Quid
1043 3682 1173 3737 ergo
1208 3676 1293 3721 est
1326 3668 1593 3721 sententia
1628 3667 1779 3721 visa?
1822 3667 1889 3722 Ut
1914 3669 2058 3721 enim

500 3761 666 3816 sciret
699 3775 789 3814 rex
817 3760 907 3829 qui
942 3774 1107 3814 ausus
1133 3767 1241 3821 est,
1279 3759 1396 3813 ideo
1449 3774 1641 3811 manus
1680 3759 1745 3811 ad
1786 3758 2058 3813 lucernam

498 3852 763 3922 indigens,
787 3866 904 3920 qua:
940 3867 1036 3905 nec
1062 3850 1230 3905 oculis
1256 3850 1365 3904 visa
1396 3860 1540 3904 sunt.
1577 3851 1641 3903 Et
1671 3861 1816 3905 certe
1845 3861 1901 3904 ut
1925 3852 2058 3906 scri-

495 3930 749 4016 batqnis,
781 3944 930 3999 valde
963 3944 1187 3998 intentio
1227 3945 1531 3998 necessaria
1564 3953 1741 4012 est,et
1762 3945 2056 3999 videntium

504 4038 808 4100 oculorum,
835 4048 889 4091 et
928 4047 1083 4091 acute
1115 4038 1429 4091 videntium.
1458 4035 1612 4093 Nunc
1657 4048 1831 4091 autem
1871 4039 2058 4092 scribit

493 4130 613 4185 sine
645 4130 835 4194 oculis,
864 4130 981 4183 sine
1014 4138 1248 4193 tenente,
1293 4128 1407 4183 sive
1431 4143 1551 4182 cum
1590 4139 1917 4194 atramento,
1942 4131 2056 4184 sive

492 4222 608 4277 sine
631 4230 953 4287 atramento,
972 4220 1083 4276 sive
1105 4222 1221 4275 sine
1244 4220 1363 4274 aliis
1385 4221 1767 4290 operamentis,
1797 4222 1908 4275 sive
1932 4236 2052 4275 cum

491 4313 630 4375 aliis,
653 4313 937 4367 admiratio
956 4322 1036 4368 est
1059 4331 1073 4379 ;
1099 4313 1189 4383 qui
1224 4312 1374 4366 valde
1396 4326 1585 4367 carnes
1606 4314 1849 4385 sunt,qui
1868 4326 2053 4382 corpo-

492 4406 661 4473 rales,
695 4406 784 4475 qui
842 4406 1023 4459 volunt
1070 4405 1177 4459 Deo
1227 4418 1425 4474 corpus
1474 4405 1626 4468 dare,
1688 4405 2047 4471 respondeant
2078 4441 2123 4497 Β

489 4499 665 4563 nobis,
714 4498 802 4552 illa
847 4512 1035 4551 manus
1063 4511 1261 4566 corpus
1294 4505 1409 4550 erat
1460 4504 1552 4549 aut
1582 4509 1685 4548 non
1722 4495 1959 4563 corpus?
1987 4494 2044 4549 Si

487 4605 717 4659 corpus;
753 4590 870 4644 sine
911 4588 1148 4641 humeris
1176 4603 1277 4640 non
1312 4598 1614 4651 moveatur,
1650 4585 1765 4639 sine
1788 4594 1901 4639 toto
1932 4601 2051 4640 cor-

484 4696 617 4752 pore
649 4698 752 4736 nou
794 4683 864 4737 sit
897 4696 1105 4734 manus.
1137 4679 1194 4733 Si
1226 4690 1403 4733 autem
1436 4686 1660 4748 apparet
1710 4693 1898 4732 manus
1926 4717 1941 4742 ,
1993 4686 2047 4733 et

482 4773 672 4829 scribit
704 4788 914 4837 manus,
948 4780 1003 4825 et
1031 4771 1231 4825 recedit
1279 4786 1505 4833 manus;
1558 4781 1884 4840 agnoscatur
1928 4785 2047 4840 quin

482 4876 566 4922 est
607 4874 795 4920 natura
846 4863 1068 4918 visionis
1118 4862 1413 4933 praesentis.
1449 4860 1816 4930 Importunum
1860 4858 2043 4915 autem

482 4972 587 5011 non
613 4964 696 5011 est
722 4954 1033 5024 adjungere,
1068 4968 1162 5007 cur
1193 4961 1247 5007 et
1287 4966 1496 5006 manus.
1548 4950 1604 5005 Si
1642 4951 1785 5004 enim
1810 4951 1922 5019 jam
1966 4950 2045 5003 di-

479 5060 623 5103 ctum
648 5058 750 5113 est,
778 5048 899 5118 quia
916 5047 1200 5117 oportebat
1228 5045 1553 5099 sententiam
1586 5043 1772 5106 scribi,
1793 5044 1883 5097 sed
1906 5041 2045 5097 forte

481 5141 600 5196 ideo
624 5156 715 5210 per
740 5154 976 5203 manum,
1010 5137 1133 5207 quia
1160 5146 1212 5190 et
1235 5146 1382 5206 pater
1400 5134 1558 5205 hujus
1590 5134 1731 5201 regis
1756 5134 2043 5186 adversum

478 5248 637 5302 quem
672 5235 772 5287 ista
820 5232 1085 5288 sententia
1123 5230 1322 5297 scripta
1352 5239 1465 5292 est,
1503 5227 1571 5281 ob
1615 5226 1794 5296 populi
1848 5225 2041 5279 delicta

480 5327 653 5394 potuit
682 5335 734 5381 et
763 5326 1014 5396 populum
1066 5334 1249 5379 tenere
1276 5333 1331 5377 et
1382 5322 1659 5388 templum.
1694 5319 1759 5371 Et
1788 5317 2039 5385 populum

477 5412 691 5484 quidem
726 5416 949 5468 adduxit
996 5416 1290 5485 captivum.
1345 5411 1647 5466 Condicens
1690 5416 1867 5461 autem
1914 5407 2037 5476 quia

548 5552 591 5581 "
619 5552 769 5604 Deut.
814 5568 904 5616 vn,
936 5553 985 5605 5.
1065 5551 1109 5582 ⁸⁸
1143 5550 1310 5604 Exod.
1353 5564 1464 5611 xu,
1496 5546 1581 5601 l2.
1652 5546 1696 5577 ⁸¹
1734 5545 1861 5602 Dan.
1890 5560 1939 5610 v,
1969 5543 2021 5613 5.

538 5690 656 5761 ('78)
692 5691 1055 5747 :lntbitionem.
1080 5692 1132 5747 Id
1157 5702 1259 5759 est,
1294 5691 1563 5748 ambitum.

2097 5544 2141 5577 ⁸³
2166 5544 2267 5603 lsa.
2296 5563 2403 5613 x1v,
2436 5548 2516 5606 l3.

2170 3193 2249 3247 Ad
2301 3196 2709 3251 ostentationem
2763 3200 2958 3269 quippe
3000 3201 3125 3268 quia
3177 3218 3374 3273 corpus
3424 3216 3506 3261 est
3554 3207 3733 3276 Deus;

2169 3289 2429 3342 sententia
2469 3298 2646 3343 autem
2692 3290 2943 3347 virtutem
2978 3309 3288 3349 sermonum
3326 3299 3563 3363 exhibet,
3602 3301 3731 3369 quia

2168 3381 2401 3435 maxime
2430 3382 2623 3436 exhinc
2662 3382 3012 3454 incorporalis
3049 3389 3352 3443 ostenditur
3388 3391 3545 3445 Deus.
3596 3393 3733 3457 Quis

2164 3474 2306 3528 enim
2340 3474 2549 3544 ignorat
2580 3491 2792 3531 omnem
2830 3479 2919 3547 qui
2960 3479 3133 3536 oculis
3182 3482 3372 3549 utitur,
3406 3485 3527 3552 quia
3572 3485 3730 3539 oculo

2164 3570 2426 3639 contingit
2477 3585 2538 3623 ea
2585 3570 2767 3624 videre
2820 3586 2938 3638 qua:
2992 3572 3226 3627 adsunt?
3276 3592 3395 3645 qua:
3451 3586 3628 3631 autem
3676 3578 3729 3631 in

2163 3663 2452 3716 crastinum
2485 3671 2577 3715 aut
2616 3672 2738 3732 post
2772 3678 2990 3729 parvam
3038 3667 3245 3733 horam,
3288 3678 3381 3721 aut
3440 3680 3562 3737 post
3617 3686 3729 3725 mo-

2162 3763 2399 3807 mentum
2435 3755 2583 3821 iient,
2635 3773 2738 3812 non
2796 3760 2941 3815 videt
2993 3760 3221 3816 oculus:
3262 3762 3497 3819 Danielis
3552 3777 3727 3822 autem

2159 3848 2314 3912 visio,
2356 3850 2563 3904 initium
2593 3851 2807 3919 quidem
2842 3854 3001 3909 habet
3026 3869 3055 3908 a
3095 3854 3197 3915 lea,
3230 3866 3350 3923 post
3382 3856 3519 3910 leam
3552 3869 3729 3913 autem

2159 3939 2457 3997 introducit
2511 3958 2736 4010 ursum,
2820 3948 3035 4001 tertium
3092 3947 3292 4001 animal
3352 3959 3410 4002 ut
3467 3954 3728 4020 pardum,

2157 4044 2405 4101 quartum
2433 4035 2537 4089 tale
2567 4036 2717 4103 cujus
2753 4047 2940 4090 natura
2982 4039 3119 4106 apud
3160 4054 3259 4093 nos
3299 4055 3401 4094 non
3436 4041 3727 4098 invenitur.

2156 4122 2501 4196 lnterrogabo
2534 4128 2797 4182 volentem
2824 4130 3169 4195 contendere,
3222 4131 3302 4187 lea
3347 4146 3564 4201 regnum
3601 4136 3732 4188 est?

2156 4216 2212 4271 Si
2239 4219 2381 4271 enim
2424 4221 2564 4287 quod
2590 4220 2720 4274 vidit
2751 4221 2935 4275 Daniel
2962 4233 3078 4277 erat
3106 4224 3329 4291 visibile,
3378 4224 3509 4278 leam
3538 4237 3724 4281 autem

2154 4309 2323 4374 vidit;
2356 4326 2459 4366 non
2500 4312 2632 4367 vidit
2661 4328 2903 4383 regnum,
2932 4320 3024 4369 sed
3054 4315 3211 4370 leam.
3245 4315 3319 4371 Ne
3350 4315 3509 4387 igitur
3544 4334 3729 4372 remo-

2155 4415 2374 4456 veamus
2425 4403 2650 4466 dictum,
2708 4406 3042 4474 Scripturam
3106 4408 3402 4463 videamus.
3461 4409 3519 4463 Si
3576 4412 3722 4465 enim

2153 4490 2266 4561 ipse
2319 4490 2505 4547 Daniel
2573 4493 2981 4563 interpretans,
3050 4507 3142 4551 aut
3198 4500 3601 4570 interpretatam
3656 4505 3726 4556 ab

2152 4582 2343 4651 angelo
2392 4584 2651 4639 visionem
2678 4588 2848 4652 audit,
2916 4590 3040 4658 quia
3096 4591 3329 4659 primum
3374 4609 3593 4663 regnum
3639 4606 3724 4649 est

2150 4673 2545 4739 Chaldaeorum,
2604 4676 2831 4733 intueris
2869 4682 2995 4750 quia
3032 4682 3175 4751 quod
3224 4685 3396 4739 visum
3451 4694 3572 4750 est,
3638 4684 3722 4740 lea

2149 4772 2302 4829 erat;
2335 4766 2475 4833 quod
2508 4776 2685 4823 autem
2718 4770 3121 4841 interpretatur,
3155 4790 3401 4843 regnum.
3448 4779 3555 4831 Aut
3581 4778 3729 4831 dicat

2151 4854 2240 4924 qui
2270 4854 2520 4923 voluerit,
2547 4870 2705 4929 putas
2730 4860 2843 4915 fera
2874 4862 3049 4932 aliqua
3086 4875 3237 4929 erat,
3276 4876 3329 4921 et
3370 4868 3618 4933 vivebat;
3668 4881 3727 4924 et

2156 4948 2277 5002 talis
2306 4950 2512 5019 qualem
2547 4953 2677 5005 vidit
2723 4954 2954 5009 Daniel?
3012 4956 3067 5010 Si
3104 4967 3283 5011 autem
3321 4960 3547 5030 insignia
3590 4962 3729 5016 vidit

2155 5043 2337 5111 regni,
2408 5043 2903 5114 interpretationem
2956 5058 3131 5103 autem
3185 5052 3420 5122 agnovit,
3482 5054 3727 5110 visiones

2151 5145 2436 5201 corporeas
2465 5135 2641 5190 facere.
2671 5154 2775 5191 non
2805 5138 3080 5196 debemus.
3124 5140 3292 5196 Ursus
3328 5151 3507 5194 autem
3555 5157 3693 5212 appa
3715 5176 3727 5184 -

2152 5224 2302 5277 rebat
2326 5228 2593 5281 secundus
2625 5239 2738 5297 post
2766 5229 2924 5296 leam,
2951 5243 3004 5286 et
3041 5234 3142 5285 tria
3172 5231 3339 5286 latera
3364 5244 3521 5289 erant
3550 5234 3601 5289 in
3625 5252 3726 5291 ore

2149 5311 2283 5379 ejus.
2325 5314 2488 5371 Putas
2524 5318 2647 5387 quia
2689 5329 2743 5373 et
2788 5320 2955 5375 latera
2999 5322 3115 5376 viva
3158 5330 3329 5387 erant,
3366 5332 3422 5379 et
3462 5324 3602 5378 unde
3655 5340 3721 5379 ea

2149 5407 2342 5475 accipit
2386 5410 2586 5464 ursus?
2642 5410 2804 5467 Putas
2848 5414 3065 5485 aliquod
3132 5415 3334 5471 animal
3404 5431 3728 5488 expugnans

2608 5550 2650 5581 ⁸³
2682 5551 2809 5605 Dan.
2845 5566 2937 5619 vn,
2970 5551 3022 5607 9.
