4050 6206
332 299 471 355 1165

1112 293 1200 346 DE
1238 292 1326 349 ΕΟ
1363 290 1549 360 QUOD
1582 289 1764 347 DEUS
1801 289 2030 346 PATER
2069 287 2571 365 INCOilPORALlS
2609 290 2759 347 EST.

3447 297 3467 348 l
3484 298 3581 351 ltiti

327 416 476 487 quod
509 415 567 470 in
591 410 985 470 consuetudine
1022 416 1106 464 est
1148 409 1290 479 apud
1329 422 1461 473 nos;
1497 416 1588 461 aut
1622 408 1910 477 signiﬁcat,
1940 413 1987 470 Α
2017 405 2198 460 futura
2230 414 2414 469 erant;
2468 403 2593 473 quia
2636 418 2756 474 qua:
2808 403 2996 475 incipit
3043 406 3243 469 videre,
3292 421 3395 460 non
3443 411 3589 465 videt

327 503 453 578 qtiia
492 523 588 577 per
629 507 731 563 tria
782 506 952 560 latera
1038 509 1150 556 tres
1211 500 1461 569 regiones
1512 499 1729 555 habebit
1785 498 1914 554 illud

329 604 625 656 secundum
679 612 919 669 regnum.
973 593 1196 651 Tertius
1247 604 1426 649 autem
1458 595 1658 662 pardus
1694 592 1910 663 quidem

329 702 451 750 erat
477 703 733 762 quantum
785 689 851 744 ad
879 688 1168 753 visionem,
1220 695 1454 755 quatuor
1498 695 1679 740 autem
1734 685 1910 753 capita

332 785 585 841 habebat.
643 782 850 850 Siquis
911 790 1088 835 autem
1140 791 1380 835 vestrum
1430 779 1565 833 vidit
1607 779 1661 833 in
1718 788 1910 833 natura

332 888 565 948 quatuor
611 872 787 942 capita
850 871 1077 941 pardum
1136 870 1450 936 habentem,
1498 871 1569 924 sit
1618 868 1828 924 visibile
1854 877 1910 924 et

334 968 526 1024 animal
547 966 710 1020 istud.
759 965 816 1019 Si
859 974 1037 1018 autem
1069 972 1321 1018 naturam
1354 962 1638 1027 convertit,
1670 960 1908 1017 forman-

336 1073 420 1116 tur
435 1071 607 1114 autem
635 1074 804 1128 regna
830 1072 925 1123 per
951 1055 1255 1111 istiusmodi
1288 1055 1547 1119 visiones,
1579 1054 1647 1108 ad
1679 1067 1907 1122 corpora

334 1164 434 1204 non
464 1147 872 1217 compellamus.
929 1146 1117 1213 Quarti
1149 1154 1331 1199 autem
1371 1144 1619 1198 animalis
1651 1145 1704 1197 in
1733 1153 1905 1199 totum

333 1259 426 1297 nec
465 1243 716 1312 ﬁguratio
753 1252 835 1296 est
883 1242 1080 1311 posita,
1141 1254 1207 1295 eo
1270 1239 1411 1309 quod
1460 1239 1801 1293 immutatum
1852 1247 1907 1295 et

330 1349 523 1389 novum
551 1349 581 1387 a
614 1334 824 1388 caeteris
856 1334 1161 1395 videbatur,
1188 1339 1246 1386 ut
1278 1347 1345 1386 ne
1370 1332 1584 1401 quidem
1613 1332 1905 1387 similitudo

328 1428 381 1481 in
407 1441 473 1482 eo
502 1424 726 1493 alicujus
753 1426 1000 1480 animalis
1030 1425 1337 1480 inveniatur
1364 1443 1377 1478 :
1405 1425 1519 1478 haec
1545 1424 1674 1478 vidit
1695 1422 1901 1478 Daniel.

327 1517 398 1571 Et
450 1525 577 1571 ante
634 1517 746 1571 haec
778 1533 792 1569 :
825 1514 972 1581 Vidi,
1017 1514 1213 1584 inquit,
1275 1525 1511 1583 quatuor
1566 1523 1743 1568 ventos
1790 1512 1904 1567 cazli

328 1606 657 1662 imminentes
681 1606 737 1660 in
762 1607 898 1659 mari
930 1621 1119 1674 magno
1173 1604 1239 1658 ⁸⁸.
1290 1603 1453 1659 Putas
1493 1614 1547 1659 et
1592 1605 1735 1658 venti
1771 1604 1901 1658 visi—

329 1698 467 1754 biles
513 1697 700 1753 fuere?
732 1698 972 1764 Quatuor
1014 1706 1191 1752 autem
1247 1696 1405 1752 simul
1454 1696 1817 1750 immittuntur
1848 1696 1900 1749 in

2022 512 2141 567 qum
2176 497 2445 559 videntur,
2496 495 2590 549 sed
2638 496 2783 551 videt
2827 512 2944 566 quae
2986 512 3093 551 non
3139 499 3409 553 videntur.
3466 499 3590 554 Iden

2013 597 2198 642 autem
2263 597 2317 642 et
2360 587 2696 655 nuncupatio
2750 598 2867 641 erat
2916 590 3301 658 prophetarum
3351 591 3474 656 ista,
3534 603 3591 644 ut

2011 681 2319 736 dicerentur
2357 681 2449 748 qui
2486 680 2667 734 vident
2698 698 2709 733 :
2744 680 2869 748 quia
2909 682 3051 734 enim
3092 691 3145 734 et
3175 680 3311 751 apud
3349 698 3446 738 nos
3471 684 3593 752 qni-

2011 773 2132 827 dam
2163 772 2380 840 vident,
2432 772 2652 840 quidam
2690 787 2794 827 non
2824 772 3025 837 vident,
3058 782 3112 827 et
3144 774 3211 826 ad
3242 790 3416 829 caecos
3442 790 3594 830 com-

2009 864 2219 936 paratio
2247 873 2329 919 est
2357 878 2543 918 eorum
2567 862 2661 933 qui
2688 863 2892 927 vident,
2925 875 2979 919 et
3002 865 3289 921 diversitas
3313 877 3366 921 et
3388 869 3590 922 discre-

2010 957 2085 1011 tio
2104 964 2206 1011 est.
2245 956 2443 1012 Sumus
2477 969 2655 1013 autem
2698 967 2960 1029 quantum
2988 959 3052 1012 ad
3099 957 3589 1014 considerationem

2008 1048 2276 1104 visionum
2328 1064 2432 1104 non
2482 1051 2746 1106 videntes.
2810 1050 3006 1105 Vident
3058 1060 3236 1103 autem
3287 1052 3582 1120 propheta-,

2008 1155 2128 1211 quas
2170 1156 2267 1195 nos
2313 1155 2420 1195 non
2477 1140 2745 1196 videmus.
2803 1142 2879 1194 Ex
2948 1141 3059 1209 ipsa
3113 1155 3239 1209 ergo
3296 1139 3585 1196 elﬁcientia
3668 1156 3677 1165 ί

2008 1242 2334 1303 acceperunt
2374 1242 2432 1287 et
2473 1234 2923 1302 nuneupationem
2968 1233 3057 1302 qui
3108 1234 3433 1287 vocabantur
3460 1250 3586 1303 pro-

2004 1326 2180 1394 phetae
2227 1327 2524 1381 secundum
2594 1336 2837 1381 veterem
2900 1341 3118 1390 vocem,
3176 1342 3295 1380 cum
3354 1327 3587 1380 maxime

2004 1426 2331 1486 exceperunt
2382 1418 2466 1472 his
2507 1418 2598 1488 qui
2642 1418 2843 1473 vident.
2895 1417 3048 1473 Unde
3093 1426 3147 1472 et
3184 1420 3363 1474 multae
3396 1419 3586 1473 inscri-

2002 1509 2212 1578 ptiones
2248 1508 2381 1563 tales
2428 1510 2793 1573 inveniuntur,
2847 1510 2971 1564 dum
3026 1511 3200 1564 dicit:
3248 1509 3389 1565 Visio
3427 1528 3584 1581 quam

2003 1604 2130 1656 vidit
2184 1601 2361 1657 Isaias
2424 1604 2670 1657 adversus
2730 1602 3066 1677 IEgyptum;
3110 1600 3250 1656 Visio
3306 1603 3586 1657 adversum

2003 1694 2350 1766 Babyloniam
2393 1696 2462 1749 ⁸⁸.
2496 1696 2631 1762 Quia
2677 1696 2839 1767 igitur
2876 1698 3149 1759 videbant,
3201 1706 3258 1751 ut
3308 1697 3585 1761 videbant,

330 1788 485 1842 mari.
529 1788 595 1842 Et
636 1803 787 1843 mare
825 1788 980 1851 vidit,
1018 1787 1109 1842 ubi
1151 1802 1317 1857 agens
1345 1800 1581 1855 praesens
1609 1800 1776 1853 mare,
1814 1794 1907 1840 aut
1933 1780 1981 1839 Β
2008 1787 2265 1842 videbant
2305 1798 2483 1843 autem
2518 1803 2621 1843 non
2651 1797 2710 1841 ut
2742 1788 3006 1844 homines.
3060 1787 3188 1854 Quae
3246 1803 3372 1858 ergo
3413 1790 3586 1843 oculis

331 1894 437 1933 non
466 1893 703 1949 praesens
731 1880 1038 1949 conspexit.
1094 1877 1163 1931 Et
1194 1888 1439 1948 quatuor,
1486 1876 1681 1946 inquit,
1723 1892 1906 1929 ascen-

330 1973 519 2025 debant
549 1972 675 2039 fera:
712 1972 775 2025 de
820 1973 956 2024 mari
987 1971 1032 2003 ⁸³
1064 1989 1075 2025 :
1111 1970 1193 2024 lea
1233 1984 1297 2023 cx
1343 1969 1498 2035 mari,
1528 1979 1584 2023 et
1632 1984 1793 2023 ursus
1836 1983 1903 2023 ex

333 2064 490 2129 mari,
523 2074 576 2117 ct
598 2064 797 2132 pardus
819 2078 885 2117 ex
914 2062 1070 2117 mari.
1100 2062 1326 2116 Intueris
1344 2061 1468 2130 quia
1487 2062 1600 2131 ipsa
1624 2060 1903 2129 Scriptura

331 2169 425 2221 per
469 2168 531 2207 ea
564 2169 684 2223 quae
716 2155 930 2209 videtur
981 2154 1186 2223 ligare,
1247 2168 1345 2223 per
1392 2153 1581 2208 eadem
1627 2162 1681 2207 et
1721 2152 1900 2207 solvit.

333 2244 473 2299 atare
513 2245 564 2299 in
600 2245 701 2300 illis
733 2261 838 2300 non
873 2256 990 2300 erat
1019 2246 1176 2312 locis,
1226 2246 1315 2300 ubi
1348 2254 1466 2301 erat
1514 2245 1721 2301 Daniel.
1769 2245 1902 2301 Puta

328 2339 451 2407 quia
488 2346 608 2391 erat
653 2337 754 2402 lea,
797 2347 851 2392 et
877 2353 1035 2392 ursus
1076 2346 1133 2392 et
1175 2337 1377 2405 pardus
1407 2345 1461 2393 et
1514 2352 1711 2391 novum
1768 2337 1895 2390 illud

329 2430 527 2483 animal
559 2448 572 2485 :
602 2445 667 2485 ex
699 2431 835 2485 mari
858 2429 1137 2500 quomodo.
1157 2428 1503 2484 ascendunt?
1537 2428 1694 2484 Venti
1725 2440 1900 2483 autem

329 2522 597 2592 quomodo
652 2524 941 2579 videntur?
1007 2524 1146 2579 Puta
1211 2523 1336 2591 quia
1413 2522 1527 2575 visa
1592 2529 1717 2575 sunt
1777 2520 1899 2577 ista.

326 2615 586 2670 Ascendit
613 2615 696 2669 lea
722 2631 789 2669 ex
816 2617 976 2683 mari,
1016 2616 1286 2685 quomodo
1312 2629 1534 2683 regnum
1564 2614 1617 2668 in
1650 2624 1811 2668 terra.
1844 2614 1902 2668 Si

326 2717 505 2760 autem
532 2722 751 2774 regnum
780 2706 832 2760 in
862 2716 1006 2760 terra
1044 2716 1148 2771 est,
1184 2721 1287 2760 non
1330 2715 1411 2759 est
1448 2705 1559 2774 jam
1607 2706 1686 2760 lea
1716 2728 1727 2760 ;
1759 2705 1901 2774 quod

327 2797 473 2849 enim
502 2795 672 2849 visum
696 2803 778 2848 est
811 2794 952 2848 aliud
982 2804 1122 2860 erat,
1173 2796 1314 2864 quod
1351 2803 1528 2847 autem
1585 2794 1903 2862 interpreta-

330 2897 442 2942 tum
487 2887 652 2942 aliud.
708 2886 813 2940 Sed
867 2897 992 2957 puta
1056 2887 1182 2957 quia
1231 2886 1484 2941 transfert
1521 2895 1577 2941 et
1635 2886 1772 2941 leam
1833 2887 1901 2941 ad

329 2992 554 3047 regnum
585 2995 599 3031 :
632 2978 1018 3047 interpretatur
1059 2980 1200 3033 enim
1236 2978 1460 3048 angelus
1486 2978 1534 3033 ei
1561 2979 1649 3048 qui
1696 2979 1904 3033 viderat

328 3082 381 3128 et
416 3073 652 3143 reliquas
681 3072 823 3127 feras
848 3072 1263 3142 unumquodque
1291 3073 1343 3126 in
1373 3087 1467 3126 sua
1491 3072 1896 3128 constitutione.

332 3163 389 3219 Si
419 3165 520 3219 ista
556 3165 696 3218 enim
729 3179 847 3233 qua:
878 3166 1015 3233 apud
1059 3178 1155 3217 nos
1194 3173 1320 3218 sunt
1352 3172 1407 3219 et
1435 3165 1664 3218 visibilia
1693 3164 1897 3218 haben-

333 3265 441 3319 tur,
489 3255 874 3309 transferamus
904 3256 971 3309 ad
1019 3255 1329 3320 invisibilia,
1384 3264 1439 3311 et
1484 3256 1727 3313 dicamus
1771 3257 1898 3326 quia

328 3363 433 3402 non
480 3349 718 3411 aderant,
768 3347 862 3402 sed
899 3349 1010 3402 visa
1063 3358 1223 3413 sunt;
1253 3358 1307 3403 et
1346 3350 1481 3404 visio
1515 3358 1637 3415 est,
1679 3360 1735 3405 et
1793 3367 1897 3405 non

329 3450 532 3492 natura:
563 3438 862 3507 progenies.
904 3438 1270 3495 Transeamus
1302 3440 1366 3495 ad
1402 3441 1593 3505 Deum,
1624 3441 1712 3496 ubi
1745 3442 1899 3497 sedes

325 3539 451 3584 sunt
502 3530 721 3598 posita};
782 3540 838 3585 et
900 3532 1009 3602 jam
1077 3547 1180 3585 non
1242 3532 1483 3587 dicamus
1546 3532 1703 3587 sedes
1754 3532 1898 3587 aliud

327 3619 554 3690 aliquid,
604 3624 696 3678 sed
737 3625 882 3694 ipsas
920 3626 1075 3680 sedes
1108 3633 1199 3681 :et
1226 3639 1330 3680 non
1360 3625 1470 3695 jam
1500 3625 1744 3680 dicamus
1773 3626 1899 3695 quia

326 3714 478 3768 visus
503 3724 582 3767 est
607 3714 695 3783 qui
723 3709 833 3769 'non
856 3724 938 3771 est
968 3718 1218 3781 visibilis,
1246 3719 1339 3771 sed
1364 3718 1496 3772 visio
1517 3728 1617 3771 est.
1651 3715 1897 3773 Judicem

326 3804 666 3858 introducere
685 3805 880 3859 audeat
896 3806 986 3877 qui
1008 3807 1135 3873 vult,
1164 3808 1241 3861 sic
1259 3807 1501 3861 concedit
1528 3808 1575 3861 ei
1599 3808 1895 3877 Scriptura.

327 3894 635 3952 Meminisse
686 3908 862 3953 autem
916 3907 1125 3969 oportet
1168 3898 1291 3967 quia
1347 3899 1710 3969 suggessimus
1757 3902 1899 3968 quod

327 3989 567 4057 suggerit
602 3998 656 4043 et
690 4000 902 4055 natura,
949 3990 1073 4058 quia
1119 3989 1257 4045 oculi
1313 3987 1491 4043 futura
1540 4006 1646 4044 non
1692 3991 1896 4046 vident.

328 4075 513 4147 Neque
569 4088 689 4149 post
748 4081 1024 4150 quodlibet
1103 4090 1437 4137 momentum
1514 4080 1594 4135 lea
1663 4081 1896 4151 primum

332 4186 550 4237 regnum
585 4181 711 4227 tunc
748 4174 846 4228 sub
892 4172 1111 4229 Daniele
1163 4184 1299 4242 erat,
1329 4188 1591 4243 orsusque
1634 4172 1748 4242 ejus
1771 4190 1897 4230 suc-

329 4266 494 4318 cessit
544 4280 707 4334 regno
744 4268 985 4335 :pardns
1021 4266 1241 4321 tertium
1288 4281 1531 4336 regnum.
1587 4267 1700 4322 Non
1752 4270 1897 4324 enim

329 4371 652 4425 unoquoque
694 4357 911 4411 animali
952 4372 1197 4426 regnum,
1254 4360 1349 4411 sed
1394 4374 1727 4429 unaquaeque
1782 4362 1895 4416 fera

2007 1876 2283 1931 hominum
2319 1892 2422 1932 non
2454 1878 2726 1943 videntur,
2760 1893 2867 1932 non
2900 1888 3027 1932 sunt
3063 1880 3387 1947 corporalia.
3436 1878 3586 1934 Vidit

2007 1967 2193 2023 Daniel
2225 1986 2238 2022 :
2267 1969 2395 2038 quid
2422 1968 2590 2022 vidit?
2612 1971 2735 2039 quia
2767 1974 2911 2024 sedes
2936 1984 3054 2024 sunt
3075 1970 3280 2037 positte.
3317 1968 3583 2036 Quando?

2008 2056 2065 2112 Si
2109 2058 2251 2112 enim
2297 2058 2561 2128 judicium
2608 2061 2782 2127 vidit,
2824 2070 2949 2114 tunc
2994 2061 3178 2131 utique
3229 2077 3350 2116 cum
3402 2061 3585 2132 quarti

2008 2150 2156 2219 regni
2218 2150 2565 2220 interemptio
2614 2150 2794 2207 futura
2840 2162 2950 2208 est.
3000 2153 3196 2207 lterum
3242 2164 3416 2209 tamen
3460 2169 3585 2209 cum

2005 2240 2122 2297 haec
2171 2242 2407 2306 videret,
2464 2257 2571 2298 non
2618 2243 2819 2299 ﬁebant
2860 2260 2923 2300 ea
2977 2259 3099 2314 quae
3165 2245 3401 2300 videbat.
3477 2244 3587 2300 Cur

2004 2343 2184 2389 autem
2224 2345 2277 2390 et
2309 2336 2467 2390 sedes
2502 2335 2667 2401 videt,
2700 2336 2973 2390 Iudicium
3019 2338 3177 2400 sedit,
3209 2337 3343 2390 visio
3369 2335 3434 2389 ad
3470 2333 3586 2389 eili-

2004 2426 2259 2480 cientiam
2287 2427 2429 2480 facta
2468 2436 2551 2489 est
2583 2429 2679 2480 rei.
2736 2426 2870 2493 Quia
2905 2429 3046 2482 enim
3073 2427 3212 2497 apud
3244 2444 3341 2481 nos
3375 2427 3585 2497 judices

2006 2518 2058 2572 in
2090 2518 2216 2573 sede
2240 2518 2489 2572 sedentes
2521 2519 2767 2574 subditos
2796 2519 2896 2573 sibi
2924 2517 3196 2586 jmlicant,
3236 2519 3387 2583 dicit,
3421 2518 3583 2572 Sedes

2005 2620 2121 2664 sunt
2155 2611 2361 2679 positw.
2400 2611 2465 2665 Et
2519 2624 2665 2667 certe
2712 2612 2757 2665 si
2812 2612 2932 2665 talis
2979 2622 3124 2666 esset
3165 2613 3306 2666 Deus
3359 2621 3579 2674 natura,

2006 2719 2111 2757 non
2146 2702 2333 2757 debuit
2365 2704 2571 2767 dicere,
2621 2704 2807 2772 positae
2851 2711 2976 2758 sunt
3019 2704 3198 2771 sedes,
3247 2705 3365 2769 sed,
3402 2714 3579 2763 erant.

2005 2792 2061 2847 Si
2084 2803 2264 2848 autem
2285 2795 2470 2864 posita:
2499 2806 2622 2849 sunt
2645 2811 2764 2865 qua:
2790 2811 2893 2849 non
2919 2806 3068 2850 erant
3097 2807 3256 2850 antea
3283 2796 3579 2858 collocatm,

2004 2894 2057 2940 et
2090 2886 2229 2940 sedit
2260 2886 2350 2955 qui
2384 2896 2512 2941 ante
2549 2901 2653 2941 non
2687 2887 2942 2952 sedebat;
2964 2904 3094 2959 ergo
3118 2903 3215 2943 nec.
3243 2897 3371 2941 tunc
3394 2886 3583 2957 positae

2004 2985 2151 3043 sunt,
2179 2992 2278 3032 nec
2309 2987 2435 3034 tunc
2461 2982 2600 3035 sedit
2623 2997 2635 3034 :
2657 2982 2751 3036 sed
2778 2982 3125 3050 ostenditper
3145 2996 3207 3035 ea
3229 2995 3346 3050 quae
3366 2981 3582 3049 cognita

2006 3078 2129 3123 sunt
2187 3069 2342 3125 nobis
2406 3071 2570 3126 verba
2622 3071 2967 3128 efﬁcientiam
3019 3072 3113 3128 Dei
3178 3074 3244 3126 ad
3297 3072 3581 3141 judicium.

2006 3162 2242 3232 Denique
2269 3174 2324 3218 et
2355 3166 2639 3235 descripsit
2673 3167 2783 3221 illic
2813 3167 2964 3222 albos
3008 3166 3251 3234 capillos,
3296 3166 3583 3221 candidam

2002 3265 2228 3321 vestem,
2270 3255 2446 3324 ignem
2492 3266 2620 3312 ante
2650 3258 2910 3327 judicem,
2970 3266 3025 3312 et
3072 3256 3295 3311 ﬂuvium
3339 3258 3577 3328 igneum.

2005 3349 2146 3403 Dicit
2165 3349 2306 3404 enim
2330 3352 2457 3419 quia
2494 3350 2745 3406 Vetustas
2772 3354 2976 3407 dierum
3008 3353 3163 3406 sedit.
3197 3353 3305 3408 Cur
3330 3365 3575 3409 vetustus

2003 3440 2250 3493 dierum?
2300 3440 2367 3494 Et
2413 3450 2559 3495 certe
2588 3457 2658 3496 ne
2686 3442 2902 3510 quidem
2938 3443 3052 3497 dies
3084 3458 3219 3508 opus
3251 3455 3377 3499 sunt
3415 3446 3525 3499 Deo
3563 3465 3576 3501 :

2001 3531 2092 3585 sed
2124 3532 2246 3600 quia
2290 3533 2613 3588 resurrectio
2645 3533 2807 3588 [iebat
2842 3534 2894 3588 in
2925 3534 3072 3589 exitu
3107 3544 3325 3589 aetatum
3361 3551 3539 3605 regum
3564 3578 3579 3600 ,

2003 3622 2227 3677 multum
2266 3632 2476 3693 tempus
2507 3626 2874 3680 necessarium
2907 3625 3228 3681 habebatur.
3273 3627 3405 3693 Quia
3434 3630 3580 3684 enim

2000 3730 2096 3785 per
2125 3716 2319 3770 multos
2353 3718 2469 3773 dies
2513 3718 2901 3787 expediebatur
2946 3719 3112 3783 istud,
3144 3717 3425 3774 Vetustum
3465 3720 3581 3775 die~

2002 3823 2120 3862 rum
2154 3808 2402 3863 nominat
2434 3808 2696 3878 judicem.
2740 3809 2803 3863 Et
2831 3809 2955 3879 quia
2995 3811 3253 3867 mundum
3284 3818 3401 3865 erat
3431 3810 3582 3877 judio

2001 3901 2143 3956 cium
2206 3910 2262 3956 et
2312 3902 2661 3971 purissimum
2696 3943 2711 3969 ,
2770 3913 2823 3957 et
2881 3902 3207 3970 inﬂexibile;
3243 3904 3351 3959 albi
3401 3905 3579 3974 capilli

2000 3995 2421 4064 mundijudicis,
2458 4005 2513 4050 et
2542 3996 2772 4051 candida
2807 3996 2924 4066 ejus
2956 3997 3274 4052 vestimenta
3307 4005 3361 4052 et
3385 3998 3580 4052 imma-

1999 4084 2176 4139 culata
2211 4085 2466 4140 dicuntur
2497 4101 2509 4137 :
2545 4086 2664 4140 ideo
2690 4094 2746 4139 et
2778 4086 2954 4156 capilli
2983 4086 3128 4151 albi,
3170 4087 3283 4141 sive
3332 4095 3577 4141 vetusta-

2003 4183 2107 4227 tem
2154 4176 2535 4230 annuntiantes
2587 4184 2647 4231 et
2684 4176 2824 4244 ipsi,
2870 4176 2985 4232 sive
3033 4178 3219 4247 judicii
3263 4179 3574 4246 puritatem.

1999 4265 2111 4334 Ego
2134 4276 2312 4320 autem
2344 4276 2398 4321 et
2430 4268 2743 4337 contingere
2778 4268 3088 4324 istiusmodi
3130 4270 3369 4323 habitent
3408 4270 3575 4339 perti~

2001 4372 2201 4413 mesco.
2254 4356 2310 4411 Si
2371 4366 2550 4411 autem
2600 4374 2706 4413 non
2764 4368 2884 4413 erat
2931 4361 3073 4428 quod
3112 4359 3401 4426 diceretur,
3431 4362 3576 4431 quod

329 4462 550 4516 regnum
585 4457 669 4501 est
718 4448 921 4503 habens
964 4448 1158 4503 multos
1201 4464 1373 4518 reges.
1428 4449 1568 4521 Ergo
1612 4467 1779 4521 usque
1830 4453 1895 4507 ad
1930 4482 1972 4536 ο
2001 4457 2182 4518 posset
2207 4448 2458 4502 omnibus
2485 4448 2653 4502 videri
2687 4450 2942 4504 recedere
2984 4450 3051 4504 ab
3077 4450 3375 4505 istiusmodi
3413 4466 3575 4506 sensu

326 4551 580 4605 quartqu
606 4553 828 4607 regnum
870 4538 1020 4592 multi
1056 4554 1226 4609 reges.
1265 4538 1393 4596 Post
1434 4552 1682 4609 quartum
1716 4552 1892 4597 autem

326 4645 549 4699 regnum
598 4629 857 4698 judicium
909 4630 1190 4683 adversum
1254 4643 1503 4700 quatuor,
1570 4640 1625 4687 et
1666 4643 1896 4702 quatuor

325 4734 433 4776 non
469 4722 751 4776 adversum
786 4720 1040 4791 primum.
1080 4720 1263 4774 Daniel
1294 4732 1470 4777 autem
1512 4732 1565 4777 et
1607 4725 1801 4791 primo,
1842 4736 1896 4780 et

323 4813 583 4876 secundo,
635 4820 687 4866 et
734 4810 913 4878 tertio,
948 4820 1003 4865 ct
1042 4820 1237 4881 quarto
1272 4827 1437 4882 regno
1467 4812 1730 4882 judicium
1770 4828 1892 4885 post

326 4904 677 4958 novissimum
701 4914 947 4973 quartum
972 4944 987 4969 ,
1018 4904 1069 4956 in
1107 4919 1213 4957 uno
1248 4915 1518 4959 momento
1551 4906 1704 4959 vidit.
1745 4905 1892 4961 Nun-

327 4996 454 5065 quid
493 5004 715 5065 possunt
743 4996 967 5050 adunari
991 5010 1052 5049 ea
1082 5011 1201 5065 qum
1232 4996 1389 5049 hodie
1420 4994 1558 5050 facta
1589 5005 1732 5064 sunt,
1766 5012 1888 5052 cum

328 5086 411 5142 his
433 5101 547 5155 qua:
582 5087 819 5141 crastino
856 5087 1004 5152 ﬁent,
1052 5097 1107 5142 et
1152 5089 1311 5142 tertio
1348 5097 1405 5141 et
1442 5098 1637 5159 quarto
1666 5089 1787 5155 die,
1834 5098 1892 5145 ut

327 5175 643 5230 vidcantur?
676 5176 731 5231 Si
760 5178 923 5247 igitur
943 5192 1005 5230 ea
1032 5193 1151 5246 quae
1176 5179 1227 5234 in
1262 5187 1489 5247 quatuor
1519 5178 1710 5234 diebus
1734 5180 1887 5247 ﬁunt,

324 5270 392 5323 ad
433 5280 596 5321 unum
640 5272 966 5323 momentum
998 5270 1289 5323 convenire
1320 5285 1423 5323 non
1454 5279 1676 5339 possunt
1713 5285 1727 5322 :
1758 5285 1891 5341 quo-

323 5362 487 5421 ιιιοὼ
510 5376 570 5415 ea
598 5377 713 5432 qua:
743 5361 797 5416 in
830 5344 1062 5433 quatuor
1092 5362 1269 5432 regnis
1307 5361 1443 5416 facta
1481 5369 1626 5427 sunt,
1667 5371 1721 5416 et
1760 5362 1891 5419 ﬁent

323 5457 377 5512 in
410 5454 574 5510 tantis
614 5453 822 5508 saeculis
870 5463 923 5509 et
961 5454 1317 5524 temporibus,
1371 5454 1423 5508 in
1465 5468 1573 5508 uno
1616 5464 1890 5509 momento

321 5547 496 5601 oculis
551 5544 714 5599 videri
771 5546 1103 5615 potuerunt?
1157 5544 1297 5614 Ergo
1347 5560 1467 5614 quae
1506 5545 1638 5599 vidit
1690 5544 1884 5599 Daniel

390 5753 436 5783 “
479 5752 612 5807 Dan.
659 5768 751 5816 vn,
792 5753 847 5805 9..
922 5752 963 5782 ⁸⁵
999 5749 1123 5805 ibid.
1199 5750 1245 5781 “
1285 5751 1387 5804 lsa.
1430 5766 1538 5815 xix,
1580 5751 1639 5816 l;
1682 5764 1803 5816 xm,
1851 5748 1899 5803 l.

2004 4550 2257 4593 tacerem.
2298 4536 2403 4592 Sed
2450 4538 2685 4605 timidos,
2716 4541 2907 4610 inquit,
2943 4541 3120 4595 facitis
3146 4541 3282 4595 ﬁlios
3317 4541 3476 4595 Israel
3504 4542 3573 4597 ⁸⁷.

1999 4630 2114 4684 Cur
2138 4638 2314 4682 autem
2344 4638 2397 4681 et
2424 4626 2619 4683 ﬂuvius
2658 4628 2766 4684 illic
2809 4631 2994 4700 igneus
3035 4630 3243 4695 currit,
3281 4630 3408 4685 dicit
3446 4634 3573 4703 quia

2001 4719 2284 4775 interfecta
2320 4730 2402 4775 est
2431 4721 2625 4786 bestia,
2665 4730 2719 4776 et
2748 4737 2942 4790 corpus
2976 4721 3091 4789 ejus
3123 4722 3306 4777 datum
3344 4733 3429 4777 est
3464 4724 3571 4793 igni

2001 4812 2065 4866 ad
2093 4813 2451 4867 exurendum.
2485 4811 2599 4882 Qua
2641 4814 2784 4868 enim
2820 4815 3085 4868 sententia
3121 4815 3346 4869 bestiam
3388 4817 3573 4869 mitte-

1998 4905 2089 4958 hat
2138 4904 2191 4959 in
2232 4904 2432 4972 ignem,
2471 4906 2622 4975 prius
2659 4906 2979 4977 praeparavit
3027 4918 3430 4975 operamcntum
3475 4923 3572 4977 per

1996 4995 2139 5064 quod
2175 4996 2414 5051 futurum
2445 5007 2561 5052 erat
2596 4997 2880 5067 judicium.
2940 4998 3014 5053 De
3057 4999 3141 5053 Itis
3180 4999 3344 5068 igitur
3368 5014 3485 5067 qua:
3515 5001 3568 5056 itt

1996 5088 2215 5142 Daniele
2253 5100 2379 5142 sunt
2412 5090 2584 5159 posita
2613 5130 2628 5156 ,
2670 5106 2736 5144 ex
2784 5090 2973 5145 bestiis
3025 5092 3130 5146 illis
3187 5104 3405 5145 manent
3450 5109 3569 5162 quae

1997 5179 2129 5233 visre
2173 5190 2297 5234 sunt
2349 5180 2513 5247 ferte,
2563 5197 2669 5236 non
2725 5192 2901 5235 autem
2948 5198 3067 5252 qua:
3111 5183 3569 5239 :mnuntiabautnr

1996 5285 2162 5341 regna
2192 5312 2207 5337 ,
2238 5283 2291 5325 et
2322 5286 2385 5326 ex
2424 5274 2754 5342 temporibus
2784 5289 2903 5343 quae
2936 5274 3137 5329 habent
3176 5276 3347 5343 spatia
3392 5292 3565 5329 suae".

1995 5363 2195 5431 lorum,
2231 5380 2351 5435 qua:
2382 5365 2667 5433 conjuncta
2708 5377 2834 5421 sunt
2880 5382 2973 5437 per
3022 5367 3279 5421 visionem
3313 5367 3375 5421 ad
3403 5384 3565 5425 unum

1995 5468 2346 5521 momentum,
2381 5466 2436 5511 et
2460 5472 2526 5510 ex
2567 5472 2633 5512 eo
2668 5459 2808 5528 quod
2858 5459 3118 5529 judicium
3168 5476 3272 5515 non
3321 5471 3443 5520 tunc
3483 5472 3566 5514 est

1993 5546 2215 5615 factum,
2247 5550 2461 5618 quando
2490 5561 2544 5604 et
2572 5553 2743 5608 visum
2787 5562 2902 5621 est;
2951 5569 3054 5609 nou
3087 5554 3256 5609 solum
3289 5554 3354 5607 ad
3383 5555 3563 5628 suspi-

1980 5750 2022 5781 "
2081 5750 2251 5805 Levit.
2309 5768 2399 5810 xv.
2450 5752 2539 5807 51.
