4050 6206
473 280 603 336 “(i7

1138 270 1407 328 EUSEBII
1447 263 1920 323 CIESABIENSIS
1960 260 2105 316 OPP.
2149 258 2325 313 PARS
2361 255 2449 312 IV.
2490 287 2558 297 —
2595 250 3011 311 DOGMATICA.

3584 248 3725 304 “68

474 402 695 457 modum
734 397 903 457 Deum
934 412 1127 465 corpus
1172 409 1292 446 esse
1338 407 1444 444 non
1482 387 1661 441 debuit
1699 401 1801 439 non
1838 385 2036 448 sint-re,
2069 386 2112 443 Α
2143 380 2311 434 medio
2343 395 2545 445 campo,
2592 388 2637 429 et
2673 376 2899 429 surrexit
2927 390 3071 428 meus
3097 373 3432 442 manipulus,
3468 381 3515 425 et
3554 383 3724 423 rectus

473 495 560 558 sed
596 494 777 558 potius
819 493 881 545 ad
918 486 1342 543 satisfactionem
1392 480 1600 543 venire,
1632 477 1754 545 quia
1795 475 2042 543 incorpo-

475 561 715 649 ralisest
746 587 903 640 Dens.
958 584 1047 635 Est
1099 590 1275 630 autem
1328 572 1553 627 rationis
1597 580 1651 625 et
1706 569 1789 624 his
1845 565 2042 621 similia

474 685 693 738 addere.
737 680 850 749 Ipsa
903 678 1045 729 enim
1081 671 1216 724 visio
1251 666 1483 721 Danielis
1529 679 1649 733 qua:
1696 676 1791 731 per
1844 658 2046 713 bestias

476 778 611 831 facta
645 781 747 835 est,
790 784 939 823 soror
987 775 1067 820 est
1110 764 1223 830 ejus
1249 775 1411 829 quam
1449 757 1585 811 vidit
1625 769 1721 824 per
1754 751 2042 820 imaginem

477 863 993 921 Nabuchodonosor,
1034 868 1087 909 et
1134 854 1375 907 solvatur
1418 865 1537 902 cum
1579 844 1893 914 poenitentia
1933 840 2044 911 (79)

477 963 873 1027 comparantur,
906 959 956 1003 et
990 964 1019 1002 e
1047 954 1234 1001 contra
1274 949 1548 1012 ponuntur
1574 952 1635 990 ea
1669 949 1788 1005 qua:
1829 934 1879 985 in
1917 933 2046 983 iuta-

476 1025 728 1120 ginevvisa
755 1054 894 1107 sunt,
931 1050 982 1095 et
1006 1055 1066 1094 ea
1086 1053 1204 1107 qum
1226 1051 1321 1105 per
1346 1034 1607 1087 visionem
1628 1030 1784 1082 istam
1813 1025 2045 1079 ferarum

478 1116 689 1197 ostensa
752 1143 1065 1190 noscuntur.
1116 1130 1357 1195 Quatuor
1410 1124 1553 1177 enim
1606 1127 1763 1174 erant
1820 1126 1874 1170 et
1929 1116 2049 1169 istic

477 1236 603 1289 fera:
628 1233 838 1285 diversa
876 1236 1063 1279 natura
1094 1240 1107 1288 ;
1156 1230 1389 1291 quatuor
1427 1227 1604 1271 autem
1638 1223 1691 1267 et
1724 1212 1831 1267 illic
1879 1218 2049 1264 mate-

478 1328 572 1381 ria:
600 1328 931 1378 concurrunt
966 1316 1031 1369 ad
1075 1311 1521 1381 compositionem
1567 1305 1724 1359 unius
1772 1300 2048 1370 imaginis,

478 1428 531 1473 et
570 1416 701 1471 nihil
732 1429 828 1466 nos
858 1409 1105 1479 prohibet
1138 1420 1300 1457 unum
1328 1404 1392 1454 ad
1421 1415 1586 1455 unum
1618 1399 1952 1464 interrogare
1996 1401 2050 1445 et

477 1511 680 1565 videre.
712 1507 816 1559 Lea
844 1516 1071 1572 regnans
1110 1498 1339 1552 habetur
1375 1495 1427 1547 in
1458 1492 1585 1546 feris
1613 1508 1625 1543 :
1653 1504 1840 1542 aurum
1870 1496 2050 1537 autem

479 1600 788 1672 pra-cedens
836 1596 885 1648 in
928 1590 1226 1647 istiusmodi
1276 1585 1517 1641 materiis
1548 1602 1559 1637 :
1589 1581 1749 1650 fulget
1798 1579 1963 1639 enim,
1999 1582 2053 1628 et

480 1698 618 1751 sicut
649 1692 784 1761 ignis
832 1705 881 1742 tu
925 1696 1119 1751 nocte,
1164 1684 1234 1735 ita
1280 1693 1469 1733 aurum
1520 1677 1660 1729 inter
1700 1681 1889 1726 cmtera
1935 1684 2054 1738 qua:

481 1785 842 1857 possidentur.
894 1777 1239 1845 Accipiamus
1281 1772 1443 1839 igitur
1474 1767 1541 1821 ab
1574 1764 1804 1834 imagine
1837 1762 2054 1831 quidem

482 1889 640 1949 caput
688 1888 944 1937 aureum;
1000 1886 1028 1922 a
1071 1867 1276 1921 visione
1331 1874 1510 1916 autem
1557 1860 1715 1913 istam
1767 1856 1929 1911 leam.
1991 1852 2056 1907 Et

481 1972 622 2025 forte
646 1970 765 2023 ideo
797 1976 1026 2031 utraque
1062 1959 1288 2014 femineo
1336 1954 1573 2016 nomine,
1622 1951 1747 2020 quia
1784 1958 1839 2001 et
1871 1961 2055 2015 regna.

486 2060 614 2115 lude
666 2058 997 2112 acciniamus
1048 2058 1365 2119 argentemn
1421 2053 1633 2113 pectus,
1683 2049 1739 2095 et
1786 2038 2055 2093 brachia:

485 2159 603 2221 post
644 2159 855 2205 aurum,
881 2150 1164 2209 argentum
1192 2178 1205 2201 ,
1245 2143 1370 2204 post
1398 2132 1559 2190 leam.
1585 2144 1767 2183 ursum
1804 2143 1817 2179 :
1855 2136 1909 2180 et
1936 2125 2057 2187 tria,

487 2214 597 2294 illic
636 2242 1009 2293 mramentum,
1056 2227 1178 2281 istic
1226 2223 1497 2294 pardum;
1546 2216 1868 2273 subdocitur
1917 2214 2057 2268 enim

485 2330 778 2388 secundum
815 2322 1190 2396 paenitentiam
1230 2315 1341 2387 (80)
1384 2311 1737 2382 comparatio.
1790 2309 1916 2363 Inde
1951 2311 2059 2376 jam

491 2423 807 2494 permistum
858 2418 1057 2471 ferrum
1104 2426 1227 2467 cum
1270 2418 1450 2471 testa;
1512 2406 1638 2459 istic
1689 2402 1861 2456 bestia
1911 2400 2064 2469 cujus

490 2493 719 2585 figuram
774 2519 997 2582 propter
1035 2505 1351 2559 varietatem
1402 2515 1506 2554 non
1561 2494 1943 2551 manifestavit.
2002 2493 2067 2546 Et

492 2584 602 2663 illic
641 2605 778 2675 lapis
802 2599 1122 2657 comminuit
1162 2595 1491 2663 imaginem;
1524 2590 1643 2644 istic
1670 2588 1833 2657 judex
1861 2584 2067 2655 judicat

493 2698 717 2755 beStias.
765 2695 822 2749 Si
867 2692 987 2762 quis
1038 2690 1202 2759 igitur
1253 2682 1626 2739 contentiosus
1671 2678 1903 2732 voluerit
1953 2677 2066 2730 lucc

492 2789 721 2846 visibilis
752 2801 902 2849 esse,
941 2784 1084 2837 dicat
1118 2778 1271 2832 nobis
1301 2785 1478 2829 utrum
1521 2779 1683 2841 caput
1721 2778 1801 2824 est
1842 2781 2065 2822 aureum

495 2883 578 2938 lea
620 2898 632 2934 :
669 2889 897 2945 utraque
946 2876 1090 2928 enim
1146 2870 1211 2924 ad
1274 2870 1375 2923 hoc
1422 2866 1594 2934 ipsum
1627 2868 1978 2925 concurrunt,
2012 2868 2069 2913 et

497 2983 727 3040 utraque
772 2966 871 3021 sibi
913 2979 1018 3017 non
1071 2959 1293 3023 similia,
1345 2969 1519 3024 neque
1553 2955 1643 3023 qui
1691 2951 2063 3005 annuntiatur.

2085 1737 2129 1791 B

2145 473 2306 531 stetit,
2341 480 2386 523 et
2418 468 2645 523 conversi
2679 465 2934 533 manipuli
2972 465 3123 518 vestri
3158 464 3511 516 adoraveruut
3554 478 3724 514 meum

2144 560 2473 629 manipulum
2519 558 2585 614 ³⁸.
2626 558 2688 611 Et
2723 557 3111 624 interpretatur
3142 562 3296 622 pater
3318 593 3333 617 ,
3359 560 3413 606 et
3439 551 3725 619 suspicati-

2150 664 2235 707 tur
2280 652 2498 713 fratres,
2549 650 2673 720 quia
2731 647 2954 715 incipiet
3019 660 3250 715 regnare
3315 659 3483 713 super
3533 642 3725 699 fratres

2148 762 2293 802 suos.
2321 745 2385 799 Et
2415 760 2556 798 nunc
2582 742 2799 812 quidem
2842 737 3097 809 manipuli
3127 753 3141 791 :
3174 738 3369 790 iterum
3394 745 3578 789 autem
3609 736 3725 804 ipse

2148 839 2313 893 solem
2347 847 2399 892 et
2440 836 2620 889 lunam
2660 833 2807 887 videt
2845 840 2901 885 et
2939 830 3183 884 undecim
3220 828 3413 883 stellas.
3452 826 3645 881 Differt
3671 828 3724 880 in

2150 931 2314 1003 gloria
2347 928 2521 993 stella,
2568 923 2873 993 manipulus
2922 938 3026 975 non
3078 918 3277 975 dill‘ert.
3339 919 3441 973 Sed
3493 928 3729 988 apparet

2150 1025 2273 1093 quia
2310 1022 2462 1076 stella
2504 1018 2777 1088 manipulo
2823 1016 2888 1069 ad
2928 1014 3068 1083 quod
3109 1022 3332 1082 accepta
3367 1020 3464 1076 est,
3493 1028 3603 1065 non
3638 1022 3729 1067 est

2151 1118 2360 1172 melior.
2395 1114 2529 1169 Cum
2569 1113 2713 1167 enini
2777 1118 2930 1179 pater
2965 1108 3175 1177 positus
3217 1114 3301 1159 est
3338 1103 3523 1159 inloco
3558 1103 3729 1169 solis,

2151 1219 2324 1266 mater
2363 1216 2539 1261 autem
2586 1206 2640 1259 in
2694 1203 2811 1257 loco
2862 1201 3035 1260 Iunce,
3098 1198 3290 1252 fratres
3333 1207 3726 1265 consequenter

2152 1300 2518 1356 efﬁciebantur
2543 1298 2596 1352 in
2627 1297 2744 1351 loco
2772 1294 3047 1350 stellarum
3083 1310 3096 1345 :
3129 1290 3267 1345 forte
3290 1304 3467 1345 autem
3499 1306 3585 1344 nec
3608 1290 3719 1343 ista

2153 1392 2474 1463 simpliciter
2534 1390 2794 1444 debemus
2851 1385 3088 1440 transire
3134 1402 3148 1438 :
3190 1384 3284 1438 sed
3328 1382 3458 1451 quia
3518 1382 3723 1436 occasio

2155 1484 2491 1540 adorationis
2520 1482 2658 1534 facta
2682 1489 2766 1533 est
2793 1479 3059 1532 fructuum
3097 1475 3450 1538 abundantia,
3480 1474 3599 1527 ideo
3626 1488 3729 1527 non

2156 1577 2223 1632 ab
2256 1577 2360 1629 alia
2387 1572 2675 1628 occasione
2723 1571 2860 1623 vidit
2893 1571 3183 1623 adorantes
3223 1581 3282 1620 se
3326 1564 3548 1625 fratres,
3573 1579 3736 1631 quam
3767 1621 3784 1638 ,

2159 1689 2185 1723 a
2228 1666 2516 1738 manipulis
2552 1663 2835 1719 messium.
2905 1661 2961 1714 Si
3007 1659 3127 1728 quis
3184 1669 3362 1713 autem
3404 1656 3637 1711 voluerit
3685 1664 3743 1711 et

2161 1764 2364 1827 stellas,
2396 1770 2451 1813 et
2477 1759 2682 1822 lunam,
2719 1765 2771 1810 et
2801 1755 2970 1808 solem
3006 1752 3306 1821 requirere,
3340 1752 3407 1805 ad
3433 1751 3595 1804 istum
3620 1764 3739 1803 ser-

2163 1869 2375 1909 monem
2408 1851 2644 1904 inveniet
2681 1861 3032 1903 concurrere.
3074 1844 3205 1911 Quis
3248 1843 3392 1897 enim
3429 1842 3641 1912 ignorat
3676 1854 3739 1895 ex

2161 1948 2410 2001 omnibus
2435 1943 2602 2014 Moysi
2638 1956 2859 2005 vocem,
2888 1938 3012 2007 quia
3040 1953 3107 1991 ex
3136 1936 3380 2006 frugibus
3404 1950 3544 2005 quos
3574 1934 3742 1988 nutrit

2162 2042 2241 2092 sol
2282 2049 2334 2092 et
2368 2037 2492 2089 luna
2518 2077 2533 2100 ,
2575 2034 2716 2089 facta
2746 2033 2959 2088 occasio
3002 2040 3084 2086 est
3118 2030 3382 2084 visionis?
3437 2029 3579 2098 Ergo
3615 2027 3739 2096 quia

2164 2133 2431 2185 fructuum
2464 2137 2585 2183 erat
2610 2128 2848 2190 occasio,
2872 2140 2969 2195 per
2991 2140 3051 2178 ea
3080 2138 3197 2193 quae
3227 2122 3410 2192 fruges
3438 2123 3733 2187 enutriunt,

2166 2224 2308 2277 facta
2336 2231 2419 2277 est
2445 2232 2497 2276 et
2524 2219 2665 2275 visio
2698 2218 2914 2287 duplex.
2945 2217 3271 2286 Putas-ergo
3300 2216 3423 2285 quia
3449 2215 3645 2285 aliquis
3671 2229 3738 2269 ex

2168 2318 2251 2371 his
2272 2316 2363 2385 qui
2391 2314 2606 2377 adsunt,
2641 2312 2929 2382 invigilans
2957 2322 3012 2364 et
3041 2311 3273 2369 sobrius.
3313 2311 3569 2380 cogitavit
3597 2311 3739 2377 apud

2168 2425 2226 2463 se
2258 2418 2315 2462 ut
2349 2407 2584 2471 sobrius,
2617 2406 2745 2475 quia
2775 2407 2893 2459 ista:
2925 2404 3165 2458 visiones
3197 2416 3288 2471 per
3311 2403 3572 2455 insomnia
3600 2408 3730 2454 sunt

2171 2502 2343 2563 factae,
2387 2507 2441 2553 et
2488 2499 2625 2554 forte
2671 2497 3036 2567 suspicabitur
3070 2496 3177 2550 vim
3218 2495 3387 2549 facere
3422 2508 3519 2546 nos
3565 2502 3619 2546 et
3648 2492 3738 2545 his

2168 2588 2468 2645 visionibus
2503 2606 2624 2660 qua:
2673 2604 2769 2658 per
2815 2588 3083 2643 insomnia
3129 2588 3281 2641 factm
3329 2594 3640 2648 noscuntur,
3680 2593 3743 2638 et

2171 2684 2236 2737 ad
2268 2682 2590 2737 solutionem
2613 2695 2707 2735 eas
2728 2680 2994 2749 accipere,
3017 2695 3136 2748 qua:
3170 2679 3417 2732 videntur
3444 2692 3537 2745 per
3560 2673 3750 2729 oculos

2171 2773 2299 2826 viszc
2333 2772 2400 2825 ab
2425 2769 2848 2840 invigilantibus.
2891 2769 2946 2823 Si
2974 2770 3121 2823 enim
3153 2769 3223 2823 ita
3264 2778 3430 2831 esset,
3466 2768 3749 2835 subripere

2172 2863 2447 2926 deberem,
2497 2868 2551 2914 et
2592 2859 2695 2913 hoc
2744 2859 2920 2927 ipsum
2976 2857 3206 2913 suadere
3248 2867 3301 2911 et
3340 2857 3527 2910 ludere
3562 2871 3575 2905 :
3611 2855 3750 2909 forte

2175 2964 2351 3008 autem
2380 2962 2434 3006 et
2461 2952 2505 3005 si
2546 2953 2852 3015 tacuissem,
2882 2951 3005 3020 quia
3039 2964 3137 3019 per
3167 2948 3430 3003 insomnia
3460 2947 3641 3001 factus
3666 2955 3752 3001 est

497 3063 634 3132 Quid
666 3061 808 3114 enim
835 3057 900 3109 ad
936 3056 1073 3107 leam
1106 3050 1336 3105 aurum?
1369 3047 1509 3114 Quid
1540 3056 1722 3099 autem
1751 3054 1979 3112 utraque
2004 3043 2069 3097 ad
2100 3083 2144 3143 C
2177 3045 2309 3099 mihi
2336 3058 2537 3109 sermo,
2572 3042 2785 3096 viderer
2818 3042 2900 3096 his
2939 3042 3027 3111 qui
3064 3041 3241 3095 adhuc
3280 3040 3640 3104 somniautur,
3686 3048 3743 3093 et

500 3148 762 3232 regnum?
787 3160 841 3200 et
868 3146 941 3198 ita
980 3158 1042 3197 ea
1073 3157 1192 3210 quae
1222 3140 1601 3208 insequuntur,
1622 3151 1741 3206 qua:
1768 3136 1911 3189 etab
1940 3136 2073 3187 ima-

500 3227 625 3314 gine
656 3239 1026 3309 proferuntur,
1054 3245 1105 3289 et
1136 3247 1253 3303 qua:
1283 3247 1311 3285 a
1346 3230 1533 3285 bestiis
1579 3230 1979 3283 discernuntur.
2012 3227 2077 3281 Et

502 3336 611 3391 illic
648 3333 784 3402 lapis
812 3332 931 3385 sine
959 3328 1226 3392 manibus,
1261 3336 1319 3378 ut
1356 3339 1457 3378 non
1497 3322 1729 3377 hominis
1784 3320 1856 3374 sit
1902 3334 2072 3388 opus;

505 3429 624 3484 istic
670 3426 852 3497 judex.
904 3424 968 3477 Et
1012 3422 1117 3475 illic
1141 3421 1264 3489 quia
1310 3416 1548 3471 materia:
1600 3422 1790 3480 erant,
1843 3413 2069 3467 commi~-

505 3530 775 3583 nuuutur;
812 3517 933 3571 istic
968 3514 1094 3584 quia
1139 3511 1306 3567 bestia
1353 3518 1487 3573 erat,
1525 3508 1576 3561 in
1610 3507 1787 3576 ignem
1820 3505 2074 3560 mittitur.

506 3610 582 3666 Ita
613 3610 873 3665 habemus
903 3618 956 3662 ct
984 3605 1282 3660 Pharaonis
1313 3602 1491 3670 spicas
1516 3640 1532 3666 ,
1570 3609 1623 3652 et
1654 3600 1818 3653 boves
1850 3606 2078 3666 septem,

507 3712 562 3757 et
595 3702 818 3771 pingues
858 3709 912 3752 et
951 3696 1289 3751 maeilentas.
1326 3692 1393 3746 Et
1437 3700 1696 3762 quantum
1726 3691 1792 3744 ad
1831 3699 2078 3743 naturam

507 3802 756 3862 spectat,
807 3790 972 3845 boves
1024 3788 1236 3857 quidem
1280 3786 1459 3853 spicas
1513 3785 1869 3846 manducant,
1920 3782 2084 3850 spica:

508 3896 687 3940 autern
720 3900 748 3937 a
790 3883 960 3937 bubus
1008 3881 1387 3934 conieduutur.
1439 3875 1589 3943 Quod
1644 3884 1821 3929 autem
1876 3874 2089 3945 signilla

509 3987 666 4033 catur
718 3984 772 4029 et
821 3974 887 4027 ab
942 3974 1024 4026 his
1055 3971 1141 4040 qui
1180 3969 1594 4031 manducantur,
1651 3977 1705 4021 et
1757 3968 1824 4021 ah
1873 3967 1960 4021 his
1994 3966 2085 4036 qui

512 4068 873 4130 manducaut,
932 4066 1101 4135 ipsam
1155 4062 1508 4129 eamdemque
1560 4059 1758 4113 habent
1802 4059 2083 4113 virtutem.

510 4161 590 4213 Ad
618 4159 760 4229 quod
785 4158 926 4213 enim
966 4156 1140 4210 fuerat
1180 4163 1457 4222 acceptum
1503 4166 1608 4207 non
1657 4151 1939 4217 dissentit,
1991 4150 2084 4203 sed

514 4265 569 4311 et
594 4252 902 4309 necessaria
930 4249 1065 4304 visio
1089 4256 1194 4303 est.
1228 4245 1365 4312 Quia
1402 4245 1544 4299 enim
1566 4244 1633 4299 de
1664 4243 1838 4308 annis,
1864 4252 1918 4297 et
1950 4242 2091 4295 nati-

517 4348 708 4412 vitate,
738 4353 793 4399 et
826 4342 1094 4396 fructibus
1120 4348 1259 4401 erat,
1297 4338 1461 4407 spicae
1504 4346 1687 4390 autem
1730 4335 1922 4389 horum
1968 4342 2092 4388 sunt

2180 3136 2482 3189 inauditum
2534 3133 2746 3187 edicere
2782 3133 2910 3201 quid
2954 3140 3011 3187 et
3054 3131 3335 3185 exhibere.
3394 3130 3532 3193 Quia
3576 3139 3752 3185 autem

2182 3228 2428 3284 veritatis
2453 3237 2534 3282 est
2568 3226 2742 3292 locus,
2802 3234 2855 3279 et
2905 3239 3007 3279 non
3061 3240 3159 3279 nos
3211 3225 3475 3279 seducere
3521 3232 3754 3292 oportet,

2182 3338 2358 3393 neque
2413 3321 2652 3377 suasioni
2711 3330 2956 3390 captare,
3020 3320 3257 3373 sciamus
3302 3319 3429 3387 quia
3484 3318 3596 3371 haec
3636 3330 3760 3385 qum

2182 3415 2325 3470 dicta
2352 3424 2477 3469 sunt
2502 3412 2682 3467 omnia
2713 3426 2807 3482 per
2845 3410 3113 3466 insomnia
3138 3411 3253 3463 visa
3291 3419 3453 3464 sunt:
3488 3408 3755 3476 siquidem

2182 3516 2236 3561 et
2275 3505 2773 3560 Nabuchodonosor
2818 3503 3085 3558 somnium
3129 3502 3283 3569 vidit,
3327 3511 3384 3555 et
3413 3500 3590 3555 Daniel
3624 3498 3756 3554 illud

2183 3599 2326 3669 quod
2374 3597 2605 3651 diximus
2642 3610 2740 3664 per
2795 3596 3065 3649 somnium
3117 3594 3273 3655 vidit,
3322 3604 3374 3647 et
3422 3592 3667 3655 Pharao,
3709 3599 3764 3645 et

2194 3690 2394 3760 Joseph
2421 3704 2516 3759 per
2540 3688 2811 3743 insomnia
2839 3687 3146 3742 habuerunt
3177 3686 3309 3741 istas
3338 3680 3763 3740 visiones.Nihil

2184 3798 2314 3854 ergo
2351 3782 2546 3836 mirum
2603 3780 2646 3834 si
2698 3790 2753 3834 et
2803 3780 2961 3835 nobis
3010 3794 3103 3850 per
3149 3779 3418 3833 insomnia
3469 3786 3764 3849 appareant

2187 3878 2308 3945 qua‘z
2343 3875 2616 3929 videntur.
2667 3872 2786 3927 Alia
2818 3874 2962 3927 enim
3006 3873 3071 3927 de
3099 3871 3220 3927 aliis
3263 3871 3577 3941 frequenter
3618 3871 3766 3924 vide-

2188 3984 2330 4033 mus,
2360 3976 2450 4021 aut
2497 3973 2867 4034 tempestatem
2897 3964 3086 4029 maris,
3118 3972 3210 4017 aut
3239 3964 3595 4033 nosmetipsos
3627 3961 3767 4015 trahi

2190 4077 2218 4115 a
2253 4059 2450 4124 ﬂuviis,
2479 4067 2568 4111 aut
2593 4067 2772 4126 prata,
2810 4065 2903 4111 aut
2934 4055 3176 4120 fructus;
3221 4066 3313 4109 aut
3354 4057 3475 4123 quia
3508 4057 3573 4109 de
3612 4053 3771 4108 tectis

2191 4152 2501 4221 dejicimur,
2530 4160 2626 4204 aut
2652 4150 2777 4219 quia
2809 4149 3092 4203 thesauros
3126 4146 3452 4209 invenimus,
3500 4156 3592 4198 aut
3632 4145 3763 4213 quia

2192 4243 2472 4297 amisimus
2490 4241 2715 4311 aliquid,
2739 4249 2830 4293 aut
2859 4241 2984 4310 quia
3012 4240 3390 4309 subingressus
3414 4246 3495 4291 est
3516 4237 3768 4305 quidam,

2194 4343 2287 4387 aut
2318 4333 2444 4403 quia
2489 4333 2629 4389 alius
2664 4334 2849 4396 exivit,
2888 4341 2982 4385 aut
3024 4332 3151 4402 quia
3201 4331 3405 4385 locutus
3453 4338 3537 4383 est.
3583 4330 3773 4383 nescio

518 4436 839 4506 genitrices;
888 4447 984 4502 per
1027 4430 1203 4498 spicas
1243 4428 1459 4495 Quidem
1512 4425 1635 4478 anni
1679 4425 2086 4477 annuntiantur.
2122 4439 2168 4494 ι)
2196 4427 2339 4495 quis,
2378 4436 2468 4480 aut
2513 4426 2638 4495 quia
2671 4425 2820 4479 dedit
2867 4423 3084 4491 aliquis.
3138 4421 3306 4476 Erant
3354 4430 3536 4474 autem
3581 4434 3773 4473 omnes

519 4531 651 4595 Quia
688 4537 864 4581 autem
892 4538 988 4593 per
1016 4536 1179 4591 Opera
1207 4521 1366 4574 boum
1394 4529 1692 4572 nascuntur
1718 4516 1899 4585 spicas,
1926 4514 2090 4570 boves

517 4635 751 4692 quorum
774 4616 1018 4688 operatio
1041 4613 1228 4684 fruges
1256 4621 1402 4679 sunt,
1439 4619 1493 4679 et
1523 4610 1686 4679 spica).
1714 4609 1873 4663 boum
1899 4609 2092 4662 nativi-

523 4726 697 4779 tates;
757 4718 975 4778 accepta
1033 4706 1248 4777 quidem
1298 4713 1424 4759 sunt
1470 4704 1653 4769 varie,
1706 4702 2095 4755 annuutiarunt

522 4818 703 4862 autem
742 4802 956 4858 effectu.
1006 4799 1172 4853 Putas
1207 4812 1335 4867 ergo
1390 4796 1597 4850 fructus
1647 4796 1801 4849 bovis
1851 4803 1967 4859 est,
2005 4802 2098 4847 aut

524 4900 687 4970 spica:
734 4893 943 4949 annus?
979 4890 1082 4945 Sed
1117 4891 1219 4942 alia
1264 4888 1479 4958 quidem
1518 4896 1641 4939 sunt
1673 4901 1792 4955 quae
1825 4885 2096 4949 videntur,

529 4990 633 5045 alia
672 4997 851 5041 autem
884 4999 1003 5054 qua:
1029 4979 1445 5035 annuntiantur.
1474 4973 1674 5041 Joseph
1708 4982 1888 5026 autem
1927 4972 2101 5024 maui-

528 5081 683 5151 pnlos
725 5077 853 5133 vidit
893 5094 907 5130 :
945 5088 1124 5128 nonne
1178 5070 1436 5124 deberent
1478 5076 1535 5119 et
1592 5066 1715 5119 istic
1755 5064 1881 5116 anni
1944 5062 2103 5116 esse?

534 5174 639 5226 Sed
672 5172 745 5225 ait
779 5188 793 5223 :
827 5164 1115 5223 Somniavit
1154 5172 1326 5214 autem
1356 5157 1612 5211 somnium
1638 5153 1853 5223 Josep/i,
1881 5162 1926 5205 et
1960 5161 2103 5205 retu-

534 5263 595 5315 lit
622 5263 872 5332 fratribus
910 5259 1042 5323 suis,
1088 5265 1135 5309 et
1161 5252 1295 5305 dixit
1323 5250 1396 5303 eis
1445 5248 1671 5301 :Audite
1703 5246 1964 5299 somnium
2007 5243 2104 5296 hoc

535 5354 673 5423 quod
705 5350 982 5406 somniavi.
1026 5343 1292 5401 Putabam
1328 5356 1420 5392 nos
1458 5338 1676 5406 alligare
1713 5333 2006 5402 manipulos
2051 5334 2106 5386 in

608 5471 653 5502 ⁸⁸
678 5470 811 5524 Gen.
846 5484 1051 5528 xxxvii,
1083 5464 1133 5517 5.
1211 5462 1255 5494 ⁸³
1288 5459 1386 5514 lsa.
1418 5473 1565 5519 XXIX,
1601 5457 1653 5508 8.

612 5592 723 5661 (79)
754 5588 884 5643 Cum
920 5586 1240 5661 paenitentia.
1267 5581 1543 5661 interpres
1575 5577 1785 5657 videtur
1823 5574 2107 5644 μετάνοιαν

544 5648 905 5733 pleni/entiam
920 5648 1112 5733 legisse
1140 5653 1499 5733 prqdzdvouv
1528 5648 1912 5733 cogitationem.

619 5730 729 5803 (30)
764 5717 1151 5783 I’wnitetitiam:
1190 5723 1283 5778 llic
1316 5734 1528 5791 quoque
1562 5718 1795 5770 διάνοιαν
1840 5717 2111 5786 cogitatio-

2198 4518 2315 4573 ἰδίω
2349 4517 2692 4578 ambitiones.
2743 4516 2887 4570 sicut
2919 4514 3051 4570 dicit
3098 4512 3265 4569 Isaias
3299 4529 3312 4565 :
3346 4511 3493 4567 Sicut
3524 4512 3613 4581 qui
3644 4511 3774 4565 uidit

2199 4611 2530 4678 semetipsum
2573 4608 2976 4662 manducantem
3001 4625 3091 4676 per
3113 4623 3350 4661 sonmum
3373 4616 3460 4658 aut
3495 4604 3772 4667 bibentem,

2200 4700 2451 4769 euigilans
2486 4710 2660 4752 autem
2705 4699 2877 4753 adhuc
2921 4700 3083 4751 esurit
3111 4707 3201 4751 aut
3234 4698 3343 4751 sitit
3378 4697 3445 4749 δ’,
3486 4696 3618 4750 Cum
3658 4710 3781 4748 ma-
3834 4716 3840 4720 δ

2205 4790 2350 4845 xime
2384 4790 2483 4845 visi
2518 4807 2703 4846 sumus
2732 4790 3033 4846 exsolvisse
3061 4799 3115 4844 et.
3146 4790 3246 4844 ista
3270 4830 3284 4852 ,
3316 4799 3369 4842 et
3409 4787 3783 4856 unusquisque

2209 4884 2541 4938 audientium
2565 4884 2678 4954 jam
2715 4900 2866 4939 suam
2900 4884 3168 4939 refecerat
3211 4893 3484 4947 mentem,
3526 4891 3779 4949 tanquam

2212 4974 2483 5031 solutione
2513 4975 2734 5030 inventa
2762 4975 3197 5031 etsollicitudine
3226 4974 3429 5037 soluta;
3456 4971 3635 5025 subito
3662 4986 3785 5039 qua:

2213 5076 2408 5135 putata)
2437 5078 2564 5122 sunt
2588 5069 2822 5123 visiones
2856 5068 3085 5122 somniis
3117 5065 3381 5130 revelatus,
3409 5063 3605 5118 iterum
3630 5061 3785 5117 nobis

2212 5160 2655 5214 constrinxerunt
2724 5158 2939 5213 vincula
2996 5160 3350 5228 quaastionum
3383 5195 3399 5221 ,
3472 5163 3529 5208 et
3576 5165 3785 5224 tempus

2214 5250 3002 5317 apprehendittaciturnitatis.
3054 5248 3216 5303 Forte
3261 5264 3363 5301 non
3413 5247 3786 5316 importunum

2219 5348 2429 5410 tempus
2466 5358 2637 5412 neque
2669 5341 2859 5397 inutile
2888 5350 2992 5396 est.
3036 5340 3092 5395 Si
3124 5339 3267 5394 enim
3312 5350 3367 5393 et
3394 5339 3612 5409 quidam
3645 5350 3786 5406 pra?-

2219 5592 2332 5699 ῗεῖη
2371 5576 2550 5701 ροῆῖιε
2578 5590 2739 5642 quam
2783 5575 3070 5646 μετάνοιαν
3105 5572 3459 5643 ianitenliam
3503 5565 3788 5637 lt-gendum

2242 5661 2383 5701 utsse
2418 5662 2467 5701 γι
2509 5656 2646 5701 etur.

2242 5656 2383 5703 uisse
2418 5656 2646 5702 videtur.
