4050 6206
322 284 461 340 1169

1660 274 1726 330 ΙΝ
1769 276 2025 332 ΜΑΤΤΙΙ.
2062 278 2129 343 Χ,
2166 277 2251 334 54.

3424 275 3458 347 τι
3475 276 3570 330 170

320 400 557 454 sentium
582 412 689 464 est,
722 400 811 468 qui
853 401 1041 454 horum
1072 397 1352 451 scientiam
1386 410 1482 465 per
1509 405 1720 449 noctem
1759 396 1902 450 acci-
1929 405 1975 461 Α
2006 400 2118 454 sive
2160 400 2301 453 enim
2334 402 2456 470 quis
2502 400 2722 468 cogitat,
2757 400 2869 451 sive
2894 397 3014 465 quis
3051 397 3287 449 intentus
3320 407 3424 460 est,
3460 398 3572 450 sive

321 508 452 561 pere
489 494 709 563 incipiet
736 502 968 547 tractans
997 500 1052 546 et
1098 490 1471 560 repercutiens
1518 490 1779 543 insomnia
1801 529 1815 552 ,
1845 498 1900 542 et

321 599 393 639 ne
440 585 659 655 quidem
702 584 801 654 ipsi
851 596 1045 639 somno
1086 583 1411 645 concedens,
1461 579 1600 635 forte
1652 588 1899 633 scrutans

324 692 421 748 per
448 687 657 733 noctem
683 690 801 732 cum
829 677 963 741 otio,
995 683 1050 729 et
1079 689 1107 726 a
1140 672 1343 726 lumine
1373 682 1637 727 nocturno
1661 671 1899 734 fulgores

325 769 619 839 accipiens,
665 775 869 837 qua-ret
913 765 1254 819 vinculorum
1302 762 1494 817 borum
1555 763 1894 818 solutiones:

326 872 383 917 et
414 864 459 916 si
503 860 705 930 quidem
743 858 1013 914 invenerit
1045 858 1288 913 lucratus
1324 865 1442 921 est,
1492 864 1547 910 et
1584 869 1797 910 sursum
1845 861 1900 909 et

327 956 573 1009 deorsum
607 961 953 1016 convertens,
988 960 1045 1005 et
1081 964 1328 1018 qurerens
1368 957 1423 1002 et
1476 946 1744 1011 volutans,
1777 962 1900 1017 per-

324 1047 466 1103 sistit
510 1046 561 1099 in
603 1044 840 1107 incerto,
889 1042 1174 1097 sollicitior
1220 1040 1365 1095 venit
1411 1039 1477 1094 ad
1532 1038 1896 1094 inventionem

327 1135 633 1194 solutionis.
691 1135 817 1190 Scio
866 1143 1045 1189 autem
1085 1132 1211 1203 quia
1266 1129 1637 1200 unusquisque
1680 1129 1772 1199 qui
1812 1128 1899 1183 hic

324 1227 553 1295 assistit,
588 1227 779 1282 exiens
811 1225 877 1280 de
909 1225 992 1279 his
1018 1223 1234 1294 quidem
1262 1223 1368 1278 erit
1399 1220 1684 1286 sollicitus,
1706 1232 1896 1274 curam

322 1319 527 1375 ventris
573 1334 673 1373 non
704 1318 907 1372 faciens
944 1331 959 1370 :
996 1316 1135 1371 forte
1180 1324 1360 1371 autem
1404 1314 1624 1383 quidam
1666 1322 1721 1367 et
1760 1311 1899 1365 indi-

317 1422 600 1484 gnantur,
654 1413 777 1480 quia
833 1410 1215 1481 protendimus
1273 1422 1623 1472 sermonem;
1681 1406 1895 1476 plurimi

319 1506 467 1561 enim
499 1505 903 1560 obdormientes
947 1516 1001 1560 et
1043 1506 1095 1559 in
1151 1503 1291 1559 facie
1330 1501 1516 1557 volunt
1559 1514 1625 1555 ex
1672 1498 1895 1553 aliorum

322 1596 597 1652 laboribus
623 1605 677 1651 et
704 1597 988 1653 sudoribus
1012 1596 1129 1651 sine
1159 1596 1346 1650 labore
1370 1602 1557 1663 parata
1584 1591 1894 1659 suscipere;

326 1690 369 1744 si
396 1696 575 1743 autem
601 1695 655 1743 et
679 1689 1035 1758 susceperint,
1065 1688 1156 1757 qui
1202 1694 1382 1741 autem
1417 1683 1753 1739 adinveniant
1790 1698 1896 1737 non

2003 495 2122 560 quis
2155 494 2495 549 commodum
2532 491 2759 560 accepit,
2791 490 2904 544 sive
2938 488 3057 558 quis
3083 487 3351 542 convertit
3377 503 3574 556 oppro-

2002 583 2199 648 brium,
2231 583 2463 652 gaudeo.
2505 579 2559 636 Si
2606 590 2785 635 autem
2813 578 3089 649 negligunt
3118 578 3209 647 qui
3242 577 3487 644 audiunt,
3519 586 3575 633 et

2001 675 2346 733 dissimulant
2377 675 2468 745 qui
2503 675 2787 739 docentur,
2818 687 2978 742 quam
3016 672 3279 725 rationem
3305 671 3457 725 dabit
3483 671 3570 739 qui

2000 768 2323 824 constitutus
2357 775 2442 821 est
2478 768 2756 836 magister,
2802 773 2857 818 et
2904 778 3008 817 non
3038 762 3386 833 quaestiosum
3421 762 3571 823 dicit,

2000 860 2093 914 sed
2119 874 2240 929 quae
2280 857 2519 927 impertit
2546 856 2691 927 gregi
2729 854 2976 909 Domini?
2999 853 3331 924 lmprecatur
3354 851 3570 921 quidem

2001 951 2068 1005 ab
2093 965 2158 1006 eo
2181 965 2371 1005 omnes
2396 949 2655 1005 sollicitos
2682 962 2825 1010 esse,
2863 956 2917 1001 et
2940 946 3192 1011 scrutari,
3221 954 3274 999 et
3305 959 3575 1014 φωνεῖς»,

2001 1052 2055 1099 et
2085 1050 2289 1107 tenere,
2335 1050 2390 1095 et
2432 1041 2659 1102 discere,
2708 1047 2761 1093 et
2796 1037 3145 1094 fructiﬁcare.
3176 1036 3233 1090 Si
3286 1045 3465 1088 autem
3519 1041 3576 1088 et

1999 1134 2215 1205 quidam
2258 1134 2557 1205 negligunt,
2584 1131 2781 1200 quibus
2809 1144 2907 1184 nec
2944 1126 3236 1182 convenire
3265 1124 3571 1181 sollicitudo

2000 1236 2105 1293 est,
2139 1227 2274 1282 nihil
2318 1227 2418 1281 hoc
2454 1226 2518 1278 ad
2551 1240 2635 1278 me
2668 1242 2679 1274 :
2714 1232 2767 1277 et
2804 1232 2950 1275 certe
2980 1219 3045 1273 ad
3076 1234 3190 1284 me;
3231 1218 3400 1287 tangit
3427 1216 3570 1271 enim

2001 1333 2087 1373 me
2115 1327 2169 1373 et
2200 1318 2521 1383 contristat;
2557 1326 2735 1369 tamen
2771 1314 2886 1367 sive
2923 1312 3110 1382 paucis
3142 1311 3373 1365 efficitur
3395 1323 3572 1364 sermo

1999 1411 2115 1467 sive
2144 1410 2350 1476 multis,
2379 1410 2494 1464 sive
2519 1406 2851 1477 negligentes
2891 1413 3017 1459 Sunt
3055 1404 3171 1458 sive
3193 1401 3433 1465 solliciti,
3467 1415 3570 1454 non

2000 1501 2167 1558 debeo
2194 1510 2412 1571 propter
2440 1498 2820 1570 negligentiam
2866 1506 2920 1551 et
2959 1497 3074 1560 ipse
3112 1495 3387 1565 negligens
3425 1494 3574 1547 inve-

2000 1595 2124 1650 niri.
2174 1592 2338 1649 Forte
2391 1600 2570 1645 autem
2623 1589 2839 1658 quidam
2878 1596 2932 1642 et
2985 1586 3312 1643 contendent
3374 1598 3569 1653 expro-

2001 1688 2138 1743 hrati
2183 1707 2195 1740 :
2240 1693 2294 1739 et
2352 1684 2399 1739 si
2451 1696 2557 1736 non
2610 1689 2832 1749 propter
2897 1692 3137 1732 amorem
3205 1675 3464 1730 doctrina:
3518 1683 3575 1726 et

327 1779 598 1835 laborant.
647 1780 703 1834 Si
742 1789 922 1834 autem
957 1789 1010 1835 et
1055 1779 1409 1848 suscipientes
1457 1775 1748 1831 servabunt
1801 1773 1893 1843 qui
1926 1771 1969 1829 Β
1998 1775 2253 1842 studium,
2273 1775 2463 1830 saltem
2484 1781 2701 1841 propter
2730 1770 2977 1824 ruborem
2996 1778 3049 1823 et
3069 1765 3437 1837 opprobrium,
3459 1775 3571 1823 etc.

328 1886 433 1925 non
480 1870 826 1935 sudaverunt,
879 1870 1010 1925 nihil
1063 1882 1238 1924 autem
1286 1869 1475 1923 horum
1524 1863 1887 1935 requirentes;

332 2010 3564 2041 ΝΜ

1288 2183 1851 2301 EUSEBII
1936 2183 2101 2297 PA
2123 2182 2620 2296 MPHlLI

1065 2430 1208 2517 DE
1286 2426 1440 2517 ΕΟ
1516 2424 1846 2531 QUOD
1925 2425 2127 2515 AIT
2203 2424 2840 2516 DOMINUS:

1312 2577 1453 2637 Non
1493 2577 1633 2636 veni
1667 2594 1885 2654 pacem
1928 2575 2173 2635 mittere
2218 2575 2282 2632 in
2328 2586 2578 2637 terram.

1636 2676 1867 2761 LIBER
1911 2700 2237 2761 SEXTUS.

394 3006 459 3060 Et
488 3020 715 3075 sponsos
741 3006 828 3074 qui
862 3021 1001 3061 nunc
1039 3004 1130 3060 ﬁlii
1159 3005 1447 3073 habentur,
1474 3015 1759 3075 parentum
1797 3006 1894 3059 de-
1924 3015 1969 3076 ς
2004 3005 2229 3077 ﬁgurant
2280 3005 2477 3059 debent
2531 3004 2848 3059 assumere?
2896 3004 3137 3057 Sustinet
3184 3015 3315 3056 sane
3345 3016 3572 3071 sponsus

322 3098 582 3153 siderium
629 3097 806 3161 trahit,
867 3108 920 3152 et
971 3106 1260 3167 properant
1296 3098 1361 3151 ad
1393 3099 1662 3169 genitores
1690 3113 1898 3152 annuu-

327 3192 461 3243 tiare
483 3204 690 3258 Sponsa:
719 3190 1051 3244 honesratem
1080 3198 1134 3243 et
1159 3190 1444 3260 colloquia,
1491 3191 1689 3260 quique
1715 3201 1769 3246 et
1796 3207 1895 3260 pa-

327 3280 570 3336 rentibus
598 3279 909 3334 manifestus
933 3290 1015 3334 est
1038 3296 1152 3334 mos
1186 3279 1331 3348 ejus,
1359 3293 1411 3335 et
1442 3281 1676 3346 habitus,
1697 3294 1749 3337 et
1777 3281 1898 3337 affe-

326 3379 460 3426 ctus.
495 3370 773 3425 Festinant
824 3381 1001 3424 autem
1051 3370 1242 3424 iterum
1281 3379 1335 3424 et
1369 3371 1433 3423 ad
1486 3387 1756 3440 sponsam,
1788 3387 1896 3427 me-

326 3479 504 3518 mores
554 3461 693 3515 illius
733 3464 800 3516 ab
843 3463 995 3518 initio
1027 3464 1289 3525 mandati,
1334 3466 1423 3531 qui
1460 3464 1535 3518 ait
1568 3480 1580 3515 :
1624 3463 1895 3534 Relinquet

322 3558 475 3610 homo
516 3566 715 3619 patrem
749 3564 798 3609 et
844 3566 1080 3621 matrem,
1123 3565 1170 3608 et
1206 3557 1553 3626 conjungetur
1586 3558 1817 3621 mulieri,
1849 3568 1897 3612 et

322 3658 472 3702 erunt
499 3649 649 3701 ambo
685 3650 737 3702 in
769 3665 926 3702 carne
958 3666 1062 3703 una
1103 3652 1170 3704 ὀ.
1194 3649 1469 3704 Laetamur
1504 3659 1685 3704 autem
1709 3660 1764 3705 et
1802 3666 1898 3721 pa-

322 3746 507 3793 rentes
553 3739 797 3793 videntes
858 3737 998 3795 ﬁlios
1035 3749 1236 3808 patres.
1293 3738 1361 3792 Et
1400 3742 1600 3795 scimus
1640 3756 1897 3809 sponsum

320 3843 507 3884 verum
546 3830 796 3885 Ecclesiae
814 3830 1119 3886 Dominum.
1155 3831 1259 3885 Sed
1291 3831 1415 3899 quia
1446 3832 1623 3887 lumen
1658 3832 1784 3887 illud
1809 3850 1901 3889 ve-

324 3936 441 3976 rum
480 3921 764 3977 luminaria
798 3922 948 3987 facit,
996 3932 1051 3977 et
1101 3926 1356 3992 magister
1385 3923 1499 3992 ipse
1527 3924 1671 3979 solus
1705 3925 1756 3979 in
1791 3928 1896 3982 Ec-

320 4012 484 4068 clesia
519 4014 695 4082 posuit
723 4024 778 4070 et
812 4015 1116 4084 magistros,
1151 4024 1202 4069 et
1229 4024 1416 4084 pastor
1455 4016 1567 4086 ipse
1600 4017 1772 4073 bonus
1798 4034 1897 4088 pa-

320 4112 498 4159 stores
522 4105 823 4168 constituit,
853 4121 1082 4176 sponsus
1128 4106 1343 4174 quidem
1383 4106 1495 4175 ipse
1526 4121 1684 4161 verus
1700 4118 1805 4174 est,
1841 4118 1898 4162 ut

320 4203 406 4249 est
436 4211 684 4265 sponsus.
707 4195 841 4262 Quia
873 4207 1048 4251 autem
1086 4196 1412 4267 mystcrialis
1452 4209 1553 4263 est,
1607 4200 1896 4270 mysteria-

322 4284 447 4341 litas
478 4286 576 4342 ista
604 4303 708 4341 non
756 4288 1055 4342 maculatur
1095 4303 1310 4357 sponsa,
1341 4288 1385 4342 si
1412 4298 1465 4343 et
1504 4304 1689 4345 servos
1719 4292 1772 4345 iu
1801 4290 1898 4347 ho-

1998 3104 2201 3168 quanta
2233 3098 2298 3151 ad
2323 3097 2715 3153 correctionem
2747 3105 2872 3149 sunt
2908 3094 3209 3151 necessaria
3242 3105 3296 3150 et
3321 3105 3569 3151 ornatum

1997 3206 2227 3260 sponsae,
2284 3190 2488 3260 patitur
2527 3198 2581 3245 et
2627 3188 2838 3245 labores
2887 3197 2940 3243 et
2971 3187 3179 3259 vigilias
3222 3196 3278 3242 et
3313 3186 3573 3241 adiuven-

1999 3283 2174 3339 tiones
2200 3299 2214 3336 :
2240 3283 2588 3351 vigilatenim
2622 3292 2679 3335 ut
2720 3282 2994 3336 reﬁciatur
3027 3295 3246 3349 Sponsa,
3286 3288 3340 3335 et
3368 3278 3578 3332 laborat

1998 3385 2056 3427 ut
2094 3376 2409 3439 adornetn‘r,
2435 3383 2489 3426 et
2518 3373 2721 3426 invenit
2760 3384 2814 3426 ut
2840 3380 3113 3440 pascatur.
3146 3369 3316 3425 Natus
3344 3370 3487 3424 enim
3512 3368 3576 3422 il-

1998 3468 2100 3523 lius
2160 3466 2387 3523 efﬁcitur
2430 3482 2638 3535 sponsa:
2680 3476 2918 3519 ornatus.
2954 3464 3090 3530 Quid
3140 3474 3318 3517 autem
3350 3465 3469 3518 dico
3510 3463 3577 3519 de

1999 3559 2135 3614 Filio
2175 3559 2265 3628 qui
2296 3556 2360 3613 de
2394 3559 2531 3613 crelo
2561 3556 2860 3621 descendit,
2890 3565 2946 3609 ut
2979 3554 3245 3623 captivam
3277 3554 3376 3608 sibi
3427 3555 3575 3610 acci-

1999 3659 2150 3721 peret
2169 3665 2444 3721 sponsam,
2472 3649 2614 3702 illam
2637 3663 2755 3718 quze
2782 3656 2904 3701 ante
2924 3655 3039 3700 erat
3064 3645 3299 3709 sordida,
3325 3660 3443 3715 quae
3461 3645 3578 3699 fue-

1999 3752 2080 3797 rat
2111 3741 2393 3804 fornicata,
2420 3755 2537 3810 qute
2572 3754 2758 3795 comas
2809 3739 3040 3793 habebat
3068 3741 3327 3808 impuras,
3372 3752 3491 3807 qua:
3521 3746 3575 3792 et

2000 3835 2066 3889 ab
2102 3835 2243 3890 intus
2274 3846 2329 3891 et
2361 3850 2390 3887 a
2428 3833 2558 3890 foris
2606 3848 2709 3889 non
2748 3840 2864 3888 erat
2903 3833 3063 3897 bona,
3102 3832 3153 3886 in
3190 3846 3349 3901 quam
3392 3829 3575 3883 illuse-

2000 3939 2126 3983 runt
2182 3929 2471 3994 daemones,
2519 3942 2637 3997 quae
2667 3927 2969 3982 fmdabatur
3001 3926 3053 3979 in
3101 3923 3394 3984 montibus,
3457 3936 3575 3991 quae

2001 4021 2140 4075 nuda
2168 4024 2437 4087 currebat,
2468 4037 2588 4091 quae
2616 4021 2873 4075 lectiones
2902 4018 3286 4073 daemoniorum
3319 4014 3575 4079 habebat,

2000 4126 2118 4181 quae
2144 4114 2315 4181 turpia
2337 4113 2612 4180 cantabat,
2655 4112 2831 4182 turpia
2852 4110 3085 4174 ludebat,
3108 4108 3284 4177 turpia
3324 4107 3580 4179 loqueba-

2002 4210 2089 4256 tur
2120 4218 2134 4254 :
2167 4218 2285 4273 qua:
2310 4218 2377 4258 ne
2411 4202 2626 4273 quidem
2668 4200 2722 4254 in
2761 4202 2952 4255 itinere
2977 4200 3280 4256 hominibus
3311 4200 3577 4254 concede-

1997 4292 2110 4358 bat,
2150 4309 2269 4364 quae
2301 4294 2549 4363 portabat
2576 4273 2797 4364 lapides,
2825 4304 2878 4349 et
2910 4292 3276 4348 fornicahatur
3308 4292 3374 4345 ad
3411 4291 3575 4362 ligna,

324 4397 454 4437 nore
487 4383 745 4453 suscipiat
771 4383 974 4452 sponsi.
1016 4382 1231 4436 Dicebat
1275 4383 1415 4437 enim
1449 4398 1678 4451 sponsus
1713 4382 1893 4438 Domi-
1929 4363 1975 4421 ί)
2001 4401 2122 4455 quae
2167 4385 2425 4458 fumigata
2466 4397 2603 4451 erat,
2633 4363 2769 4457 quae
2826 4386 3101 4442 redolebat
3137 4385 3324 4439 nidore
3366 4383 3576 4451 fmtido,

324 4489 446 4539 nus,
491 4484 549 4528 ut
583 4476 850 4531 audistis:
894 4476 997 4541 Qui
1040 4493 1124 4529 vos
1167 4476 1403 4542 suscipit,
1452 4492 1533 4531 me
1585 4477 1800 4548 suscipit
1828 4477 1896 4532 ".

324 4566 560 4637 Apparet
590 4578 768 4623 autem
823 4578 1080 4638 quantum
1130 4569 1456 4636 sponsalitas
1487 4570 1599 4638 ipsa
1639 4570 1897 4635 emineat,

324 4661 391 4714 al)
417 4674 479 4713 ea
513 4676 631 4730 qua:
658 4660 711 4713 in
742 4660 937 4715 mundo
971 4670 1053 4716 est
1075 4662 1408 4731 periculosa;
1443 4680 1545 4717 non
1573 4663 1713 4718 enim
1740 4664 1898 4718 istinc

325 4751 518 4806 mulier
574 4751 791 4819 adjuvat
821 4752 1017 4818 virum,
1048 4757 1141 4808 sed
1181 4770 1411 4823 sponsus
1444 4770 1697 4825 sponsam
1736 4774 1750 4811 :
1793 4772 1897 4811 non

323 4859 516 4913 sponsa
551 4847 718 4899 servit
741 4845 877 4911 viro,
909 4845 1000 4899 sed
1035 4860 1265 4915 sponsus
1308 4848 1472 4901 servit
1500 4859 1552 4901 et
1584 4849 1747 4902 dicit:
1784 4849 1895 4919 Ego

326 4934 554 4990 libenter
583 4949 679 5004 pro
711 4935 905 4989 animis
923 4935 1115 4989 vestris
1134 4936 1418 5005 erngabor,
1438 4946 1493 4991 et
1521 4939 1894 5007 memetipsum

332 5027 558 5081 tradam.
591 5027 655 5083 Et
685 5027 876 5082 horum
903 5015 1025 5096 quis
1054 5037 1135 5081 est
1175 5028 1401 5099 dignus?
1432 5029 1487 5083 Si
1516 5029 1660 5083 enim
1689 5030 1777 5085 ille
1802 5034 1892 5100 qui

331 5134 456 5175 vere
506 5132 588 5177 est
638 5134 869 5190 sponsus
903 5119 1159 5174 Dominus
1213 5131 1269 5175 et
1318 5122 1459 5176 Deus
1508 5121 1598 5175 Dei
1633 5137 1737 5177 non
1789 5124 1898 5179 uati

329 5211 635 5281 unigenitus
653 5211 842 5275 Filius,
870 5212 958 5280 qui
990 5210 1044 5265 in
1082 5210 1247 5282 ﬁgura
1285 5213 1378 5267 Dei
1397 5214 1746 5279 constitutus,
1773 5233 1897 5286 pro-

326 5314 450 5373 pter
474 5304 791 5360 charitatem
827 5318 1053 5373 sponsae,
1103 5305 1328 5359 formam
1373 5308 1512 5361 servi
1539 5309 1745 5376 accepit
1783 5326 1795 5361 :
1854 5308 1898 5363 si

327 5395 587 5450 Dominus
638 5396 690 5449 in
734 5400 897 5469 ﬁgura
922 5398 1061 5452 servi
1101 5408 1321 5467 propter
1352 5398 1696 5454 dilectionem
1730 5417 1897 5470 spon-

326 5501 437 5549 sae;
502 5484 592 5554 qui
646 5497 835 5540 natura
922 5486 1061 5541 servi
1125 5496 1284 5553 sunt,
1347 5488 1473 5556 quid
1534 5498 1688 5557 putas
1737 5506 1895 5557 quam

394 5581 442 5615 ”
476 5581 611 5636 Gen.
653 5598 711 5649 ιι,
738 5582 825 5637 24.
901 5582 943 5613 ’ί
977 5581 1161 5635 Matth.
1197 5597 1248 5645 ιι,
1290 5582 1377 5635 40.

398 5700 511 5772 (8|)
532 5703 831 5771 Suscipiiis.
856 5699 1033 5761 Forte.
1054 5700 1341 5767 suscipiens

2002 4493 2120 4547 qua:
2143 4479 2269 4549 quid
2309 4495 2412 4534 non
2444 4480 2570 4533 mali
2610 4480 2880 4535 habebat?
2909 4479 3006 4535 Cui
3036 4479 3180 4534 enim
3213 4487 3267 4533 et
3293 4477 3397 4532 alio
3422 4475 3581 4531 dece-

2000 4571 2094 4626 bat
2138 4571 2293 4626 talem
2331 4572 2431 4626 sibi
2461 4572 2659 4643 eligere
2704 4588 2978 4643 Sponsam,
3023 4561 3181 4641 quam
3219 4570 3291 4625 illi
3322 4570 3412 4639 qui
3460 4580 3580 4624 erat

2003 4662 2312 4718 misericors
2345 4664 2618 4732 sponsus?
2655 4664 2785 4718 nihil
2820 4666 2964 4719 enim
2996 4664 3229 4718 habebat
3256 4661 3579 4715 hortamenti

2001 4755 2068 4807 ad
2107 4754 2449 4810 dilectionem
2486 4773 2603 4824 quae
2637 4765 2913 4823 assumpta
2950 4764 3052 4810 est.
3109 4755 3242 4820 Quia
3283 4768 3410 4822 ergo
3449 4751 3579 4804 nihil

2002 4856 2120 4899 erat
2155 4848 2222 4900 ab
2254 4847 2350 4900 ista
2388 4846 2876 4910 adhortamentmn,
2926 4847 3045 4901 ideo
3096 4846 3233 4900 facta
3274 4853 3357 4898 est
3408 4842 3576 4912 gratia

2003 4936 2118 5005 ejus
2148 4939 2236 5008 qui
2270 4944 2480 5005 accepit
2518 4940 2675 4996 talem
2707 4959 2719 4993 :
2753 4955 2848 5007 pro
2889 4938 3013 4993 odio
3040 4938 3181 4992 enim
3218 4952 3323 5004 quo
3347 4944 3464 4989 erat
3502 4934 3577 4987 di-

2002 5046 2128 5099 gua,
2165 5030 2349 5084 dilexit
2377 5046 2528 5094 eam;
2562 5049 2657 5101 pro
2699 5045 2857 5098 poena
2894 5030 3194 5093 honoravit,
3238 5042 3334 5097 pro
3364 5026 3578 5081 mortali

2005 5131 2247 5177 mortuus
2269 5131 2375 5185 est,
2408 5138 2503 5191 pro
2536 5122 2888 5178 condemnata
2930 5120 3319 5175 condemnatus
3344 5124 3446 5179 est,
3483 5129 3580 5184 pro

2004 5214 2255 5285 injuriosa
2279 5216 2392 5286 ipse
2426 5232 2615 5285 passus
2653 5215 2900 5281 injuriam
2928 5222 2981 5269 et
3019 5212 3289 5281 accipiens
3319 5207 3580 5278 sputami—

2004 5323 2071 5361 na
2103 5309 2152 5361 in
2188 5318 2427 5362 sanctam
2458 5309 2668 5374 faciem,
2720 5318 2775 5362 ct
2806 5317 2932 5362 ante
2963 5305 3265 5375 sputamina
3294 5319 3410 5358 eam
3451 5315 3577 5356 sus-

2001 5397 2331 5470 cipitis(8l).
2357 5400 2461 5455 ista
2489 5400 2629 5452 enim
2658 5413 2875 5467 sponsa,
2910 5399 3101 5453 ancilla
3132 5412 3197 5451 ex
3221 5396 3394 5452 servis
3436 5403 3575 5455 erat,

2002 5508 2030 5543 ιι
2058 5505 2205 5561 patre
2246 5512 2351 5549 non
2401 5494 2558 5558 bono,
2598 5503 2651 5547 ct
2685 5501 2855 5547 matre
2889 5508 3006 5563 qua:
3050 5504 3345 5559 erraverat,
3390 5498 3579 5547 contu-
