4050 6206
513 308 645 369 il't‘l

1178 307 1452 367 EUSEBll
1490 307 1975 371 CAESARIENSIS
2013 313 2164 369 OPP.
2207 308 2386 368 PARS
2427 308 2512 367 IV.
2552 340 2621 355 -ρ-
2657 302 3076 365 DOGMATICA.

3634 302 3771 357 H72

512 444 632 481 max
672 444 700 480 a
751 426 1185 491 contumacibus,
1242 429 1295 482 in
1351 427 1517 484 multo
1567 438 1808 499 tempore
1857 429 2077 498 capillos
2107 433 2152 491 Α
2183 430 2234 485 in
2300 440 2439 483 terra
2472 443 2499 480 a
2530 424 2866 481 mortalibus.
2896 422 3033 489 Quia
3057 431 3183 488 ergo
3210 429 3318 472 non
3343 428 3425 472 est
3446 412 3637 472 idonea
3674 438 3772 475 no-

514 518 718 571 liahens
741 517 983 585 captivos
1034 525 1085 570 et
1130 531 1356 586 ungues,
1388 529 1441 573 et
1477 519 1527 572 in
1566 520 1813 573 omnibus
1845 518 2079 575 sordida.

511 608 577 661 Et
604 607 744 676 quod
780 616 866 660 est
910 607 1161 661 maximae
1190 609 1581 673 admirationis,
1610 609 1695 665 ille
1718 622 1836 664 erat
1870 620 2087 665 sanctus

509 699 564 752 i-u
598 696 1090 760 sanctishahitans,
1116 700 1310 753 sedens
1336 700 1400 753 ad
1421 700 1693 755 dexteram
1715 699 1909 765 Patris,
1935 715 2089 753 mun-

511 791 611 842 dus
650 806 677 841 a
703 790 901 843 mundo
937 789 1255 857 procedens,
1289 790 1465 846 lumen
1504 808 1715 856 verum,
1744 791 2085 861 soljustitize;

512 881 599 934 ille
633 881 722 948 qui
754 881 819 935 ab
850 881 1056 948 angelis
1086 882 1427 946 adorabatur,
1459 898 1647 951 passus
1679 892 1759 937 est
1792 893 1848 936 ut
1877 884 1943 937 ab
1986 883 2088 938 h0-

510 972 748 1025 minibus
804 972 1137 1026 illuderetur.
1192 972 1255 1026 Et
1287 986 1385 1042 ego
1440 975 1650 1042 quidem
1694 974 1860 1028 miror
1908 988 2007 1028 nos
2036 982 2091 1028 et

513 1080 790 1132 sponsam,
828 1065 953 1132 quia
982 1081 1085 1118 non
1118 1067 1425 1134 stnpuimus
1453 1067 1593 1121 illius
1621 1067 1711 1136 qui
1739 1067 2091 1135 advenitgra-

516 1157 666 1219 tiam,
700 1165 752 1209 et
782 1155 924 1209 illius
956 1155 1045 1225 qui
1076 1156 1221 1209 misit
1251 1157 1470 1221 donum,
1512 1167 1565 1211 et
1594 1173 1699 1211 non
1734 1158 1939 1223 statim,
1984 1172 2091 1211 non

514 1246 723 1298 insania
763 1246 1015 1314 quadam,
1055 1247 1147 1301 sed
1182 1247 1431 1316 religiosa
1478 1256 1653 1301 mente
1680 1256 1733 1302 et
1766 1248 1973 1302 tervido
1997 1248 2091 1303 de-

514 1338 713 1392 siderio
737 1338 972 1407 spoliati,
993 1352 1189 1408 corpus
1217 1348 1269 1393 et
1295 1338 1551 1402 animam,
1589 1346 1648 1392 ut
1676 1338 1750 1393 ita
1787 1338 1984 1405 dicam,
2009 1354 2092 1394 re-

517 1429 803 1483 tribuimus
856 1430 963 1483 Deo
1013 1446 1108 1500 pro
1152 1433 1403 1487 omnibus
1446 1448 1567 1502 quae
1618 1433 1774 1488 nobis
1820 1433 2089 1489 retribuit.

516 1519 653 1584 Quid
684 1530 863 1574 autem
894 1530 949 1574 et
992 1522 1039 1575 ei
1081 1538 1369 1591 possumus
1412 1523 1750 1578 retribuere?
1804 1522 2094 1578 Moriemur

517 1628 613 1678 pro
658 1614 790 1681 ipso,
825 1615 916 1669 sed
948 1615 1064 1684 ipse
1091 1616 1292 1683 primus
1321 1631 1418 1685 pro
1443 1617 1596 1671 nobis
1632 1624 1875 1672 mortuus
1900 1624 1997 1669 est.
2028 1614 2094 1668 Et

518 1720 617 1759 nos
666 1706 881 1774 quidem
939 1707 981 1760 si
1015 1707 1329 1773 moriamur,
1393 1706 1717 1762 naturaliter
1768 1706 2091 1774 suscipimus

2192 532 2305 576 stra
2358 532 2544 575 natdra
2599 517 2777 573 verbis
2817 515 3018 570 assumi
3064 514 3129 568 ad
3176 520 3385 566 tantum
3426 509 3519 565 Dei
3570 510 3766 566 Filium

2190 614 2381 680 Deum,
2410 614 2499 682 qui
2530 622 2586 666 ut
2614 626 2717 665 non
2742 608 2914 664 solum
2935 606 3115 661 verbis
3137 604 3415 666 edoceret,
3447 601 3543 656 sed
3566 611 3616 657 et
3644 617 3770 671 ope-

2188 706 2340 760 ribus
2373 704 2713 767 informaret,
2744 702 2888 755 venit
2919 697 3173 759 visibilis,
3210 705 3270 749 ut
3290 703 3347 749 et
3370 696 3495 749 dum
3529 696 3764 757 videtur,

2190 796 2498 853 ostenderet
2526 793 2865 847 invisibilem.
2882 791 2946 844 Et
2972 789 3102 842 mihi
3128 786 3344 857 quidem
3377 787 3495 855 ipse
3513 796 3583 841 stt
3606 788 3757 841 testis

2191 889 2476 946 sermonis.
2519 888 2652 941 Cum
2682 886 2826 939 enim
2862 885 3064 937 lavaret
3098 881 3354 935 Dominus
3386 880 3554 947 pedes
3584 894 3769 933 servo-

2193 994 2333 1047 rum,
2365 978 2621 1051 magister
2646 976 3052 1047 discipulorum,
3088 982 3142 1029 et
3172 983 3460 1028 excusante
3493 972 3659 1026 Petro
3683 972 3767 1025 di-

2190 1074 2347 1130 cebat
2391 1072 2630 1127 formans
2659 1086 2752 1126 eos
2782 1077 2836 1125 et
2871 1070 3056 1124 dicens
3089 1087 3101 1120 :
3138 1065 3267 1122 Hac
3310 1083 3396 1134 ego
3439 1066 3549 1118 ideo
3591 1065 3765 1134 facio,

2191 1171 2251 1217 ut
2279 1174 2325 1217 et
2358 1178 2443 1217 vos
2467 1161 2787 1215 edoceamim‘
2821 1161 3034 1213 inricem
3073 1158 3253 1211 eadem
3301 1155 3467 1224 facere
3490 1155 3554 1207 θ’.
3597 1154 3767 1209 Sicut

2194 1254 2357 1324 igitur
2388 1254 2438 1308 in
2469 1252 2559 1306 illo
2600 1261 2722 1305 actu
2771 1250 2975 1305 dictum
3023 1258 3108 1303 est
3148 1247 3292 1317 quod
3326 1246 3623 1299 mandatum
3644 1258 3763 1307 est.

2193 1347 2318 1415 quia
2350 1346 2470 1401 ideo
2503 1344 2634 1399 facit
2672 1352 2728 1397 ιιι
2751 1343 3063 1398 ostenderet
3095 1350 3297 1404 totum;
3347 1339 3419 1391 ita
3459 1338 3574 1390 audi
3627 1336 3758 1405 quia

2192 1439 2590 1493 venitformare
2620 1437 2685 1490 ad
2713 1435 2968 1489 deitatem
3006 1433 3272 1487 homines.
3300 1428 3633 1484 Miserabiles
3655 1443 3755 1482 au-

2194 1539 2299 1580 tem
2333 1535 2457 1581 sunt
2478 1527 2568 1595 qui
2604 1540 2709 1579 non
2738 1521 3225 1593 inspiciunt;beati
3257 1535 3387 1575 vero
3413 1519 3551 1573 oculi
3577 1533 3757 1572 eorum

2199 1619 2287 1687 qui
2314 1618 2522 1673 vident.
2564 1618 2786 1672 Videtur
2809 1617 2954 1673 enim
2978 1627 3031 1670 et
3066 1630 3211 1670 nunc
3244 1614 3503 1669 Dominus
3540 1614 3618 1669 :si
3644 1612 3764 1681 quis

2193 1715 2336 1766 enim
2364 1711 2525 1766 habet
2550 1711 2735 1767 oculos
2765 1710 2949 1765 videt:
2981 1724 3254 1778 nunquam
3301 1707 3445 1761 enim
3477 1705 3565 1758 ille
3594 1706 3768 1759 disce-

431 1807 439 1816 '
518 1808 775 1863 mortem;
806 1798 892 1851 ille
931 1808 1109 1853 autem
1139 1808 1326 1854 contra
1363 1810 1607 1853 naturam
1653 1799 1865 1869 patiens
1896 1797 1993 1851 fuit
2022 1798 2088 1849 ad
2123 1787 2165 1845 B
2195 1807 2290 1870 dii,
2317 1806 2455 1859 sicui
2478 1805 2589 1874 ipse
2618 1804 2745 1858 dicit
2777 1819 2789 1855 ε
2826 1801 2959 1856 Ecce
3001 1816 3092 1869 ego
3121 1800 3387 1854 uobiscum
3424 1814 3558 1862 sum,
3603 1811 3765 1867 usque

519 1898 770 1944 mortem.
808 1889 872 1941 Et
913 1904 1011 1944 nos
1045 1889 1260 1958 quidem
1290 1889 1331 1943 si
1374 1887 1637 1943 fuerimus
1668 1887 1889 1952 mortui,
1915 1886 2091 1940 lucra-

518 1982 697 2033 bimur
731 1982 1087 2049 nosmetipsos
1126 1999 1138 2034 :
1179 1981 1265 2034 ille
1293 1989 1471 2036 autem
1512 1988 1756 2035 mortuus
1780 1987 1865 2035 est
1888 1995 1990 2033 non
2025 1979 2092 2032 ad

518 2070 803 2123 utilitatem
837 2071 1132 2137 propriam,
1163 2070 1255 2122 sed
1288 2080 1345 2122 ut
1381 2084 1478 2124 nos
1525 2069 1847 2123 lucraretur.
1881 2068 1947 2121 Et
1996 2082 2093 2121 nos

519 2162 781 2215 morimur
807 2166 872 2214 ad
904 2176 1052 2229 spem
1090 2161 1212 2213 vitae
1245 2177 1260 2213 :
1298 2160 1387 2214 ille
1421 2168 1598 2213 autem
1629 2158 1738 2214 vita
1777 2167 1859 2213 est
1884 2158 2090 2210 vivens.

520 2252 585 2305 Et
610 2266 708 2304 nos
730 2252 779 2303 in
807 2252 1064 2321 martyrio
1085 2251 1343 2320 patimur,
1379 2260 1438 2304 ut
1461 2266 1563 2305 non
1592 2265 1712 2304 cum
1741 2250 1941 2303 mundo
1961 2264 2094 2303 con-

519 2345 857 2409 demnemur,
888 2343 1153 2411 fugientes
1191 2358 1287 2413 per
1324 2352 1551 2397 mortem
1590 2344 1915 2412 gehennam,
1946 2350 1998 2397 et
2040 2341 2093 2395 in

519 2435 830 2489 haereditate
863 2435 1190 2504 accipientes
1221 2449 1382 2505 regna
1408 2435 1688 2490 calorum.
1724 2432 1832 2488 Nos
1860 2434 1927 2488 ad
1956 2447 2096 2486 mer-

520 2525 737 2589 cedem;
771 2525 856 2578 ille
891 2535 1109 2593 propter
1139 2524 1481 2579 cbaritatem.
1518 2525 1575 2579 Si
1605 2527 1729 2595 quis
1759 2535 1937 2579 autem
1969 2540 2096 2580 con-

519 2616 640 2671 silio
669 2616 896 2669 assentit
928 2632 1067 2682 meo,
1115 2617 1185 2670 sit
1219 2616 1430 2685 quidem
1464 2630 1667 2672 merces
1717 2617 1783 2672 ab
1820 2617 1955 2687 ipso,
1991 2633 2095 2670 non

520 2711 591 2763 sit
638 2719 816 2763 autem
880 2708 1032 2763 nobis
1089 2725 1278 2763 cursus
1325 2709 1391 2763 ad
1426 2712 1773 2763 mercedem:
1815 2725 1919 2764 non
1953 2710 2095 2764 enim

521 2802 644 2870 quia
664 2803 927 2869 promittit
962 2801 1079 2855 ideo
1114 2801 1272 2855 debet
1298 2810 1353 2855 et
1374 2801 1543 2871 diligi,
1578 2802 1670 2855 sed
1702 2802 1826 2870 quia
1855 2802 1975 2856 talis
1999 2803 2095 2856 ha-

524 2893 703 2955 betur,
728 2900 782 2945 et
819 2890 940 2944 talis
960 2901 1042 2960 est
1072 2890 1241 2945 Filius
1272 2906 1409 2945 :non
1432 2893 1629 2961 quippe
1658 2892 1916 2963 diligatur
1943 2896 2011 2948 ob
2034 2908 2096 2948 ea

522 2998 642 3051 qua:
670 2984 855 3046 donat,
889 2984 981 3037 sed
1012 2992 1227 3052 propter
1282 2994 1531 3036 naturam
1558 2985 1639 3038 sui
1683 2993 1738 3037 et
1770 2992 1894 3037 ante
1925 2985 2097 3039 dona-

524 3080 717 3131 tiones.
758 3074 1034 3141 Siquidem
1069 3084 1123 3128 et
1156 3075 1257 3128 hoc
1286 3075 1465 3128 lumen
1510 3075 1790 3139 sensibile,
1820 3091 1926 3130 non
1974 3076 2097 3144 quia

523 3167 695 3235 pascit
721 3165 906 3220 oculos
937 3175 1169 3231 amatur,
1198 3165 1287 3221 sed
1320 3166 1444 3235 quia
1459 3165 1819 3219 clarissimum
1852 3167 2095 3221 habetur.

522 3256 921 3327 Nonnunquam
955 3256 1100 3311 enim
1124 3265 1179 3309 et
1213 3256 1389 3310 fontes
1421 3254 1670 3310 videntes
1708 3257 2021 3326 perspicuos
2047 3265 2101 3311 et

524 3366 708 3415 puros,
761 3359 817 3403 et
873 3350 917 3404 si
961 3365 1064 3404 non
1118 3349 1355 3403 admittit
1398 3358 1612 3417 tempus
1652 3350 1890 3414 bibendi,
1924 3358 2100 3404 tamen

528 3442 789 3496 miramur
815 3441 1291 3511 pulchritudinem,
1314 3442 1475 3496 etiam
1500 3457 1602 3494 non
1638 3442 1959 3496 adveniente
1979 3457 2097 3496 usu.

530 3536 593 3587 Et
644 3536 711 3588 ad
770 3535 966 3590 caelum
1024 3534 1377 3605 respicientes
1414 3535 1766 3599 delectamur,
1826 3552 1929 3589 non
1967 3537 2095 3604 quia

528 3624 933 3679 manducamus.
966 3624 1021 3678 Si
1050 3624 1214 3693 igitur
1244 3639 1406 3692 opera
1441 3624 1558 3694 ejus
1584 3626 1656 3680 ita
1695 3635 1820 3680 sunt
1857 3627 2015 3690 bona,
2047 3635 2101 3679 et

529 3725 656 3771 ante
679 3725 892 3785 gustum
925 3725 980 3770 et
1008 3730 1188 3769 escam
1240 3716 1512 3770 delectant
1557 3733 1680 3771 cum
1735 3718 2002 3779 videntur,
2048 3725 2103 3771 et

528 3805 839 3861 coaﬂectari
866 3805 1103 3868 faciunt;
1139 3807 1253 3874 ipse
1275 3808 1365 3875 qui
1398 3822 1520 3861 vere
1544 3824 1705 3875 supra
1730 3823 1943 3861 onmem
1980 3807 2099 3877 pul-

530 3899 889 3952 chritudinem
952 3898 1201 3959 habetur,
1254 3909 1308 3950 et
1338 3913 1464 3952 vere
1514 3907 1597 3951 est
1651 3901 1844 3964 bonus,
1883 3916 1986 3954 non
2034 3915 2098 3954 ex

531 3992 777 4046 mercede
800 3993 992 4046 habeat
1020 3991 1378 4052 dilectionem,
1409 3995 1500 4047 sed
1519 4010 1584 4047 ex
1618 4004 1808 4047 natura
1840 4008 2099 4051 amorem.

531 4082 643 4149 Ego
678 4097 809 4135 sane
850 4097 1232 4152 nonnunquam
1266 4083 1318 4137 in
1354 4085 1593 4153 cogitatu
1631 4086 1734 4139 isto
1756 4086 1978 4149 adveni;
2012 4099 2103 4138 ve-

533 4174 643 4228 nite
696 4184 751 4228 et
781 4190 873 4228 vos
928 4176 995 4227 ad
1037 4175 1395 4242 suspicionem
1434 4175 1626 4230 bonam
1664 4192 1677 4229 :
1716 4192 1854 4244 saepe
1880 4176 2022 4230 enim
2072 4190 2101 4229 a

532 4268 734 4321 sanctis
763 4266 1065 4337 Evangeliis
1116 4275 1169 4319 et
1205 4283 1331 4322 vere
1378 4268 1575 4322 divinis
1615 4270 1681 4324 de
1714 4270 1937 4323 Domino
1975 4268 2101 4324 Jesu

533 4359 774 4417 audiens.
808 4357 1046 4411 auditum
1070 4359 1135 4411 ad
1170 4356 1344 4413 visum
1370 4360 1611 4414 converti
1645 4379 1657 4414 :
1685 4361 1930 4416 videbam
1957 4361 2100 4415 enim

532 4449 938 4503 admirationem
991 4465 1181 4503 novam
1235 4450 1348 4515 Dei,
1400 4449 1591 4505 Filium
1645 4452 1812 4506 Deum
1862 4453 1915 4506 in
1960 4461 2101 4507 terra

530 4556 723 4609 corpus
756 4542 1041 4594 habentem
1080 4559 1093 4595 :
1127 4548 1180 4595 et
1218 4551 1414 4609 putans
1439 4544 1628 4599 adesse
1649 4543 2010 4613 spectaculum
2028 4559 2095 4599 ex

531 4632 823 4702 Scripturis
854 4647 988 4702 pene
1027 4642 1081 4686 et
1111 4641 1357 4701 porrecta
1408 4649 1567 4688 manu
1606 4634 1936 4704 apprehendi
1974 4634 2095 4689 fim-

529 4723 702 4779 briam
736 4725 1035 4779 vestimenti
1062 4726 1195 4794 ejus,
1239 4740 1305 4779 ne
1330 4724 1467 4780 forte
1500 4735 1555 4780 et
1576 4742 1606 4779 a
1636 4728 1873 4796 peccatis
1902 4728 2099 4783 libera-

530 4833 641 4871 rer.
692 4816 808 4871 Non
856 4816 1019 4885 igitur
1063 4817 1371 4871 fraudemus
1428 4819 1786 4885 nosmetipsos
1822 4834 1851 4872 a
1893 4819 2101 4875 visione

533 4911 625 4965 Dei
657 4910 940 4980 unigeniti,
970 4910 1058 4975 qui
1092 4924 1186 4978 pro
1220 4910 1372 4963 nobis
1400 4911 1466 4962 ad
1496 4925 1595 4964 nos
1625 4911 1772 4964 venit
1802 4929 1816 4964 :
1845 4926 1968 4966 nam
1998 4912 2103 4966 etsi

531 5005 584 5056 in
614 5017 838 5070 corpore
866 5001 1103 5062 advenit,
1135 5009 1313 5056 tamen
1346 5018 1447 5055 non
1480 5001 1637 5055 latuit
1664 5003 1803 5058 Deus
1827 5005 1965 5057 nube
1996 5004 2105 5058 cir-

529 5094 909 5148 cumamictus.
938 5092 993 5146 Si
1018 5092 1161 5146 enim
1192 5103 1246 5146 et
1281 5093 1421 5163 apud
1463 5108 1561 5148 nos
1586 5094 1782 5148 anima:
1815 5104 1986 5149 status
2011 5096 2103 5150 da-

532 5198 619 5241 tur
638 5188 705 5243 ad
732 5188 903 5243 visum
930 5202 1026 5258 per
1069 5187 1276 5252 oculos,
1310 5200 1404 5256 per
1439 5186 1657 5249 faciem,
1694 5202 1791 5257 per
1824 5187 2101 5253 maxillas;

529 5275 742 5341 qualem
776 5287 931 5344 putas
959 5291 1079 5331 esse
1118 5276 1265 5330 illam
1297 5274 1510 5341 faciem,
1540 5276 1752 5347 qualem
1795 5277 1937 5331 illam
1968 5276 2102 5330 divi-

530 5379 655 5418 nam
695 5370 1161 5435 constitutionem,
1205 5369 1353 5424 illum
1386 5369 1732 5437 tranquillum
1770 5370 2005 5436 oculum,
2039 5370 2100 5424 ιι-

529 5455 637 5510 lam
687 5460 968 5516 honestam
1011 5463 1248 5528 linguam
1283 5472 1338 5518 et
1367 5466 1605 5519 motum?
1633 5463 1810 5518 Unum
1847 5472 1930 5517 est
1958 5465 2101 5529 quod

530 5550 744 5606 confert
773 5553 888 5621 ejus
922 5556 1203 5622 adventus,
1256 5568 1314 5613 ut
1360 5558 1685 5627 suscipiatur
1718 5558 1838 5613 talis
1872 5557 2090 5611 habitus

604 5738 647 5767 "
681 5731 833 5789 Joan.
876 5752 993 5803 xm,
1033 5740 1113 5796 l5.
1191 5741 1233 5773 9’
1271 5739 1458 5797 Matth.
1498 5756 1687 5808 sum,
1720 5741 1811 5796 ‘20.

2126 3124 2168 3181 C

2196 1896 2264 1949 ad
2291 1896 2783 1948 consummationem
2811 1892 2990 1947 amuli
3014 1892 3077 1944 ”.
3105 1891 3271 1944 Adest
3302 1889 3562 1944 Dominus
3599 1886 3643 1941 si
3672 1886 3766 1939 ha-

2196 1992 2289 2045 bes
2315 1990 2518 2052 oeulos,
2546 1998 2598 2042 et
2625 1996 2915 2054 antequam
2951 1982 3137 2037 audias
3169 1982 3337 2035 vides.
3366 1978 3423 2033 Si
3454 1987 3630 2031 autem
3655 1989 3765 2031 non

2196 2082 2342 2134 vides
2370 2095 2399 2133 a
2440 2078 2742 2146 temetipso,
2797 2090 3015 2130 movere
3035 2088 3155 2127 cum
3186 2087 3251 2125 eo
3294 2070 3387 2140 qui
3423 2067 3678 2131 ostendit,
3710 2074 3765 2120 et

2195 2169 2420 2223 videbis.
2455 2166 2509 2221 Si
2543 2175 2722 2220 autem
2751 2174 2805 2221 et
2836 2179 2958 2217 eum
2989 2173 3265 2217 ostensum
3301 2159 3395 2213 tibi
3437 2157 3601 2212 fuerit
3646 2169 3755 2208 non

2194 2259 2366 2325 vides,
2432 2258 2727 2313 lamentare
2777 2255 3074 2309 caecitatem
3124 2262 3268 2306 tuam
3321 2250 3564 2304 debebis.
3609 2245 3759 2299 Sicut

2196 2350 2338 2403 enim
2366 2362 2472 2402 non
2499 2355 2673 2416 potest
2695 2344 2883 2401 oculus
2920 2346 3036 2397 sine
3068 2343 3270 2396 lumine
3299 2340 3498 2401 videre,
3533 2341 3603 2392 ita
3654 2350 3763 2389 non

2196 2451 2375 2511 potest
2406 2455 2504 2494 nec
2559 2453 2712 2492 mens
2740 2437 2857 2491 sine
2908 2437 3014 2491 Deo
3044 2436 3259 2488 vivere:
3296 2432 3523 2485 celerius
3566 2428 3767 2496 quippe

2198 2532 2498 2588 salvabitur
2530 2531 2697 2600 piscis
2727 2529 2844 2583 sine
2870 2542 3027 2596 aqua,
3059 2541 3217 2593 quam
3251 2524 3420 2575 anima
3450 2520 3564 2573 sine
3595 2517 3763 2571 Chri-

2198 2634 2299 2677 sto.
2319 2621 2457 2688 Quid
2487 2620 2659 2690 ergo?
2689 2618 2823 2672 Num
2853 2632 2955 2670 non
3007 2612 3446 2685 vivuntgentiles,
3477 2619 3529 2663 et
3558 2606 3761 2670 Judzri,

2198 2727 2249 2769 et
2276 2713 2552 2768 haeretici?
2581 2711 2855 2777 Permitte,
2882 2709 3078 2779 inquit,
3128 2716 3360 2760 mortuos
3392 2702 3598 2769 sepelire
3636 2715 3767 2751 suos

2198 2817 2429 2859 mortuos
2454 2808 2522 2857 ".
2558 2804 2713 2858 Venit
2747 2803 2885 2857 Deus
2909 2809 3202 2869 apportans
3241 2795 3567 2857 hominibus,
3628 2789 3767 2858 quod

2200 2898 2375 2953 nullus
2405 2898 2682 2951 hominum
2716 2894 2937 2948 adduxit
2965 2909 2977 2945 :
3010 2907 3113 2946 non
3154 2889 3295 2945 enim
3342 2895 3457 2941 erat
3490 2896 3764 2938 servorum

2200 3006 2393 3061 magna
2425 2994 2647 3051 donare,
2679 2988 2771 3042 sed
2804 3000 3080 3041 servorum
3130 2990 3250 3037 erat
3282 2979 3445 3050 Regis
3480 2977 3764 3031 adventum

2202 3083 2568 3137 annuntiare:
2601 3080 2802 3134 donare
2830 3086 3012 3132 autem
3051 3075 3218 3145 ipsius
3263 3082 3382 3127 erat
3411 3069 3607 3140 Regis;
3650 3066 3766 3122 ideo

2201 3181 2255 3225 et
2284 3184 2646 3240 praecursores
2674 3168 2924 3222 dicebant
2954 3184 2965 3219 :
2999 3165 3214 3221 Veniet.
3238 3162 3351 3233 Ipse
3378 3170 3554 3215 autem
3575 3156 3663 3227 qui
3692 3156 3767 3211 lo-

2200 3263 2464 3332 quebatur
2520 3260 2813 3314 adveniens
2873 3257 3135 3313 donavit:
3193 3269 3291 3325 per
3359 3251 3575 3320 Moysen
3621 3247 3765 3302 enim

2200 3354 2321 3407 data
2346 3364 2427 3408 est
2458 3356 2563 3416 lex,
2594 3350 2686 3405 sed
2730 3350 2863 3404 nihil
2907 3349 3107 3403 factum
3145 3358 3265 3412 est;
3301 3345 3475 3415 gratia
3505 3349 3679 3395 autem
3712 3346 3769 3393 et

2200 3447 2400 3501 veritas
2424 3460 2527 3499 non
2556 3445 2675 3498 data
2708 3452 2811 3507 est,
2836 3441 2926 3497 sed
2953 3441 3093 3494 facta
3119 3446 3220 3502 est,
3249 3444 3304 3491 et
3333 3434 3584 3490 correxit.
3614 3430 3769 3484 Sicut

2201 3539 2343 3593 enim
2378 3536 2569 3589 mulier
2600 3536 2685 3589 illa
2712 3550 2830 3602 qua:
2872 3532 3072 3586 fontem
3130 3527 3410 3598 sanguinis
3458 3531 3639 3579 contra
3666 3534 3765 3572 na-

2202 3641 2374 3683 turam
2396 3629 2650 3691 habebat,
2670 3626 2889 3696 fatigata
2915 3634 3000 3678 est
3033 3621 3268 3677 medelas
3291 3619 3570 3674 hominum
3604 3612 3764 3669 susti-

2202 3734 2367 3781 nens;
2402 3718 2604 3787 profuit
2633 3725 2816 3769 autem
2849 3715 2898 3769 ei
2928 3713 3082 3777 nihil,
3111 3710 3202 3765 sed
3250 3705 3621 3763 tantummodo
3642 3718 3767 3758 cou-

2201 3821 2515 3865 sumcbatur
2541 3820 2593 3861 et
2618 3821 2846 3877 corpore
2884 3814 2939 3860 et
2967 3800 3312 3857 facultatibus
3340 3818 3354 3852 ε
3385 3800 3456 3851 ita
3474 3794 3763 3852 secundum

2203 3902 2431 3956 formam
2473 3901 2629 3955 istam
2662 3900 2895 3954 humana
2924 3903 3115 3949 natura
3146 3890 3419 3959 accipiens
3448 3884 3710 3941 medelam
3736 3894 3765 3933 θ

2202 3993 2477 4064 prophetis
2503 4005 2556 4047 et
2574 3990 2942 4045 sacerdotibus
2967 3994 3020 4040 et
3060 4002 3088 4040 a
3120 3984 3233 4053 lege
3268 3983 3402 4051 ipsa,
3440 3995 3544 4033 non
3569 3987 3649 4030 est
3672 3989 3768 4029 ett-

2202 4098 2355 4151 rata;
2390 4086 2483 4139 sed
2535 4085 2581 4138 is
2603 4083 2694 4153 qui
2727 4082 2841 4136 sine
2870 4080 2984 4149 lege
3018 4087 3137 4133 erat
3163 4076 3539 4143 subingressus
3565 4078 3667 4132 est,
3709 4075 3771 4121 ut

2203 4177 2503 4231 abund-aret
2536 4183 2837 4244 peccatum.
2872 4169 3006 4236 Quia
3060 4168 3219 4238 igitur
3251 4179 3352 4218 non
3392 4172 3505 4217 erat
3533 4156 3769 4213 hominis

2203 4269 2472 4336 corrigere
2506 4264 2779 4319 hominum
2835 4260 3110 4329 passiones
3138 4266 3191 4312 et
3220 4256 3362 4315 vitia,
3393 4253 3528 4305 Deus
3553 4246 3768 4315 accepit

2205 4360 2415 4413 infirme
2444 4360 2541 4410 hoc
2578 4356 2748 4425 ipsum
2775 4353 2916 4422 quod
2941 4352 3051 4420 jam
3076 4357 3193 4403 erat
3212 4355 3530 4402 emortuum,
3558 4349 3614 4393 et
3640 4339 3771 4392 sub-

2134 4479 2180 4539 D
2207 4451 2451 4519 ingressa
2496 4457 2579 4502 est
2613 4447 2738 4510 vita,
2783 4454 2838 4498 ut
2880 4440 3162 4512 praesentia
3216 4436 3422 4493 virtutis
3458 4437 3774 4539 repercute-

1902 5740 1946 5771 ’δ
1974 5737 2162 5797 Matth.
2190 5754 2304 5806 vm,
2335 5736 2423 5792 Q2.

2209 4553 2357 4597 retur
2390 4542 2539 4595 virus
2574 4538 2866 4608 serpentis,
2912 4536 3042 4602 Quis
3073 4551 3176 4589 non
3206 4529 3441 4587 movebit
3470 4528 3535 4581 ad
3563 4523 3775 4579 deside-

2206 4635 2344 4687 rium
2378 4631 2615 4686 Christi?
2641 4629 2917 4698 Siquidem
2955 4628 3154 4682 Cbristi
3196 4624 3376 4678 Pater.
3402 4620 3477 4673 Illi
3512 4618 3653 4673 enim
3679 4616 3775 4668 de-

2206 4735 2289 4780 cet
2316 4724 2434 4777 talis
2459 4734 2510 4776 et
2540 4733 2687 4776 tanta
2712 4721 2928 4791 largitio
2960 4739 2973 4776 :
2999 4718 3166 4772 Nemo
3204 4716 3361 4777 enim,
3386 4712 3578 4781 inquit,
3607 4717 3775 4777 potest

2207 4818 2378 4872 venire
2405 4817 2472 4869 ad
2506 4831 2605 4879 me,
2632 4815 2732 4868 nisi
2776 4813 2935 4867 Pater
2960 4829 3100 4865 meus
3143 4807 3420 4862 attraxerit
3446 4818 3563 4855 eum
3592 4798 3774 4869 quiest

2208 4910 2263 4963 in
2293 4908 2433 4963 caelis
2463 4908 2530 4961 ".
2557 4906 2811 4976 Nonquia
2834 4905 2937 4959 vim
2971 4904 3099 4957 facit
3122 4904 3281 4966 Deus,
3317 4898 3411 4953 sed
3440 4896 3562 4965 quia
3591 4895 3778 4945 domat

2208 5001 2451 5056 homines
2488 4998 2759 5061 mortales,
2799 5011 2893 5065 pro
2940 4996 3135 5065 quibus
3182 5002 3410 5046 mortem
3454 4981 3777 5041 immortalis

2205 5095 2461 5164 gustavit.
2502 5092 2677 5147 Nolite
2708 5092 2757 5145 in
2792 5104 3013 5143 vacuum
3052 5087 3280 5158 gratiam
3314 5096 3532 5152 ponere,
3574 5093 3677 5132 non
3719 5075 3775 5129 in

2204 5201 2394 5241 somno
2418 5182 2766 5254 Evangelium
2798 5198 2811 5233 :
2848 5181 2941 5235 sed
2965 5178 3284 5249 evigilantes
3301 5178 3612 5241 computate
3642 5165 3773 5236 quid

2205 5276 2405 5329 factum
2439 5284 2541 5338 est,
2601 5274 2728 5343 quid
2764 5282 2949 5326 natum
3001 5279 3105 5333 est,
3139 5268 3270 5337 quid
3301 5266 3579 5318 donatum.
3634 5260 3773 5312 Deus

2204 5367 2398 5422 Filium
2434 5380 2588 5422 suum
2622 5365 2767 5418 misit
2795 5381 2808 5416 :
2851 5363 2940 5431 qui
2990 5377 3094 5415 non
3123 5357 3304 5413 obedit
3336 5354 3407 5419 ei,
3440 5352 3602 5407 habet
3634 5349 3775 5419 ju'di-

2206 5460 2370 5515 cium.
2392 5457 2553 5521 Misit,
2586 5457 2824 5525 inquam,
2849 5453 3040 5507 Filium
3057 5466 3211 5505 suum
3236 5448 3395 5511 Deus,
3417 5445 3677 5517 justitiam
3709 5441 3774 5493 ad

2208 5553 2436 5622 iniquos,
2465 5566 2585 5605 cum
2626 5551 2714 5619 qui
2763 5550 2879 5602 sine
2924 5555 3144 5616 peccato
3172 5544 3236 5598 ad
3275 5547 3613 5611 peccatores,
3637 5534 3774 5591 obe-

2503 5737 2546 5768 ”
2571 5733 2728 5791 Joan.
2761 5748 2834 5799 vi,
2872 5731 2954 5786 li.
