4050 6206
376 264 512 323 H73

1699 259 1765 318 IN
1805 261 2063 317 “ATTH.
2106 262 2170 329 X,
2211 264 2297 318 54.

3449 280 3586 337 1174

371 386 609 438 dientem
663 380 732 434 ad
789 387 1154 443 contumaces,
1210 379 1505 452 gloriosum
1559 378 1624 436 ad
1656 381 1934 452 ignobiles,
1963 385 2009 441 Α
2037 381 2179 436 enim
2219 380 2503 451 imaginem
2534 386 2710 453 videt;
2754 404 2849 458 per
2880 390 3193 459 imaginem,
3244 394 3585 465 principalem

369 489 494 528 enm
524 473 613 543 qui
644 472 709 526 ad
737 472 1011 527 dexteram
1038 471 1216 528 Patris
1254 475 1318 527 ad
1344 489 1438 530 eos
1468 473 1556 542 qni
1588 474 1638 528 in
1667 483 1807 529 terra
1842 475 1957 571 ja-‘

369 567 588 629 cebant,
624 564 813 620 Filium
843 563 910 618 ad
965 578 1173 629 servos,
1195 566 1430 634 judicem
1461 567 1923 621 condemnandum

371 672 468 723 pro
520 658 603 711 his
641 656 727 725 qui
768 665 923 709 erant
967 657 1331 713 condemnati.
1358 656 1489 723 Quis
1518 673 1624 713 non
1671 661 1924 714 accenda-

373 748 494 802 tur?
531 748 653 815 Quis
699 763 801 803 non
835 750 1084 813 stupeat?
1109 749 1238 817 Quis
1270 765 1373 804 non
1405 766 1436 806 e
1475 750 1685 806 flamma
1709 754 1805 807 ista
1840 754 1921 808 vi-

376 854 527 894 scera
553 841 807 894 accendat
851 841 985 894 sua?
1016 840 1074 897 Si
1102 858 1205 896 non
1236 858 1422 897 sumus
1455 843 1667 913 lapidei,
1719 855 1776 899 et
1799 856 1922 899 ante

373 944 640 985 sermones
679 946 786 984 non
831 943 1073 999 movent,
1102 933 1305 987 deflere
1350 949 1446 989 nos
1469 936 1740 1000 convenit,
1791 936 1919 1005 quia

372 1027 608 1086 putantes
654 1035 756 1073 nos
796 1021 997 1087 vivere,
1043 1025 1236 1077 mortui
1280 1039 1484 1080 sumus.
1524 1025 1724 1093 Quibus
1765 1026 1918 1083 Jesus

368 1124 465 1162 non
490 1108 663 1177 placet
694 1111 857 1177 Deus,
891 1113 984 1169 hos
1019 1126 1175 1183 putas
1196 1118 1322 1187 quid
1376 1118 1697 1173 delectabit?
1732 1119 1785 1173 Si
1818 1137 1914 1175 au-

364 1210 465 1254 tem
498 1203 841 1270 pulchritudo
874 1206 925 1259 in
960 1222 1122 1262 carne
1154 1222 1417 1275 emortua,
1450 1220 1505 1267 et
1554 1214 1758 1283 lapides
1800 1230 1915 1283 pre-

360 1293 506 1357 tiosi,
535 1303 588 1347 et
634 1296 931 1366 margaritae
959 1298 1200 1365 claritas,
1232 1313 1408 1358 movet
1451 1303 1781 1360 alacritatem
1821 1308 1916 1361 ho-

357 1384 549 1450 minis;
579 1399 699 1439 cum
734 1389 868 1443 Deus
896 1389 1063 1447 Filius
1102 1392 1261 1449 fuerit
1292 1396 1463 1461 visus,
1496 1411 1523 1449 a
1553 1412 1658 1465 quo
1690 1408 1744 1452 et
1774 1400 1911 1453 bona

358 1475 459 1528 ista
492 1487 615 1529 sunt
639 1475 801 1542 facta,
839 1486 1103 1549 quomodo
1123 1501 1228 1541 non
1256 1500 1379 1541 vere
1417 1489 1595 1543 veniet
1627 1491 1908 1557 passioilla

360 1563 414 1615 in
465 1564 701 1631 homine,
733 1568 799 1622 de
833 1585 938 1639 qua
985 1573 1185 1629 dictum
1220 1585 1339 1631 est:
1388 1577 1587 1648 Diliges
1635 1579 1910 1634 Dominum

359 1651 524 1706 Deum
571 1665 715 1710 tuum
764 1674 828 1713 ea:
867 1663 1005 1716 omni
1034 1667 1208 1720 anima
1236 1676 1345 1735 tua,
1378 1680 1426 1724 et
1466 1686 1531 1725 ex
1554 1673 1693 1726 omni
1724 1675 1909 1727 virtute

2032 472 2293 541 agnoscit.
2322 472 2493 529 Filius
2528 475 2691 545 igitur
2723 480 2786 531 ad
2822 495 2919 533 nos
2950 482 3113 546 venit,
3144 498 3247 536 non
3283 493 3458 538 tamen
3489 503 3585 542 nos

2032 563 2100 617 ad
2144 563 2354 633 ipsum;
2396 565 2475 619 vel
2511 583 2650 622 nunc
2692 580 2868 624 autem
2912 588 3008 625 nos
3040 574 3107 627 ad
3154 574 3325 645 ipsum
3366 575 3586 633 simus:

2032 653 2171 708 Deus
2198 666 2383 721 vocat;
2413 666 2465 711 et
2495 658 2578 713 his
2608 661 2696 728 qui
2730 676 2831 714 non
2867 663 3175 728 adveniunt,
3206 666 3398 721 sufficit
3427 684 3586 737 ptena

2029 745 2149 813 quia
2184 761 2286 799 non
2310 747 2581 804 obediunt.
2610 751 2776 806 Vocat
2804 754 2964 807 Deus.
2988 755 3066 808 Ad
3095 759 3245 824 quae?
3273 760 3350 811 Ad
3379 776 3439 813 ea
3466 776 3587 829 quae

2028 838 2215 890 decent
2252 839 2434 892 Deum.
2482 840 2547 894 Et
2584 854 2729 895 certe
2772 845 3042 899 Abraham
3074 850 3286 902 vocavit
3325 849 3482 914 Deus,
3530 863 3584 904 et

2028 930 2280 996 praecepit
2314 931 2640 1000 unigenitum
2690 934 2878 989 Filium
2925 954 3077 991 suum
3117 938 3313 995 offerre
3350 941 3473 997 sibi.
3515 941 3581 996 Et

2027 1022 2235 1073 videtur
2268 1023 2625 1090 perniciosum
2683 1028 2783 1082 hoc
2819 1045 2963 1094 esse,
3014 1032 3147 1086 forte
3180 1033 3312 1098 tibi,
3359 1052 3461 1089 non
3500 1045 3578 1090 ta—

2025 1122 2143 1160 men
2183 1108 2442 1177 Abrahae;
2479 1112 2745 1168 Abraham
2776 1117 2917 1170 enim
2968 1118 3173 1174 lucrum
3207 1122 3356 1176 duxit
3384 1148 3396 1179 ;
3429 1124 3579 1179 vide-

2023 1200 2217 1253 bantur
2277 1202 2419 1256 enim
2466 1202 2668 1273 jurgari
2723 1208 2926 1261 viscera
2974 1219 3028 1264 et
3081 1212 3422 1280 religiositas.
3468 1213 3572 1269 Sed

2019 1290 2195 1343 adhuc
2240 1293 2377 1358 apud
2412 1307 2507 1347 nos
2534 1294 2738 1363 jurgari
2776 1307 3031 1365 possunt;
3081 1301 3349 1356 Abraham
3395 1314 3571 1359 autem

2020 1393 2085 1431 ne
2115 1378 2330 1447 quidem
2366 1380 2627 1435 dubitatio
2677 1384 2803 1448 fuit,
2852 1401 2950 1441 nec
2995 1389 3279 1456 cogitatus,
3314 1408 3411 1448 nec
3444 1394 3573 1449 dila-

2020 1468 2092 1521 tio
2121 1488 2135 1523 :
2169 1470 2263 1524 sed
2316 1471 2597 1526 laetabatur
2643 1474 2954 1541 Abraham,
2999 1480 3123 1547 quia
3170 1483 3411 1538 victurus
3457 1494 3577 1540 erat

2018 1560 2157 1614 filius
2183 1562 2297 1629 ejus
2333 1563 2589 1619 oblatus:
2619 1581 2771 1620 amor
2808 1579 2889 1622 est
2931 1571 3071 1624 enim
3124 1573 3472 1642 religiositas,
3518 1577 3570 1631 in

2014 1666 2119 1721 qua
2163 1664 2217 1708 et
2250 1656 2487 1709 charitas
2519 1669 2885 1725 mensuratur,
2913 1670 2969 1717 et
3008 1661 3233 1719 affectus
3279 1665 3569 1735 impletur:

355 1754 468 1807 ma,
503 1756 554 1800 ει
573 1764 637 1802 η
664 1752 801 1804 omni
824 1756 1049 1821 pomum
1072 1768 1250 1816 um.“
1282 1734 1448 1816 manu
1470 1773 1516 1817 ει
1544 1778 1695 1817 mm,
1724 1767 1908 1820 “meo?
1941 1734 1982 1793 Β
2009 1744 2053 1798 si
2102 1746 2244 1800 enim
2296 1747 2537 1804 charitas
2587 1764 2691 1803 non
2730 1750 2892 1806 fuerit
2944 1754 3114 1809 otiosa
3135 1796 3150 1821 ,
3193 1758 3374 1810 omnia
3412 1769 3572 1812 erunt

354 1833 660 1904 Apparente
690 1841 830 1895 enim
884 1842 1106 1899 Domino
1156 1845 1303 1915 Jesu,
1360 1866 1465 1906 non
1517 1852 1904 1923 derelinquitur

354 1937 479 1991 pars
508 1926 683 1997 aliqua
710 1931 1009 1989 dilectionis
1034 1935 1146 2000 ulli,
1186 1940 1310 2007 quia
1351 1956 1455 1996 non
1495 1943 1750 1999 dividitur
1774 1947 1903 2001 cha-

354 2013 486 2069 ritas
512 2017 578 2075 ad
608 2018 769 2072 Deum
800 2031 853 2074 et
886 2023 951 2076 ad
1004 2026 1265 2093 homines,
1299 2039 1353 2085 et
1382 2033 1447 2086 ad
1478 2045 1722 2089 emortua
1785 2051 1902 2106 quae

350 2103 403 2156 in
438 2112 578 2159 terra
617 2120 740 2162 sunt
781 2129 793 2165 :
822 2113 913 2166 sed
943 2114 1081 2169 sicut
1111 2128 1393 2189 antequam
1431 2134 1689 2193 appareat
1713 2103 1817 2192 sol,
1847 2140 1901 2185 et

348 2193 587 2252 lucernis
630 2198 877 2267 fruimur,
918 2214 969 2260 et
1006 2209 1187 2263 stellas
1220 2214 1475 2282 patimur,
1507 2227 1558 2270 et
1595 2217 1717 2271 luna
1753 2219 1899 2276 dele-

345 2295 586 2356 ctamur;
618 2308 736 2347 cum
781 2307 959 2351 autem
997 2301 1075 2354 sol
1110 2301 1269 2357 fuerit
1309 2305 1477 2370 visus,
1513 2310 1756 2377 quaedam
1781 2313 1900 2381 qui-

348 2377 465 2431 dem
501 2395 603 2436 non
647 2396 854 2451 parent,
903 2391 1145 2456 quaedam
1188 2404 1364 2447 autem
1418 2406 1473 2450 et
1538 2377 1895 2470 occultantur,

344 2482 531 2525 omnes
558 2482 734 2526 autem
765 2489 1087 2534 convertunt
1118 2482 1284 2538 facies
1326 2501 1454 2540 suas
1483 2488 1549 2542 ad
1595 2490 1790 2560 solem;
1844 2505 1897 2549 et

344 2572 462 2615 cum
485 2564 650 2619 multa
668 2566 777 2620 sint
807 2570 965 2635 bona,
993 2574 1176 2627 omnia
1204 2576 1347 2630 enim
1387 2579 1525 2634 bona
1555 2582 1710 2639 valde
1734 2602 1746 2637 :
1774 2603 1893 2643 cum

342 2662 519 2706 autem
550 2661 855 2724 apparuerit
874 2662 921 2716 is
948 2677 1043 2732 per
1060 2680 1217 2735 quem
1243 2667 1341 2722 ista
1373 2669 1535 2736 bona,
1563 2676 1733 2743 bona;
1762 2680 1893 2734 nihil

342 2755 527 2798 eorum
563 2749 701 2816 quod
750 2751 947 2808 bonum
996 2765 1078 2811 est
1118 2758 1227 2828 jam
1261 2761 1527 2819 videbitur
1566 2766 1782 2824 bonum.
1836 2773 1891 2828 Si

342 2834 464 2901 quis
492 2837 626 2891 vidit
658 2839 881 2913 effigiem
927 2849 1095 2913 audit,
1130 2851 1175 2905 si
1215 2854 1336 2921 quis
1366 2870 1470 2928 non
1500 2858 1710 2916 videtur
1735 2871 1789 2917 et
1836 2874 1894 2919 ιιι

341 2926 541 2996 videat,
595 2942 648 2985 et
700 2938 999 2993 consentiat
1034 2940 1117 2996 his
1166 2958 1284 3012 quae
1336 2926 1626 3004 dicuntur:
1680 2967 1891 3009 amores

339 3015 481 3072 enim
516 3020 672 3075 clam
688 3025 1066 3092 pulchritudini
1099 3036 1455 3103 contendunt;
1476 3052 1729 3108 quantum
1748 3046 1887 3098 enim

341 3105 539 3163 bonum
562 3121 645 3166 est
672 3118 813 3182 quod
844 3118 1103 3190 diligitur,
1136 3132 1280 3179 tanta
1296 3137 1350 3181 et
1380 3105 1627 3186 men—sura
1657 3143 1738 3187 est
1762 3136 1889 3190 cha-

338 3196 535 3255 ritatis.
588 3201 643 3256 Si
695 3206 836 3262 enim
869 3211 1007 3265 oculi
1048 3212 1245 3271 fuerint
1297 3224 1347 3272 in
1383 3219 1522 3276 facie
1570 3224 1713 3287 boni.
1743 3235 1889 3282 tanta

339 3291 503 3346 motio
526 3294 1046 3369 eiIicitur,,quantum
1068 3315 1121 3360 et
1139 3308 1279 3362 oculi
1305 3308 1502 3365 fuerint
1524 3314 1652 3367 moti
1675 3331 1687 3365 :
1709 3317 1754 3370 ei
1777 3317 1887 3389 (8:!)

338 3394 511 3439 autem
546 3389 688 3443 aliud
730 3393 929 3462 aliquid
962 3397 1012 3450 in
1057 3401 1249 3467 oculis,
1292 3403 1592 3471 duplicatur
1618 3422 1767 3463 amor
1798 3429 1812 3465 :
1842 3412 1884 3465 si

337 3484 443 3528 tota
470 3476 651 3535 facies
668 3480 830 3538 fuerit
853 3484 1013 3552 bona,
1039 3490 1200 3546 totius
1217 3491 1393 3549 vultus
1414 3495 1650 3552 charitas
1668 3515 1885 3555 mensu-

338 3576 483 3619 ratnr
515 3587 528 3621 :
565 3571 807 3628 siautem
833 3585 888 3630 et
909 3577 1012 3631 alia
1033 3582 1271 3637 membra
1308 3582 1509 3640 fuerint
1537 3588 1694 3650 bona.
1733 3593 1885 3647 addi—

338 3662 387 3704 ta
406 3656 815 3728 pulchritudine,
847 3666 1043 3721 crescit
1064 3679 1118 3723 et
1147 3670 1487 3728 desiderium.
1513 3674 1671 3733 Jesus
1707 3691 1883 3737 autent

337 3752 479 3799 totus
528 3759 610 3801 est
636 3752 828 3816 bonus,
874 3765 927 3808 et
974 3772 1101 3811 vere
1132 3759 1321 3826 bonus,
1360 3763 1483 3817 boni
1523 3768 1664 3821 enim
1709 3768 1885 3826 Patris

331 3836 612 3902 progenies
641 3850 723 3893 e5t
757 3841 930 3907 bona;
988 3845 1139 3911 cuius
1184 3848 1635 3916 pulchritudinem
1685 3857 1883 3914 clamat.

330 3924 524 3977 etelum
562 3942 656 3995 per
680 3944 830 3984 suam
852 3933 1267 4001 speciositatem.
1316 3936 1478 3996 Istum
1519 3945 1787 4001 collaudat
1832 3964 1883 4005 et

331 4011 459 4065 solis
482 4015 749 4084 splendor,
778 4020 935 4075 istum
991 4024 1242 4092 prmdicat
1285 4027 1409 4083 luna
1439 4042 1494 4085 et
1518 4034 1800 4104 incipiens,
1828 4051 1881 4093 et

328 4105 503 4174 plena,
533 4118 585 4163 et
607 4110 879 4167 deﬁciens.
901 4114 1185 4171 Stellarum
1215 4131 1391 4176 autem
1418 4124 1566 4180 chori
1596 4129 1753 4183 istum
1786 4147 1875 4187 co-

328 4208 540 4266 ronant,
597 4202 689 4256 sed
724 4220 828 4258 non
871 4221 1033 4275 opera
1090 4210 1141 4261 in
1171 4209 1351 4276 istum,
1388 4223 1481 4270 aut
1510 4219 1577 4271 ab
1623 4221 1878 4288 operibus

325 4288 487 4357 gloria
510 4292 644 4361 ejus,
672 4294 763 4348 sed
801 4309 864 4350 ex
909 4297 991 4351 sui
1032 4307 1239 4356 natura.
1272 4302 1419 4360 Mare
1442 4307 1601 4363 istum
1628 4310 1877 4369 fluctibus

323 4382 558 4449 praefert,
585 4394 724 4440 terra
743 4401 862 4441 eum
888 4387 1148 4447 fructibus
1163 4406 1387 4451 coronat
1419 4408 1472 4453 et
1493 4399 1733 4468 floribus,
1756 4407 1878 4460 cho-
1909 4429 1952 4483 ι)

323 4488 409 4529 ros
431 4486 608 4532 autem
626 4480 673 4533 ei
701 4488 753 4533 et
770 4482 1018 4537 animalia
1036 4484 1159 4540 dum
1184 4491 1470 4558 exsultant,
1500 4493 1722 4551 faciunt.
1743 4497 1873 4554 Cum

320 4576 496 4622 autem
548 4572 701 4627 audis
749 4575 872 4643 quia
906 4576 1237 4646 glorificatur
1274 4582 1443 4640 Filius
1497 4588 1564 4642 ab
1604 4590 1873 4656 omnibus,

319 4660 427 4715 noli
450 4663 687 4718 oblivisci
708 4663 881 4727 Patris
895 4682 1051 4736 quem
1076 4671 1341 4739 glorificat
1366 4675 1556 4733 Filius.
1579 4679 1683 4735 Sed
1709 4683 1773 4737 de
1793 4684 1871 4737 in-

314 4754 604 4808 enarrabili
628 4764 683 4811 et
704 4772 808 4813 non
839 4770 963 4813 nata
995 4772 1183 4818 natura
1206 4765 1382 4822 Patris
1419 4769 1469 4823 in
1499 4776 1754 4829 memoria
1784 4792 1874 4831 ve-

315 4845 432 4897 nire
450 4845 608 4900 timor
639 4857 742 4902 est.
773 4848 906 4915 Quia
929 4866 1058 4922 ergo
1086 4854 1171 4909 ille
1204 4856 1523 4914 timorabilis
1545 4871 1627 4916 est
1656 4876 1873 4934 propter

314 4935 608 4992 bonitatem
627 4948 681 4994 et
705 4943 1195 5009 supereminentem
1232 4948 1636 5018 benignitatem,
1666 4964 1718 5008 et
1747 4958 1869 5025 quia

316 5039 416 5080 nos
435 5045 537 5084 non
563 5046 845 5101 possumus
859 5036 925 5090 ad
940 5037 1085 5091 illum
1110 5053 1206 5094 nec
1222 5050 1397 5097 mente
1423 5044 1719 5112 respicere;
1739 5046 1872 5101 ima-

315 5116 489 5187 ginem
515 5120 630 5189 ejus
650 5124 1051 5182 considerantes
1085 5129 1344 5186 miramur
1382 5132 1702 5190 indicibilem
1722 5137 1867 5194 illam

315 5210 562 5265 virtutem
593 5214 1010 5274 Patris:etideo
1050 5235 1170 5275 eum
1194 5225 1282 5292 qui
1322 5226 1386 5277 ad
1426 5240 1524 5279 nos
1554 5228 1697 5281 venit
1740 5244 1869 5284 con-

313 5302 644 5370 sideremus,
684 5319 738 5362 et
784 5310 1096 5367 habebimus
1144 5316 1394 5371 fructum.
1443 5316 1583 5372 Dicit
1630 5322 1772 5375 enim
1812 5332 1867 5377 et

313 5395 425 5462 ipse
468 5394 569 5449 :Si
606 5400 719 5465 quis
771 5419 848 5457 me
902 5405 1061 5471 videt,
1112 5407 1243 5461 videt
1286 5420 1331 5461 et
1380 5408 1588 5464 Patrem
1626 5412 1669 5443 ’⁷
1707 5431 1721 5469 :
1771 5415 1861 5483 qui

380 5505 425 5537 °‘
454 5507 604 5564 Deut.
626 5526 699 5575 vt,
730 5512 781 5565 5.
857 5516 899 5545 ’7
940 5514 1091 5572 Joan.
1125 5536 1229 5587 xw,
1257 5522 1306 5575 9.

379 5669 494 5735 (82)
525 5668 609 5727 Ei.
642 5674 819 5739 Forte,
855 5680 918 5731 si.

2007 1836 2220 1893 etiamsi
2254 1840 2598 1896 coafiectatus
2630 1841 2829 1911 fueris;
2880 1857 3099 1915 pr0pter
3146 1848 3389 1904 timorem
3422 1853 3567 1907 enim

2007 1928 2051 1982 si
2098 1930 2387 1997 obedieris,
2422 1935 2694 2003 perfectus
2739 1953 2840 1992 non
2887 1939 3028 2001 eris;
3079 1951 3295 2011 propter
3342 1946 3568 1999 commi-

2007 2021 2277 2077 nationem
2329 2037 2507 2080 autem
2555 2030 2836 2097 gehennae,
2869 2033 2991 2086 mali
3024 2036 3163 2088 servi
3212 2035 3406 2088 malum
3437 2052 3565 2105 pro-

2006 2113 2236 2179 positum
2287 2114 2511 2173 habebis
2553 2136 2566 2172 :
2620 2131 2838 2190 propter
2881 2132 3057 2177 autent
3102 2141 3259 2196 regna
3306 2128 3564 2189 caelorum

2005 2208 2254 2266 voluntas
2300 2222 2386 2268 est
2436 2219 2776 2273 mercenarii.
2832 2221 2962 2287 Quae
3012 2236 3191 2279 autem
3235 2227 3430 2299 decora
3483 2239 3566 2284 est

2004 2300 2131 2356 via?
2163 2312 2379 2372 stupere
2434 2307 2668 2375 bonum,
2720 2312 2906 2366 mirari
2966 2314 3323 2385 immensum,
3381 2336 3565 2378 amare

2008 2394 2191 2449 Deum.
2227 2395 2281 2450 Si
2323 2399 2465 2451 enim
2509 2402 2637 2465 scis,
2667 2418 2768 2456 non
2804 2418 2953 2474 potes
2989 2425 3092 2463 non
3122 2410 3371 2479 diligere;
3405 2414 3449 2467 si
3479 2415 3562 2469 vi-

2003 2486 2162 2553 disti,
2206 2503 2310 2541 non
2361 2501 2510 2557 potes
2555 2509 2658 2546 non
2719 2496 3048 2556 coafl‘ectari.
3112 2502 3256 2556 Nihil
3305 2506 3447 2559 enim
3493 2522 3561 2562 ex

2000 2579 2248 2633 onmibns
2290 2596 2407 2649 quae
2452 2593 2605 2648 sunt,
2665 2601 2838 2654 neque
2888 2591 3065 2646 omnia
3115 2594 3304 2661 simul,
3350 2605 3557 2651 tantum

2002 2668 2250 2732 illiciunt,
2280 2683 2541 2741 quantum
2574 2676 2804 2732 delectat
2835 2696 2972 2737 unus
3005 2686 3244 2740 omnium
3277 2688 3555 2745 Dominus.

1999 2760 2073 2815 lta
2114 2762 2267 2817 illicit
2305 2775 2359 2819 et
2404 2766 2560 2821 Pater
2599 2769 2641 2822 si
2681 2768 2845 2825 fuerit
2873 2774 3057 2831 visus:
3093 2785 3297 2832 tantum
3330 2782 3471 2835 enim
3508 2785 3555 2839 si

1999 2856 2339 2923 apparuerit,
2392 2858 2524 2911 nihil
2572 2858 2683 2927 jam
2735 2865 2856 2933 quis
2923 2868 3227 2924 sustinebit.
3280 2872 3556 2928 Videbitur

1999 2952 2175 2999 autem
2205 2947 2271 3001 ab
2300 2948 2381 3003 his
2412 2949 2500 3019 qui
2542 2954 2736 3009 mundo
2771 2967 2893 3011 sunt
2922 2959 3111 3023 corde;
3147 2962 3191 3015 si
3222 2962 3363 3017 enim
3394 2980 3550 3019 mun-

1997 3030 2122 3086 dum
2168 3032 2330 3089 fuerit
2369 3052 2482 3105 cor,
2524 3038 2738 3112 effulget
2770 3044 2892 3100 inde
2940 3048 3156 3115 lumen,
3200 3061 3253 3106 et
3287 3053 3552 3110 videbitur

1994 3124 2133 3192 quod
2164 3125 2400 3197 effulget,
2428 3140 2483 3184 et
2514 3133 2695 3187 statim
2730 3148 3017 3207 martyres,
3049 3142 3405 3213 confessores,
3435 3162 3552 3201 san-

1993 3216 2342 3287 CIitnonium,
2394 3222 2707 3291 virginitas.
2762 3237 2951 3283 natura
3005 3243 3255 3298 mortua,
3303 3239 3542 3294 membra

1990 3305 2245 3361 crucifixa
2290 3325 2304 3362 :
2340 3311 2660 3367 desiderium
2724 3317 2865 3371 enim
2906 3319 3075 3375 fervet
3134 3325 3185 3377 in
3235 3328 3456 3395 animis,
3497 3340 3553 3387 et

1990 3400 2333 3469 conjungitur
2383 3402 2449 3455 ad
2497 3405 2857 3461 desideratum
2908 3429 2922 3465 :
2966 3428 3086 3467 cum
3142 3418 3284 3472 enim
3343 3422 3550 3477 adunav

1991 3491 2128 3544 verit
2180 3494 2305 3561 quis
2356 3494 2617 3551 bonorum
2669 3510 2995 3570 conventus,
3043 3508 3163 3559 ρεηΙὶ
3218 3515 3542 3578 magnitudi-

1991 3596 2135 3646 nem,
2176 3596 2228 3637 ct
2257 3600 2317 3639 ea
2349 3602 2467 3655 qua:
2498 3587 2549 3642 in
2585 3589 2702 3658 ipso
2741 3602 2866 3645 sunt
2898 3604 2976 3649 est
3018 3597 3377 3667 pulchritudo,
3418 3607 3545 3660 solis

1988 3674 2292 3742 praedictam
2325 3678 2647 3745 claritatem,
2673 3690 2726 3736 et
2756 3683 2979 3739 aliorum
3010 3689 3247 3743 omnium
3282 3707 3401 3761 quae
3433 3696 3542 3752 illic

1986 3778 2111 3820 sunt
2144 3767 2317 3834 bona;
2353 3785 2450 3825 nec
2488 3788 2591 3826 non
2621 3784 2673 3828 et
2708 3790 2768 3828 ea
2800 3792 2919 3845 qua:
2949 3778 3000 3832 in
3039 3789 3179 3835 terra
3215 3787 3538 3856 germinant,

1985 3856 2196 3925 florent,
2238 3864 2631 3931 expanduntnr,
2665 3870 2977 3936 procedunt,
3024 3887 3354 3946 nascuntur;
3398 3890 3450 3935 et
3476 3896 3539 3936 ea

1984 3964 2101 4018 quin
2140 3954 2191 4005 in
2234 3968 2355 4008 aere
2393 3956 2590 4020 volant,
2634 3970 2687 4013 et
2722 3961 2771 4014 in
2806 3964 2959 4031 aquis
3002 3975 3222 4023 natant:
3256 3985 3375 4024 cum
3425 3974 3539 4030 haec

1983 4042 2156 4095 omnia
2190 4044 2503 4099 atlunnverit
2531 4058 2586 4101 ut
2628 4065 2955 4119 componens
2996 4056 3046 4110 in
3084 4074 3276 4125 unum,
3322 4078 3387 4117 ne
3419 4069 3538 4135 qui-

1982 4131 2102 4186 dem
2150 4146 2296 4203 gutta
2351 4145 2409 4189 ut
2460 4139 2524 4192 ad
2567 4140 2705 4193 illam
2755 4144 3202 4212 pulchritudinem
3248 4131 3450 4221 erunt,
3480 4169 3539 4212 ut

1981 4222 2299 4279 desiderium
2330 4237 2547 4298 stupore
2581 4234 2749 4301 magis
2778 4235 2866 4303 sit,
2907 4249 2961 4291 et
2991 4240 3249 4311 charitas,
3280 4255 3335 4299 et
3369 4248 3534 4303 admi—

1979 4316 2137 4379 ratio,
2183 4327 2240 4370 ut
2292 4318 2409 4374 talis
2448 4319 2559 4390 jam
2608 4323 2767 4380 homo
2813 4328 3081 4387 desideret
3113 4351 3306 4390 novam
3345 4354 3536 4408 quam-

1980 4404 2100 4458 dam
2148 4409 2584 4466 constitutionem
2627 4415 2707 4469 sui
2742 4415 3062 4475 invisibilem
3099 4422 3211 4479 fieri
3251 4443 3266 4480 :
3310 4404 3531 4486 affectus

1980 4494 2122 4547 enim
2163 4497 2229 4550 ad
2282 4498 2605 4557 invisibilem
2643 4505 2927 4562 invisibilis
2966 4510 3213 4581 habetur,
3254 4526 3308 4571 et
3341 4520 3532 4575 solitu-

1980 4586 2155 4641 dinem
2200 4592 2411 4658 quaerit.
2449 4594 2548 4661 Qui
2591 4606 2767 4652 autem
2798 4600 2865 4655 ad
2898 4602 3054 4657 istam
3097 4609 3529 4667 constitutionem

1978 4682 2294 4747 occurrerit,
2326 4686 2496 4740 nescit
2525 4689 2646 4758 quia
2690 4700 2743 4744 et
2780 4693 2973 4748 cmlum
2999 4705 3050 4751 et
3088 4708 3278 4754 terrarr.
3305 4718 3410 4757 non
3454 4705 3530 4759 vi-

1978 4770 2097 4833 det,
2138 4788 2238 4829 nec
2271 4777 2420 4831 novit
2459 4778 2509 4833 in
2539 4795 2644 4849 quo
2671 4783 2720 4837 in
2766 4794 2906 4841 terra
2936 4800 3013 4843 est
3054 4793 3209 4848 loco:
3242 4798 3405 4852 maris
3435 4813 3529 4853 au-

1980 4870 2084 4915 tem
2129 4879 2196 4918 ne
2235 4869 2444 4934 quidem
2488 4888 2693 4929 memor
2740 4889 2857 4944 est,
2904 4891 2956 4935 et
2994 4882 3208 4940 flutnina
3254 4890 3526 4959 despicit:

1979 4954 2141 5010 solem
2176 4973 2279 5013 non
2315 4962 2491 5031 videt,
2534 4967 2713 5020 lunam
2748 4985 2850 5024 non
2883 4977 3204 5041 considerat,
3250 4983 3523 5038 stellarum

1975 5061 2181 5103 memor
2217 5066 2321 5106 non
2362 5064 2476 5123 est;
2510 5060 2733 5128 despicit
2766 5076 2943 5119 autem
2970 5079 3024 5121 et
3058 5073 3366 5139 angelorum
3396 5078 3523 5132 cho-

1971 5154 2098 5195 ros:
2134 5158 2269 5199 unus
2310 5147 2451 5201 enim
2488 5149 2575 5205 ille
2618 5168 2723 5205 non
2772 5159 3028 5223 permittit
3061 5162 3225 5218 dividi
3266 5166 3521 5224 visionem

1969 5234 2033 5287 ad
2068 5234 2252 5293 multa.
2292 5237 2392 5305 Qui
2438 5241 2578 5294 enim
2612 5242 2663 5296 in
2715 5246 2805 5299 tali
2854 5252 3234 5311 conStitutione
3272 5258 3518 5325 habetur,

1966 5324 2136 5380 noscit
2165 5328 2285 5397 quia
2309 5339 2363 5384 et
2384 5344 2597 5386 carnem
2630 5333 2809 5405 habet,
2836 5348 2889 5394 et
2920 5345 3059 5410 quod
3094 5356 3175 5401 est
3207 5324 3515 5417 maximum,

1964 5432 2062 5472 nec
2094 5420 2283 5476 animae
2311 5438 2420 5478 suae
2459 5439 2663 5481 memor
2694 5439 2776 5484 est
2818 5449 2830 5485 :
2868 5440 3011 5489 totus
3053 5437 3192 5493 enim
3230 5454 3517 5503 evacuatus
3567 5461 3573 5469 '
