4050 6206
542 295 672 353 “75

1202 287 1469 345 EUSEBll
1508 280 1989 341 CIESARIENSIS
2029 280 2177 336 ΟΡΡ.
2218 277 2398 333 PARS
2436 276 2523 333 IV.
2563 306 2631 317 —-
2668 271 3085 332 DOGMATICA.

3620 272 3760 326 1176

530 419 582 473 in
623 417 767 470 illum
820 423 903 468 est
949 426 1106 481 quem
1144 410 1444 472 desiderat,
1486 416 1539 462 et
1572 405 1823 461 universa
1868 404 1914 458 ei
1956 410 2082 457 sunt
2111 406 2157 463 Α
2186 408 2289 453 tur.
2324 400 2460 453 Vere
2494 400 2650 453 beata
2687 405 2740 449 et
2775 395 2953 455 Petra,
2986 393 3039 446 in
3077 406 3181 461 qua
3225 406 3417 445 sumus
3457 400 3511 445 et
3553 392 3754 459 posin:

527 518 796 570 emortua,
826 515 879 560 et
918 505 992 559 illi
1022 503 1153 556 vivit
1187 500 1305 556 soli.
1340 499 1406 555 Et
1436 496 1538 554 hoc
1567 507 1652 552 est
1698 496 1827 551 illud
1876 495 2085 564 insigne

524 600 665 671 quod
699 602 773 653 ait
820 596 1103 669 Apostolus
1141 614 1154 649 :
1212 593 1332 646 Viro
1375 609 1505 663 ego,
1546 591 1662 660 jam
1707 606 1810 643 non
1855 604 1969 657 ego,
1997 589 2084 641 sed

524 694 644 747 vivit
684 693 738 745 in
774 708 852 743 me
900 689 1139 743 Christus
1161 687 1224 739 ’⁸.
1258 683 1537 739 Desiderio
1566 682 1709 736 enim
1753 690 1893 736 totus
1924 681 2076 735 devo-

524 795 671 839 ratus
713 792 769 838 et
809 798 837 835 a
873 782 1160 849 semetipso
1193 778 1506 840 discedens,
1552 775 1694 829 illius
1728 782 1906 828 autem
1954 772 2085 827 ξιπο-

524 887 669 941 «τιυε;
713 875 849 928 bona
883 873 1096 942 quidem
1137 881 1312 925 morte
1348 878 1431 923 est
1466 876 1729 932 mortuus,
1761 866 1956 920 bonam
1989 880 2086 919 au-

523 977 628 1021 tem
658 970 820 1019 vitam
855 964 1201 1019 commutavit
1230 972 1287 1014 ιιι
1311 963 1455 1016 dicat
1487 976 1499 1014 :
1542 958 1665 1015 Vivo
1689 960 1803 1028 jam
1837 974 1939 1013 non
1967 976 2079 1030 ego.

523 1058 579 1113 Si
605 1059 726 1129 quis
753 1057 1020 1112 unanimis
1046 1067 1095 1108 et
1131 1055 1297 1119 ipsius
1334 1054 1527 1122 lingum
1554 1067 1637 1108 εει
1675 1052 1864 1117 Paulo,
1905 1054 2084 1108 audiet

520 1144 741 1199 Paulum
776 1145 1041 1198 dicentem
1072 1160 1085 1195 :
1126 1140 1272 1204 Vivo,
1292 1142 1407 1210 jam
1435 1158 1536 1194 non
1566 1158 1675 1211 ego.
1699 1141 1804 1197 Sed
1834 1158 1953 1212 quae
1990 1150 2080 1196 tua

519 1251 602 1293 est
634 1239 761 1302 vita,
790 1253 820 1289 o
849 1236 1055 1290 Paule?
1085 1235 1189 1289 Sed
1224 1235 1362 1297 vivit,
1398 1234 1587 1302 inquit,
1624 1235 1675 1288 in
1706 1251 1785 1287 me
1817 1234 2076 1288 Christus.

520 1330 574 1385 In
601 1346 704 1401 quo
730 1331 861 1383 vivit
889 1327 1160 1391 Christus,
1189 1328 1460 1381 Christum
1499 1327 1716 1381 indutus
1745 1336 1825 1382 est
1851 1345 1864 1381 :
1896 1327 2079 1381 istius-

520 1423 657 1476 modi
703 1422 863 1475 homo
892 1422 980 1491 qui
1014 1421 1231 1474 Christo
1266 1419 1487 1473 indutus
1519 1429 1622 1483 est,
1667 1435 1769 1473 non
1809 1419 2076 1483 tunicam,

516 1515 608 1567 sed
653 1513 788 1567 sicut
821 1514 1020 1567 ferrum
1050 1513 1171 1580 igne
1215 1523 1355 1567 totus
1404 1529 1499 1581 per
1543 1522 1711 1565 totum
1761 1512 2076 1577 incanduit,

519 1613 660 1657 totus
699 1618 794 1673 per
830 1615 996 1657 totum
1040 1602 1375 1656 illuminatus
1408 1612 1511 1667 est,
1544 1601 1719 1656 nullas
1760 1602 1807 1657 ei
1844 1600 1955 1669 jam
1987 1616 2075 1656 re-

517 1696 673 1750 lictus
712 1706 794 1749 est
845 1710 949 1749 non
991 1706 1199 1759 motus,
1251 1711 1355 1748 non
1404 1694 1635 1749 affectio.
1685 1693 1791 1747 Sed
1840 1708 1937 1747 nos
1985 1693 2072 1761 qui

514 1788 708 1843 Christi
748 1802 963 1844 sensum
1015 1787 1296 1852 habemus,
1345 1801 1448 1839 non
1483 1785 1685 1855 pigebit
1731 1799 1829 1838 nos
1872 1784 2071 1845 dicere,
2106 1765 2146 1822 Β

514 1882 635 1950 quia
670 1880 789 1933 talis
819 1880 977 1934 homo
1010 1878 1256 1932 Christus
1284 1886 1366 1931 est
1399 1879 1590 1931 factus.
1616 1875 2070 1942 Quemadmodum

514 1984 712 2036 autem,
742 1970 882 2025 sicut
911 1970 1111 2024 dictum
1152 1980 1253 2031 est,
1288 1968 1547 2021 miscetur
1591 1965 1814 2020 allectus
1859 1965 2073 2020 deside-

514 2065 681 2128 ranti,
727 2072 780 2116 et
830 2061 1016 2116 oculus
1066 2061 1248 2113 lumen
1300 2059 1601 2125 suscipiens
1644 2058 1871 2111 eﬁicitur
1917 2057 2072 2108 lumi-

514 2169 678 2209 nosus
708 2176 718 2207 :
750 2163 804 2207 et
837 2152 1068 2215 ferrum;
1117 2151 1313 2217 saepius
1362 2150 1504 2203 enim
1542 2157 1859 2217 repetuntur
1900 2150 2067 2211 bona;

511 2254 634 2298 ante
682 2244 859 2312 ignem
908 2242 1123 2310 quidem
1169 2240 1367 2294 ferrum
1417 2248 1563 2303 erat,
1610 2240 1661 2293 in
1718 2240 1839 2309 igne
1892 2250 2068 2292 autem

512 2336 647 2402 ignis
678 2335 847 2405 magis
874 2349 1032 2402 quam
1065 2332 1264 2385 ferrum
1296 2340 1378 2385 est
1409 2330 1603 2385 factus.
1628 2331 1822 2384 Audite
1863 2332 2069 2384 deside-

510 2429 742 2484 rantium
779 2426 936 2480 verba
971 2440 1036 2478 ne
1067 2422 1206 2476 forte
1245 2432 1298 2476 et
1329 2438 1421 2476 vos
1456 2422 1777 2476 moveamiui
1819 2423 1883 2475 ad
1925 2421 2068 2475 desi-

509 2522 740 2576 derium.
772 2519 909 2572 Dicit
941 2518 1041 2572 iste
1088 2516 1270 2570 ebrius
1316 2530 1419 2568 non
1460 2514 1604 2578 vino,
1634 2514 1726 2568 sed
1763 2529 1921 2582 quem
1956 2514 2069 2566 iue-

512 2612 706 2665 hriavit
746 2610 990 2665 Christus
1031 2608 1337 2663 desiderio:
1370 2604 1504 2661 Mihi
1548 2619 1721 2659 autem
1773 2607 1908 2660 absit
1953 2606 2067 2675 glo-

507 2705 634 2759 riari
666 2704 765 2757 nisi
797 2703 852 2755 iu
892 2718 1042 2755 cruce
1080 2700 1273 2754 Christi
1295 2700 1339 2731 ⁹⁹
1369 2718 1381 2753 :
1421 2700 1471 2753 in
1506 2700 1700 2769 quibus
1734 2698 1805 2752 illi
1839 2698 2066 2752 confun-

506 2797 723 2859 duntur,
765 2796 853 2848 alii
887 2795 1225 2863 gloriantur:
1261 2794 1349 2861 qui
1385 2792 1527 2846 enim
1567 2793 1748 2846 ebrius
1775 2800 1854 2845 est
1896 2791 2068 2845 nescit

506 2884 747 2947 irrideri,
782 2886 873 2939 sed
923 2885 1110 2941 irridet
1146 2885 1463 2948 irridentes,
1510 2895 1596 2939 est
1637 2885 1778 2938 enim
1836 2894 1975 2939 totus
2014 2883 2063 2937 itt

505 2980 649 3033 vino.
692 2984 748 3033 Si
781 2994 909 3048 ergo
956 2979 1044 3048 qui
1090 2978 1141 3030 iu
1172 2979 1299 3030 vino
1328 2988 1410 3032 est
1444 2994 1547 3030 non
1587 2976 1873 3041 irridetur;
1907 2986 2064 3046 putas

505 3073 594 3139 qui
626 3073 676 3125 in
713 3072 928 3125 Christo
966 3078 1046 3122 est
1075 3069 1173 3121 scit
1198 3069 1324 3136 quid
1356 3078 1435 3122 est
1476 3068 1757 3121 confusio?
1790 3084 1892 3121 non
1920 3068 2060 3120 enim
2090 3106 2131 3161 Ο

506 3162 579 3216 ita
616 3163 783 3230 tangit
809 3162 989 3213 vinum
1029 3159 1318 3222 hominem,
1348 3169 1609 3227 quantum
1644 3159 1813 3226 tangit
1847 3158 2057 3211 virtus:

503 3266 677 3321 neque
717 3254 786 3305 ita
826 3253 991 3321 tangit
1042 3251 1179 3320 ignis
1233 3263 1293 3303 ea
1341 3265 1457 3319 quae
1499 3250 1549 3303 in
1602 3252 1773 3319 ipsum
1819 3265 2065 3305 Incurre-

504 3343 642 3409 rint,
682 3355 937 3412 quantum
984 3343 1250 3396 illuminat
1284 3340 1450 3396 Filius
1487 3357 1579 3397 eos
1632 3344 1720 3411 qtti
1765 3358 1823 3396 se
1870 3342 2068 3396 fuerint

506 3432 695 3487 induti.
725 3434 855 3500 Quis
896 3446 1049 3502 putas
1081 3434 1243 3488 habet
1287 3433 1559 3487 Christum
1592 3435 1681 3503 qui
1720 3435 2062 3502 praedicatur,

509 3533 566 3576 ut
596 3536 779 3578 noscat
819 3541 878 3579 ea
926 3540 1044 3593 qua:
1079 3525 1362 3586 dicuntur?
1389 3542 1509 3579 cum
1555 3527 1699 3581 enim
1751 3545 1855 3581 non
1906 3529 2067 3584 fuerit

509 3616 833 3669 conscientia
866 3616 1007 3671 intus
1040 3632 1157 3685 qua:
1186 3617 1426 3671 sermoni
1466 3626 1715 3678 testetur.
1746 3621 1917 3672 otiosa
1949 3621 2066 3689 ejus

506 3708 594 3775 qui
639 3708 878 3777 loquitur
925 3709 1087 3763 verba
1142 3710 1499 3774 habebuntur,
1545 3722 1602 3765 et
1643 3711 1925 3777 eflicietur,
1974 3715 2063 3781 qui

506 3799 758 3868 loquitur,
790 3800 1047 3854 barbarus
1078 3801 1143 3856 iis
1174 3804 1264 3870 qui
1310 3817 1413 3855 non
1447 3802 1689 3857 audiunt.
1721 3803 1851 3856 Cum
1884 3815 2063 3857 autem

508 3890 836 3959 praeveniens
874 3890 1050 3944 anima
1086 3891 1443 3945 recondiderit
1475 3893 1599 3956 sibi,
1635 3904 1699 3961 et.
1722 3893 1867 3947 ﬁnita
1906 3895 2067 3950 fuerit

508 3983 802 4048 desiderio;
840 3982 981 4037 forte
1007 3994 1061 4038 ct
1102 3984 1352 4038 irascitur
1388 3984 1454 4038 ad
1490 3985 1777 4049 dicentem,
1805 3988 1929 4055 quia
1960 4003 2063 4043 non

510 4082 656 4128 tanta
685 4074 1070 4144 interpretatur
1103 4085 1299 4144 quanta
1334 4076 1503 4144 ipsam
1537 4087 1771 4132 movent.
1802 4078 1905 4133 Sed
1939 4096 2066 4134 con-

514 4165 694 4218 cedite
740 4165 1046 4233 quicunque
1092 4164 1163 4217 ita
1224 4166 1616 4235 pr0posuistis;
1680 4166 2066 4237 ininterpreta—

506 4257 627 4310 bilis
670 4255 811 4310 enim
860 4267 945 4310 est
974 4258 1063 4326 qui
1107 4257 1464 4313 desideratur.
1512 4259 1623 4330 Ego
1677 4272 1810 4313 sane
1855 4260 2065 4315 beatam

507 4350 625 4403 dico
654 4348 835 4413 illam,
880 4366 996 4419 qua;
1031 4350 1188 4418 digna
1230 4348 1467 4416 iudicata
1519 4360 1603 4404 est
1638 4350 1802 4403 Deum
1852 4360 2067 4419 portare

2190 491 2330 547 beati
2367 499 2421 545 et
2454 490 2619 544 maris
2656 488 2847 542 fluctus
2883 485 2970 555 qui
3009 485 3231 554 vestigia
3263 483 3477 537 Domini
3516 483 3746 549 osculati

2144 574 2149 581 ’
2183 593 2341 643 sunt:
2386 592 2439 639 et
2476 583 2652 652 pisces
2694 580 2783 649 qui
2837 587 3107 647 praecepto
3151 576 3331 630 educti
3370 586 3519 630 sunt.
3554 576 3747 631 Beatus

2185 687 2240 731 et
2278 676 2365 731 ille
2402 675 2566 746 piscis
2590 673 2680 743 qui
2719 672 2863 727 dedit
2896 685 2992 737 pro
3032 668 3257 723 Domino
3303 683 3547 722 censum.
3593 668 3753 723 Beata

2186 777 2241 822 et
2281 777 2422 822 terra
2475 775 2529 819 et
2579 780 2726 819 mare
2771 783 2784 818 :
2831 773 3055 832 utraque
3107 760 3250 814 enim
3300 776 3492 828 passus
3543 760 3751 814 Domini

2185 868 2555 927 susceperunt.
2596 858 2791 912 Beatus
2833 864 2887 909 et
2931 852 3223 909 Zacchteus
3261 853 3347 922 qui
3386 854 3633 908 cucurrit
3686 856 3751 907 ad

2185 953 2367 1016 ﬁcum,
2394 960 2448 1006 et
2485 960 2708 1006 vocatus
2734 950 2798 1002 ad
2829 949 3046 1003 domum
3087 954 3194 1001 est.
3224 944 3293 999 Et
3331 944 3607 1015 peccatrix
3660 945 3747 1000 illa

2184 1044 2398 1108 mulier,
2442 1058 2561 1111 quae
2603 1043 2741 1098 bona
2787 1039 3192 1110 importunitate
3236 1038 3465 1107 ingressa
3514 1048 3594 1093 est
3656 1053 3746 1093 re-

2181 1136 2590 1191 cumbentibus:
2631 1133 2996 1189 contaminata
3030 1131 3171 1187 enim
3206 1130 3463 1194 introivit,
3496 1138 3545 1184 et
3581 1146 3746 1184 mun-

2180 1231 2303 1285 data
2342 1228 2525 1284 exivit.
2558 1228 2697 1296 Ergo
2725 1240 2912 1281 omnes
2952 1223 3091 1278 beati
3133 1238 3199 1277 ex
3240 1223 3472 1277 adventu
3510 1221 3740 1288 Christi,

2179 1334 2235 1377 et
2280 1322 2473 1378 mortui
2520 1320 2611 1390 qui
2649 1320 2757 1387 jam
2803 1334 2908 1372 non
2950 1316 3176 1379 mortui,
3215 1324 3268 1369 et
3310 1313 3441 1369 caeci
3477 1314 3577 1383 iam
3621 1328 3734 1367 non

2178 1416 2326 1479 cmci,
2356 1424 2410 1467 et
2444 1412 2617 1468 claudi
2666 1411 2944 1471 salientes,
2971 1418 3024 1462 et
3054 1408 3183 1462 mttti
3222 1406 3529 1470 laudantes,
3564 1414 3613 1459 et
3643 1405 3732 1458 ille

2177 1509 2265 1578 qui
2296 1506 2512 1562 sedebat
2550 1506 2616 1559 ad
2649 1506 2833 1574 pedes,
2875 1501 2963 1571 qui
2995 1511 3121 1554 ante
3160 1515 3189 1553 a
3234 1498 3447 1568 legione
3486 1495 3734 1563 impulsus

2178 1599 2447 1654 currebat.
2497 1596 2643 1652 Beati
2683 1596 2772 1666 qui
2818 1594 2869 1648 in
2907 1592 3108 1659 nuptiis
3150 1590 3402 1644 biberunt
3449 1588 3631 1643 vinum
3673 1602 3737 1641 ex

2177 1701 2464 1763 prtecepto.
2493 1688 2631 1756 Quid
2662 1690 2805 1759 ﬁergo
2844 1700 3031 1741 omnes
3073 1683 3253 1744 beati,
3297 1690 3390 1735 aut
3431 1679 3651 1749 quidam
3690 1687 3743 1732 e‘.

2176 1784 2544 1840 miserabiles?
2587 1780 2754 1839 ludas
2804 1778 2943 1834 enim
3000 1775 3091 1846 qui
3144 1776 3349 1827 utinam
3408 1780 3571 1826 natus
3633 1784 3741 1822 non

2174 1878 2352 1935 esset!
2406 1887 2565 1948 putas
2624 1873 2748 1943 quia
2811 1871 2947 1940 apud
3004 1867 3351 1936 semetipsum
3404 1879 3515 1918 non
3565 1861 3737 1917 dixit:

2176 1972 2388 2028 Utinam
2438 1983 2541 2023 non
2577 1966 2848 2025 venisset,
2905 1970 2963 2016 ut
3003 1975 3104 2029 ego
3152 1973 3258 2012 non
3309 1952 3735 2010 condemuarer!

2170 2060 2332 2116 Putas
2374 2068 2429 2113 et
2480 2057 2648 2113 Judaei
2711 2056 2753 2108 si
2804 2053 3096 2108 voluissent
3160 2049 3387 2103 fuissent
3456 2047 3636 2109 beati,
3686 2056 3739 2099 et

2169 2150 2370 2220 primi?
2420 2147 2556 2214 Quid
2608 2146 2774 2217 ergo?
2820 2145 2957 2211 Quia
3006 2143 3296 2196 noluerunt
3336 2138 3506 2194 Judaei
3546 2157 3559 2193 :
3594 2136 3735 2190 Num

2168 2240 2510 2295 incredulitas
2555 2255 2735 2292 eorum
2797 2238 2955 2305 ﬁdem
3005 2233 3099 2288 Dei
3160 2233 3476 2288 evacuabit?
3518 2231 3727 2284 absit’.

2167 2334 2265 2400 Qui
2296 2334 2438 2388 enim
2472 2332 2620 2386 venit
2654 2332 2719 2385 ad
2760 2329 3056 2383 faciendum
3098 2327 3254 2390 bene,
3283 2324 3431 2379 venit
3463 2323 3724 2391 siquidem

2168 2434 2221 2480 et
2260 2425 2439 2479 lumen
2474 2424 2665 2485 oritur,
2706 2436 2811 2475 non
2860 2430 2918 2474 ut
2961 2421 3269 2474 occidamus
3313 2416 3542 2485 aliquem
3585 2432 3600 2466 :
3644 2414 3735 2466 ille

2166 2517 2308 2570 enim
2358 2516 2527 2568 malus
2572 2524 2684 2579 est,
2740 2513 2831 2582 qui
2880 2512 3022 2566 bono
3079 2510 3241 2563 utitur
3286 2507 3439 2561 male.
3483 2505 3619 2558 Nam
3672 2514 3730 2559 et

2166 2613 2367 2667 ferrum
2414 2612 2596 2666 datum
2645 2620 2728 2665 est
2769 2610 2833 2664 ad
2878 2609 3102 2663 culturae
3161 2606 3411 2662 medelam
3448 2621 3461 2657 :
3507 2603 3552 2655 si
3596 2603 3726 2671 quis

2167 2715 2342 2760 autem
2375 2704 2519 2758 ferro
2554 2718 2681 2756 usus
2712 2703 2990 2765 occiderit,
3026 2718 3127 2754 non
3172 2709 3254 2753 est
3291 2698 3584 2767 culpandus
3628 2697 3727 2765 qui

2165 2797 2406 2851 donavit.
2447 2795 2725 2865 Siquidem
2756 2803 2811 2849 et
2844 2794 2979 2864 ignis
3013 2795 3077 2847 ad
3108 2808 3286 2857 curas,
3317 2790 3385 2843 ad
3415 2787 3728 2852 luminaria,

2165 2892 2230 2947 ad
2260 2891 2611 2945 excoctiones
2640 2890 2795 2942 datus
2828 2895 2910 2942 est
2942 2887 3096 2942 nobis
3134 2906 3145 2940 :
3191 2886 3233 2939 si
3281 2884 3402 2955 quis
3448 2892 3627 2936 autem
3672 2893 3734 2932 eo

2165 2986 2231 3039 ad
2274 2984 2657 3040 incendendam
2704 2980 2932 3048 proximi
2977 2980 3193 3033 domum
3239 2976 3398 3032 fuerit
3445 2990 3609 3039 usus,
3650 2972 3736 3025 ille

2164 3074 2337 3127 malus
2373 3082 2456 3127 est
2485 3073 2573 3142 qui
2618 3073 2786 3125 utitur
2827 3070 2985 3126 male.
3028 3071 3214 3140 Neque
3256 3085 3391 3137 aqua
3431 3068 3572 3122 mala
3608 3067 3734 3136 quia

2168 3165 2529 3234 prmfocantur
2560 3165 2776 3235 quidam
2806 3183 2819 3218 :
2851 3165 2896 3219 si
2932 3164 3077 3219 enim
3111 3165 3279 3232 ipsam
3326 3177 3447 3231 qua:
3480 3164 3545 3214 ad
3582 3174 3733 3213 usum

2168 3258 2453 3326 plurimum
2495 3270 2547 3312 et
2579 3258 2644 3310 ad
2683 3256 3030 3310 refectionem
3068 3258 3190 3309 data
3221 3264 3336 3319 est,
3382 3256 3576 3309 bonam
3616 3252 3733 3317 qui-

2166 3351 2309 3412 dem,
2349 3350 2487 3404 male
2532 3352 2595 3403 ad
2645 3349 3078 3404 interﬁciendum
3132 3356 3377 3411 utuntur,
3416 3347 3513 3416 ipsi
3560 3343 3735 3414 potius

2164 3442 2452 3509 perniciosi
2486 3452 2642 3505 sunt,
2678 3458 2837 3510 quam
2882 3440 3178 3509 opificium.
3223 3440 3290 3494 Et
3330 3440 3463 3508 lapis
3495 3438 3559 3490 ad
3598 3452 3732 3490 con-

2166 3532 2511 3587 structionem
2531 3542 2610 3587 est
2635 3535 2804 3599 datus,
2843 3532 2973 3588 Cain
2992 3544 3169 3587 autem
3207 3547 3272 3587 eo
3303 3533 3369 3585 ad
3406 3528 3730 3585 interfectio-

2168 3639 2285 3679 nem
2310 3624 2493 3678 fratris
2517 3633 2599 3679 est
2620 3640 2777 3679 usus:
2802 3634 3006 3679 tantum
3027 3625 3167 3680 enim
3188 3624 3308 3678 mali
3334 3635 3459 3678 sunt
3489 3622 3577 3690 qui
3610 3628 3732 3674 sunt

2170 3713 2318 3778 mali,
2348 3714 2472 3782 quia
2514 3713 2715 3768 bonum
2746 3714 2816 3768 ad
2851 3714 3047 3767 malum
3080 3722 3421 3768 convertunt.
3446 3710 3602 3765 Jesus
3632 3723 3729 3776 pax

2165 3815 2284 3871 est,
2327 3816 2379 3858 et
2415 3807 2563 3860 venit
2608 3805 2894 3875 paciﬁcare
2952 3821 3070 3874 quae
3120 3807 3170 3859 in
3219 3804 3355 3859 cudo
3416 3811 3541 3856 sunt
3580 3810 3633 3853 et
3681 3801 3732 3853 in

2169 3906 2335 3952 terra.
2368 3898 2423 3951 Si
2454 3899 2569 3952 haec
2605 3912 2733 3952 vera
2765 3908 2910 3964 sunt,
2949 3898 3086 3951 sicut
3112 3912 3273 3959 vera;
3303 3896 3430 3964 quid
3472 3892 3731 3946 faciemus

2168 3987 2252 4041 his
2283 4005 2402 4058 qua:
2450 3989 2587 4043 lecta
2618 3999 2744 4043 sunt
2778 3990 2969 4044 hodie?
3004 3990 3138 4042 Dicit
3169 3991 3311 4043 enim
3345 3988 3457 4056 ipse
3488 3985 3730 4041 Salvator

2170 4080 2223 4133 in
2264 4081 2590 4151 Evangelio:
2634 4081 2815 4134 Nolite
2847 4092 3030 4148 putare
3075 4082 3197 4148 quia
3240 4081 3352 4133 veni
3402 4082 3601 4131 mittere
3636 4091 3730 4140 pa-

2171 4186 2281 4223 cem.
2329 4173 2383 4225 in
2423 4183 2616 4226 terram
2645 4172 2686 4230 ³.
2736 4172 2987 4241 Nunquid
3044 4173 3127 4223 nix
3179 4170 3472 4223 calefacere
3516 4174 3728 4235 potest.

2170 4272 2262 4316 aut
2307 4263 2444 4334 ignis
2491 4265 2617 4319 dare
2654 4264 2950 4335 frigorem?
2989 4262 3236 4331 Nunquid
3271 4278 3365 4332 pax
3405 4266 3576 4325 potest
3620 4270 3727 4309 non

2176 4356 2386 4413 mittere
2450 4359 2680 4426 pacem?
2733 4360 3010 4426 Quomodo
3064 4373 3193 4430 ergo
3247 4356 3353 4421 ipse
3395 4368 3495 4421 pax
3554 4349 3728 4403 dicit:

506 4443 557 4495 in
605 4451 782 4497 utero.
828 4441 938 4512 Ego
990 4452 1042 4497 et
1088 4442 1405 4513 praesepium
1459 4441 1584 4496 illud
1632 4442 1825 4512 diligo,
1867 4442 1920 4495 in
1962 4457 2068 4510 quo
2098 4442 2142 4497 D
2174 4447 2356 4502 Nolite
2394 4460 2579 4518 putare
2610 4452 2735 4519 quia
2783 4452 2897 4504 veni
2942 4467 3119 4519 pacem
3167 4448 3365 4502 mittere
3397 4444 3448 4495 in
3498 4442 3728 4494 terram?

504 4535 629 4588 vita:
658 4535 887 4603 positum
919 4545 999 4588 est
1032 4535 1382 4589 medicamen.
1411 4533 1475 4587 Et
1504 4549 1689 4603 magos
1730 4535 1916 4588 beatos
1947 4534 2066 4588 dico

502 4626 572 4680 ob
609 4626 1031 4682 immutationem
1079 4627 1231 4683 artis.
1279 4626 1443 4681 Beata
1472 4635 1526 4679 et
1572 4624 1828 4689 Rachael,
1859 4636 1912 4678 et
1954 4625 2065 4694 jam

502 4733 605 4773 non
662 4719 872 4788 ploret,
920 4720 1042 4788 quia
1098 4718 1213 4786 ejus
1264 4717 1358 4771 ﬁlii
1408 4726 1675 4786 martyres
1742 4717 2070 4771 exstiterunt

502 4812 723 4866 Christi.
773 4808 986 4865 Simeon
1036 4822 1213 4865 autem
1262 4810 1350 4863 ille
1397 4818 1450 4862 et
1493 4810 1648 4862 Anna
1695 4807 1814 4863 ideo
1861 4808 2064 4875 gratias

510 4904 758 4971 agebant,
788 4904 910 4974 quia
957 4904 1099 4968 digni
1130 4901 1354 4971 judicati
1400 4911 1523 4954 sunt
1558 4900 1739 4954 videre
1784 4915 1939 4967 quem
1971 4900 2063 4953 de-

505 4996 816 5051 siderabant
880 4996 1031 5050 multi
1096 4996 1352 5064 quidem,
1412 4996 1660 5048 viderunt
1719 5004 1898 5048 autem
1958 5008 2062 5046 non

502 5104 710 5143 omnes.
737 5088 971 5143 Joannes
1012 5098 1189 5142 autem
1224 5088 1308 5142 ille
1344 5088 1433 5157 qui
1468 5088 1520 5140 in
1563 5096 1779 5156 pectore
1819 5086 2065 5141 recubuit

522 5177 755 5240 Domini,
783 5182 905 5236 inde
937 5181 1192 5236 hauriens
1220 5181 1376 5236 nobis
1407 5180 1677 5249 loquitur:
1712 5178 1777 5232 In
1809 5179 2065 5247 principio

500 5280 613 5324 erat
674 5272 893 5327 Verbum
951 5276 987 5327 ‘.
1052 5272 1241 5328 Petrus
1290 5288 1417 5327 vero
1460 5272 1547 5341 qui
1598 5287 1626 5323 a
1678 5269 1837 5323 Patre
1876 5271 2066 5337 dignus

499 5357 767 5424 imlicatus
826 5361 1204 5416 revelationem
1276 5361 1539 5429 accipere,
1589 5364 1643 5413 et
1699 5358 1879 5410 videre
1943 5372 2063 5410 eum

502 5462 657 5516 quem
706 5468 806 5503 non
842 5454 1082 5513 videbat,
1132 5462 1185 5506 et
1218 5466 1439 5506 noscere
1466 5466 1586 5506 eum
1621 5448 1709 5517 qui
1757 5448 2066 5503 occultaba-

570 5564 616 5595 “
654 5564 774 5619 Gal.
803 5582 860 5626 tl,
892 5566 981 5621 20.
1055 5567 1101 5598 9°
1133 5565 1255 5620 Gal.
1284 5582 1357 5634 vt,
1392 5566 1476 5621 14.

501 5643 583 5699 ιιι,
611 5634 696 5686 l7.
777 5637 795 5665 ‘
831 5637 1014 5692 Matth.
1043 5654 1131 5698 xv,
1156 5637 1247 5691 ‘24.

569 5748 681 5815 (8'5)
725 5746 843 5815 Ms.,
877 5750 1175 5807 dissenserit
1214 5753 1329 5807 sibi.

1553 5568 1568 5597 ¹
1608 5564 1763 5621 Joan.
1796 5580 1831 5625 ι,
1868 5564 1915 5618 ι.

1997 5568 2015 5595 ²
2052 5566 2203 5622 Rom.
2232 5584 2312 5636 ιιι,
2338 5567 2390 5625 5.
2468 5572 2487 5602 ³
2528 5570 2713 5627 Matth.
2746 5573 2907 5637 1,3l.

2165 4540 2233 4595 de
2264 4556 2367 4611 qua
2409 4558 2538 4597 sane
2584 4544 2783 4597 dictum
2817 4554 2929 4607 est,
2970 4554 3024 4597 et
3053 4542 3117 4596 de
3150 4556 3277 4610 quo,
3310 4538 3430 4607 quia
3474 4535 3605 4589 venit
3639 4549 3726 4600 pa-

2166 4632 2381 4698 ciﬁcare
2419 4649 2535 4702 qua:
2564 4633 2616 4686 in
2653 4632 2779 4685 caelo
2815 4642 2932 4686 sunt
2972 4643 3018 4686 et
3052 4632 3105 4684 in
3139 4642 3277 4683 terra
3304 4629 3343 4681 δ.
3377 4625 3649 4695 Siquidem
3681 4632 3727 4674 et

2165 4721 2289 4776 alibi
2326 4722 2454 4776 dicit
2482 4723 2826 4791 Evangelium
2858 4740 2871 4777 :
2922 4722 3090 4786 Venit,
3122 4738 3223 4775 non
3252 4721 3327 4773 uti
3352 4719 3555 4788 judicet
3584 4732 3727 4768 mun-

2163 4812 2323 4877 dum,
2367 4814 2457 4867 sed
2500 4823 2555 4866 ut
2603 4816 2826 4868 mundus
2870 4813 3044 4867 salvus
3084 4815 3175 4882 ﬁat
3224 4829 3316 4882 per
3361 4813 3525 4873 ipsum
3551 4810 3591 4863 ⁵.
3630 4805 3727 4871 Qui

2164 4906 2336 4961 credit
2364 4906 2605 4961 salvatur
2630 4925 2644 4959 :
2675 4909 2762 4977 qui
2789 4917 2966 4963 autem
2994 4922 3098 4959 non
3128 4905 3300 4959 credit
3329 4902 3599 4973 judicatus
3624 4906 3727 4952 est.

2168 4998 2232 5052 Et
2276 5000 2509 5055 iterum:
2556 4998 2676 5054 Non
2713 5002 2826 5053 veni
2865 5001 2963 5054 nisi
3011 4999 3080 5052 ad
3113 5014 3229 5052 oves
3279 4997 3509 5066 perditas
3549 4995 3731 5044 domus

2175 5089 2341 5144 Israel
2378 5092 2438 5146 ἐ
2472 5102 2522 5145 et
2568 5104 2715 5146 certe
2757 5092 2922 5161 magis
2960 5091 3254 5160 perierunt.
3294 5087 3431 5153 Quid
3468 5100 3595 5155 ergo
3630 5084 3727 5137 ista

2173 5184 2446 5237 contraria
2491 5184 2659 5238 sunt?
2710 5182 2842 5236 Num
2892 5192 2949 5235 ut
3002 5181 3330 5244 dividantur,
3374 5177 3576 5230 veritas
3625 5189 3727 5229 non

2171 5275 2471 5329 consentiet
2536 5276 2672 5331 sibi?
2719 5274 2773 5329 Si
2832 5276 2994 5346 igitur
3043 5274 3242 5329 veritas
3293 5270 3605 5326 discesserit
3654 5268 3727 5322 si-

2172 5365 2222 5419 bi
2254 5365 2391 5437 (85),
2428 5368 2613 5435 perdet
2637 5378 2691 5423 et
2725 5379 3006 5433 naturam;
3041 5367 3303 5422 mendacii
3351 5366 3494 5419 enim
3534 5372 3725 5417 natura

2172 5451 2224 5509 in
2256 5457 2589 5513 dissensione
2616 5468 2718 5522 est,
2747 5468 2988 5513 veritatis
3016 5467 3197 5513 autem
3229 5466 3417 5511 natura
3444 5452 3727 5509 consensio

2988 5573 3006 5602 "
3046 5573 3248 5629 Coloss.
3278 5587 3315 5634 ι,
3348 5570 3434 5624 20.
3512 5569 3532 5599 ‘
3569 5566 3727 5624 Joan.
