4050 6206
350 322 484 377 1177

1681 322 1747 378 IN
1790 320 2048 377 MATTH.
2092 325 2155 388 Χ,
2193 326 2280 379 54.

3422 335 3556 390 H78

348 448 449 493 est.
482 437 761 504 Quomodo
788 451 915 504 ergo
944 435 1043 489 ista
1076 434 1178 490 sibi
1209 437 1584 493 consentient?
1616 437 1769 493 Jesus
1811 455 1907 507 pax
1939 445 1985 500 Α
2014 441 2063 492 ἰη
2117 440 2253 494 rosis
2289 440 2515 496 habetur
2566 441 2880 505 diversitas.
2927 442 2979 495 in
3033 442 3211 497 colore
3258 444 3457 498 scilicet
3502 453 3560 504 et

351 539 455 595 est,
486 540 540 585 et
580 529 692 590 ipse
731 528 853 582 dicit
891 543 905 579 :
946 524 1122 580 Nolite
1179 538 1362 595 putare
1402 532 1526 598 quia
1576 548 1755 599 pacem
1796 533 1905 585 reni

354 624 554 676 mittere
598 622 648 673 in
690 630 893 673 terram.
927 617 1133 671 Dictum
1184 629 1360 673 autem
1405 622 1469 675 de
1492 635 1555 675 eo
1598 631 1717 675 est-z
1754 620 1903 675 Venit

354 714 629 783 paciﬁcare
666 728 722 766 ea
768 726 883 779 quae
935 712 989 763 in
1044 712 1181 765 caelis
1216 722 1333 765 sunt
1371 724 1416 767 et
1462 714 1516 767 in
1568 724 1724 768 terra.
1759 714 1901 779 Quo-

355 808 514 861 modo
542 820 666 873 ergo
693 818 800 857 non
830 804 975 856 venit
1010 818 1194 870 pacem
1229 804 1281 856 in
1319 814 1513 858 terram
1554 806 1781 867 mittere,
1814 804 1902 874 qui

355 896 476 952 ideo
514 894 670 959 venit,
697 900 757 946 ut
794 903 849 946 et
879 906 941 944 ea
981 907 1099 960 qua
1149 893 1202 945 in
1250 892 1402 947 cmlis
1430 903 1482 947 et
1514 894 1565 946 in
1603 902 1739 947 terra
1785 903 1907 947 sunt

357 986 669 1058 paciﬁcaret,
699 992 753 1038 et
783 983 849 1038 ad
878 998 1004 1038 oves
1047 985 1279 1052 perditas
1314 985 1500 1038 domus
1531 983 1696 1039 Israel
1732 985 1898 1049 venit,

355 1086 407 1132 et
437 1079 657 1131 inventa:
694 1084 820 1128 sunt
869 1076 1187 1141 pereuntes?
1235 1074 1349 1129 Non
1397 1083 1481 1129 est
1528 1076 1721 1129 missus
1756 1076 1901 1145 judi-

353 1182 489 1231 care,
535 1177 588 1221 et
638 1167 908 1220 invenitur
946 1167 1323 1221 condemnare.
1373 1164 1427 1219 Si
1470 1167 1590 1235 quis
1633 1166 1905 1220 desiderat

350 1272 410 1313 ea
448 1272 570 1327 qua:
619 1267 745 1312 sunt
788 1258 997 1311 Domini
1047 1257 1295 1320 edoceri,
1333 1256 1583 1325 projiciat
1627 1257 1803 1309 omnia
1837 1272 1901 1311 ex

348 1353 510 1406 corde
543 1365 662 1414 suo,
689 1358 744 1407 et
772 1352 970 1404 mundo
1009 1350 1164 1405 oculo
1196 1351 1387 1403 mentis
1422 1351 1679 1405 intendat.
1708 1349 1904 1417 Propo-

346 1443 508 1500 situm
541 1443 753 1510 quidem
783 1443 873 1497 Dei
899 1443 987 1512 qui
1034 1442 1179 1496 misit
1207 1441 1397 1496 Filimu
1433 1458 1586 1496 suum
1621 1441 1725 1495 tale
1755 1451 1901 1505 erat,

349 1544 411 1589 ut
457 1533 790 1587 salvarentur
833 1534 1094 1588 homines.
1117 1532 1428 1588 Obedieutia
1475 1544 1653 1587 autem
1675 1531 1789 1600 ejus
1812 1534 1901 1602 qui

352 1625 552 1680 tnissus
588 1634 669 1678 est
710 1639 806 1688 ea,
849 1635 907 1678 ut
940 1639 1038 1693 pax
1071 1634 1215 1680 esset
1259 1625 1311 1679 in
1360 1624 1511 1679 ctelis
1551 1632 1603 1679 et
1640 1624 1692 1678 in
1737 1634 1900 1678 terra.

357 1715 506 1771 Unde
535 1729 663 1785 ergo
693 1731 797 1768 non
833 1715 969 1783 pax?
996 1716 1074 1768 Ab
1107 1714 1415 1768 inﬁrmitate
1453 1712 1647 1783 quippe
1693 1728 1899 1779 eorum,

350 1808 439 1877 qui
487 1822 591 1861 non
640 1815 924 1875 potuerunt
969 1807 1243 1874 suscipere
1303 1805 1640 1874 splendorem
1689 1802 1904 1857 luminis
1934 1796 1974 1849 Β

351 1898 486 1953 veri.
518 1897 634 1965 Ipse
679 1898 819 1952 enim
857 1910 1041 1965 pacem
1089 1895 1377 1964 praedicat,
1419 1905 1473 1948 et
1505 1894 1623 1948 ideo
1656 1894 1902 1947 hortatur

355 1990 454 2043 hoc
499 1988 696 2043 Paulus
741 1988 1027 2056 apostolus,
1065 1997 1118 2042 et
1164 1987 1329 2041 dicit:
1363 1985 1480 2055 Ipse
1512 1993 1585 2038 est
1626 1985 1760 2037 enim
1799 1999 1904 2053 pax

353 2092 528 2136 nostra
555 2082 593 2133 ⁷.
633 2080 830 2135 Eorum
863 2078 1065 2135 scilicet
1092 2080 1182 2148 qui
1228 2079 1455 2133 credunt
1486 2087 1540 2132 et
1581 2076 1900 2145 suscipiunt,

347 2187 448 2241 pax
494 2180 599 2227 est.
643 2171 919 2236 Quomodo
953 2185 1080 2240 ergo
1128 2185 1230 2222 non
1275 2184 1458 2239 parem
1504 2168 1667 2221 mittit
1702 2168 1753 2220 in
1799 2177 1903 2220 ter-

347 2260 647 2316 ram?Filia
676 2263 923 2327 credidit,
953 2262 1437 2331 paterincredulus
1465 2260 1741 2314 remansit.
1770 2260 1899 2324 Quae

344 2355 742 2408 communicatio
774 2365 849 2408 est
892 2354 1034 2422 ﬁdeli
1064 2355 1132 2407 ad
1175 2351 1514 2421 inﬁdelem“?
1570 2355 1717 2420 pacis
1759 2352 1899 2406 enim

346 2445 649 2513 praedicatio
677 2445 990 2499 divisionem
1020 2453 1292 2512 operatur.
1322 2442 1491 2497 Filius
1518 2441 1714 2505 ﬁdelis,
1746 2452 1900 2511 pater

348 2536 648 2591 incredulus
688 2554 699 2590 :
730 2551 795 2591 ex
836 2536 1159 2590 necessitate
1197 2535 1261 2586 lis
1295 2544 1412 2597 est;
1455 2542 1509 2586 et
1554 2549 1671 2603 quae
1705 2535 1901 2603 pnedi-

344 2638 498 2682 catur
524 2645 647 2698 pax,
678 2638 895 2698 operata
927 2638 1011 2682 est
1036 2628 1370 2689 divisionem,
1394 2639 1446 2681 et
1472 2628 1662 2681 bonam
1684 2627 1901 2681 divisio-

347 2734 499 2785 nem;
541 2719 591 2772 iu
625 2734 755 2788 pace
782 2728 957 2773 autem
999 2719 1186 2773 salvati
1230 2710 1429 2772 Sumus.
1470 2716 1536 2772 Ut
1566 2733 1669 2773 non
1719 2732 1895 2774 autem

345 2822 445 2876 ego
472 2807 610 2863 illius
640 2809 991 2877 interpreter;
1025 2809 1153 2863 nihil
1185 2809 1325 2863 enim
1357 2818 1437 2863 est
1465 2810 1605 2878 quod
1635 2825 1745 2864 non
1780 2810 1896 2877 ejus

348 2899 631 2954 debeamus
659 2900 883 2954 audire:
915 2900 1026 2967 ipse
1071 2899 1197 2952 dicit
1225 2917 1237 2953 :
1282 2897 1363 2953 Ne
1396 2902 1585 2969 putetis
1627 2901 1753 2970 quia
1783 2900 1896 2954 veni

344 3007 521 3060 pacem
573 2992 776 3045 mittere
825 2992 878 3045 in
928 3000 1138 3045 terram.
1187 2991 1251 3045 Et
1301 2992 1476 3047 adhuc
1529 2993 1895 3047 vehementius

343 3081 491 3136 addit
514 3098 525 3133 :
557 3079 677 3134 Non
705 3082 814 3134 veni
837 3098 1012 3149 pacem
1037 3084 1254 3147 mittere,
1278 3084 1366 3134 sed
1391 3081 1680 3150 gladium’.
1706 3083 1894 3147 Quent-

2005 534 2207 586 odore:
2252 541 2307 585 et
2350 532 2401 585 iu
2439 531 2700 586 fructibus
2741 541 2826 586 est
2860 532 3111 597 varietas,
3156 541 3210 585 et
3243 533 3559 603 magnitudi-

2007 623 2109 687 nis,
2135 631 2189 676 et
2227 621 2442 686 coloris,
2472 630 2526 676 et
2574 633 2782 692 gustus,
2824 633 2879 676 et
2908 632 3120 677 tactus:
3160 632 3215 677 et
3260 623 3443 675 vinmn
3492 640 3555 678 ex

2003 716 2111 767 vite
2141 722 2222 767 est
2265 727 2440 778 onme,
2479 713 2571 767 sed
2608 721 2792 780 gustus
2819 712 3014 767 diversi
3049 730 3061 766 :
3099 721 3151 767 et
3184 713 3313 768 oleae
3351 715 3555 768 fructus

2001 803 2367 858 variﬁcantur.
2397 803 2499 858 Sed
2524 804 2711 857 horum
2730 803 2965 857 omnium
2992 804 3241 870 varietas,
3270 814 3323 857 et
3355 806 3561 857 anima-

2003 894 2153 961 lium,
2179 904 2435 949 eteorum
2464 895 2550 964 qui
2582 910 2646 947 ex
2679 894 2788 964 ipsa
2816 904 2938 948 sunt
2968 897 3180 964 specie:
3213 912 3381 964 equus
3411 896 3553 950 enim

2002 1001 2139 1055 equo
2172 986 2425 1047 velocior.
2464 994 2517 1040 et
2552 1002 2654 1039 non
2695 995 2922 1049 tantum,
2965 995 3220 1054 quantum
3259 987 3416 1041 homo
3461 987 3557 1041 ho-

2006 1079 2129 1131 mini
2169 1100 2179 1132 :
2216 1078 2387 1132 nullus
2434 1079 2573 1131 enim
2622 1092 2792 1149 equus
2843 1079 3014 1131 currit
3067 1087 3360 1133 retrorsum
3404 1096 3418 1132 :
3460 1079 3558 1133 ho-

2004 1170 2174 1223 mines
2214 1180 2387 1225 autem
2421 1170 2635 1238 quidam
2665 1178 2793 1224 sunt
2830 1168 3089 1237 religiosi,
3122 1171 3337 1238 quidam
3382 1170 3556 1226 sacri-

2001 1261 2125 1331 legi,
2160 1262 2245 1314 alii
2282 1262 2480 1330 pudici,
2512 1263 2598 1315 alii
2630 1262 2915 1327 luxuriosi,
2946 1262 3036 1316 alii
3066 1263 3320 1330 diripiunt
3350 1263 3551 1331 aliena,

2002 1353 2088 1406 alii
2134 1363 2388 1422 spargunt
2436 1368 2563 1415 sua,
2613 1352 2703 1405 alii
2748 1360 3061 1421 stuprantur
3097 1365 3201 1404 non
3255 1366 3383 1406 suas
3435 1367 3557 1405 mu-

2000 1445 2179 1509 lieres,
2209 1445 2293 1499 alii
2338 1460 2403 1499 ne
2446 1445 2657 1513 quidem
2707 1459 2831 1497 suas
2867 1444 3206 1512 contingunt.
3258 1440 3373 1497 Non
3411 1443 3554 1496 enim

2004 1547 2145 1591 tanta
2187 1538 2475 1590 diversitas
2520 1544 2601 1588 est
2636 1546 2807 1599 terrae,
2850 1544 3045 1603 quanta
3084 1536 3316 1588 varietas
3355 1536 3558 1587 anima-

2004 1645 2117 1681 rum
2147 1647 2159 1681 :
2196 1628 2279 1682 ille
2312 1628 2454 1680 enint
2487 1636 2689 1697 martyr
2720 1628 2947 1693 exsistit,
2988 1629 3124 1681 alius
3172 1627 3553 1695 persequitur;

2002 1729 2054 1771 et
2094 1730 2280 1771 natura
2326 1718 2538 1786 quidem
2589 1717 2703 1787 ipsa
2751 1726 2863 1782 est,
2914 1718 3162 1770 voluntas
3219 1725 3394 1770 autem
3460 1716 3557 1769 ad-

2007 1826 2156 1864 versa
2194 1810 2325 1881 (84).
2370 1809 2495 1864 lude
2527 1818 2609 1863 est
2649 1820 2705 1862 ttt
2750 1810 2835 1863 ille
2884 1809 3097 1875 quidem
3147 1809 3211 1862 ad
3264 1807 3557 1862 Ecclesiam

2005 1911 2183 1955 currat
2217 1903 2508 1967 manicatis,
2555 1901 2691 1954 alius
2737 1903 2800 1953 at!
2854 1901 3057 1971 lapides
3099 1898 3333 1954 oﬁ'endat
3369 1913 3559 1953 exsur-

2005 2007 2133 2061 gens
2171 1992 2235 2045 ad
2279 1991 2473 2044 lumen.
2519 1990 2641 2044 lude
2679 2000 2761 2045 est
2810 2003 2865 2043 ut
2913 1991 2997 2043 ille
3046 1993 3253 2043 Irctetur
3292 1991 3431 2059 quod
3476 1998 3560 2042 est

2005 2081 2250 2148 pudicus,
2280 2079 2415 2133 alius
2466 2081 2694 2149 gaudeat
2738 2080 2877 2149 quod
2916 2081 2965 2132 in
3014 2078 3318 2132 libidinibus
3349 2078 3558 2131 voluta-

2006 2182 2108 2226 tur.
2150 2171 2275 2225 lude
2302 2182 2385 2223 est
2421 2179 2476 2222 ut
2512 2169 2596 2223 ille
2638 2170 2689 2222 in
2735 2170 2846 2224 foro
2876 2170 3071 2223 vendat
3110 2180 3163 2221 et
3198 2168 3557 2231 distrahatur,

2003 2265 2139 2319 alius
2177 2265 2242 2319 ad
2288 2262 2578 2317 Eeelesiam
2629 2262 2849 2316 veniens
2896 2262 3238 2330 semetipsum
3297 2260 3558 2313 lucretur.

2002 2357 2129 2411 lude
2157 2366 2237 2411 est
2268 2367 2325 2410 ut
2360 2356 2445 2411 ille
2474 2355 2643 2409 aliena
2675 2354 2834 2420 colat,
2880 2356 3014 2409 alius
3057 2355 3156 2409 sibi
3191 2364 3392 2421 parcat.
3424 2352 3551 2405 lude

2003 2457 2089 2501 est
2120 2458 2177 2501 ut
2215 2447 2302 2499 ille
2350 2446 2552 2513 lapides
2597 2443 2847 2505 mdiﬁcet,
2878 2444 3012 2497 alius
3044 2444 3265 2495 virtutes
3302 2455 3560 2509 superpo-

2002 2546 2113 2591 nat.
2142 2534 2268 2588 lude
2301 2544 2381 2589 est
2419 2543 2473 2586 ut
2503 2534 2588 2587 ille
2623 2549 2817 2602 corpus
2852 2533 3110 2603 detergat,
3150 2532 3285 2585 alius
3321 2533 3556 2585 animam

2001 2626 2207 2696 perdat.
2239 2626 2336 2680 Ista
2366 2638 2448 2680 est
2483 2642 2584 2679 non
2621 2642 2742 2695 pax,
2789 2627 2883 2681 sed
2925 2625 3225 2689 dissensio;
3262 2624 3385 2693 quia
3424 2624 3561 2679 alius

2001 2715 2157 2769 aliter
2190 2716 2374 2778 sentit,
2415 2725 2469 2770 et
2507 2714 2648 2769 alius
2682 2714 2839 2769 aliter
2888 2715 3047 2784 sapit.
3090 2714 3198 2769 Nec
3247 2716 3389 2767 enim
3434 2729 3557 2767 cum

1999 2820 2172 2861 ortum
2203 2809 2306 2861 hoc
2344 2806 2595 2861 sensibile
2635 2807 2796 2860 fuerit
2829 2808 3031 2871 lumen,
3077 2822 3265 2861 omnes
3313 2806 3561 2860 similiter

1999 2900 2314 2968 suscipiunt.
2345 2898 2448 2952 Sed
2492 2899 2565 2951 illi
2599 2898 2812 2965 quidem
2854 2897 2944 2968 qui
2987 2914 3146 2953 sanos
3183 2898 3382 2952 habent
3431 2912 3558 2951 ocu-

2001 2990 2097 3054 los,
2134 3000 2190 3045 et
2232 2998 2551 3053 occurrunt,
2600 2998 2653 3043 et
2701 2992 3016 3053 attendunt,
3060 2998 3113 3043 et
3147 2988 3433 3041 fruuntur:
3465 2988 3555 3058 qui

2001 3093 2174 3137 autem
2226 3081 2563 3136 inﬁrmantur
2606 3081 2799 3148 oculis,
2832 3082 3110 3152 corrigunt
3144 3096 3222 3145 se,
3270 3089 3323 3135 et
3355 3081 3554 3143 vitant,

344 3173 624 3226 admodum
656 3188 758 3226 non
805 3148 1010 3240 pacem,
1051 3182 1105 3227 et
1134 3148 1580 3241 quemadmodum
1629 3172 1897 3241 gladium?
1926 3148 1969 3207 ε
2002 3185 2054 3231 et
2096 3175 2326 3246 fugiunt.
2372 3173 2502 3227 Nam
2550 3182 2604 3227 et
2661 3173 2959 3228 latronibus
2984 3148 3292 3228 vouerosum
3342 3181 3424 3227 est
3472 3171 3557 3226 lu-

356 3258 479 3314 Vent
540 3263 675 3314 enim
752 3262 977 3314 incidere
1048 3263 1305 3315 hominem
1390 3264 1634 3317 adversus
1696 3273 1897 3331 patrem

340 3346 599 3399 suum”:
648 3347 849 3414 accipio
884 3346 1025 3400 enim
1090 3346 1253 3399 ﬁlimn
1305 3348 1451 3417 ejus,
1496 3359 1549 3401 et
1596 3364 1699 3400 non
1752 3349 1897 3401 delc-

340 3446 517 3491 ctatur
544 3446 713 3510 pater.
750 3439 983 3491 Adverte
1012 3448 1186 3492 autem
1214 3449 1267 3492 et
1297 3439 1526 3508 ipsorum
1558 3436 1894 3492 efﬁcientiam

340 3542 680 3592 sermonum;
711 3530 833 3597 quia
876 3529 1016 3582 enim
1066 3532 1202 3583 dixit
1246 3530 1475 3599 gladimu
1518 3529 1773 3595 incidere,
1803 3532 1896 3584 ad-

341 3619 449 3672 dit:
474 3616 645 3671 Nolite
675 3631 857 3687 putare
882 3621 1002 3688 quia
1036 3622 1147 3674 veni
1174 3638 1350 3691 pacem
1380 3621 1579 3673 mittere
1604 3622 1654 3673 in
1680 3631 1893 3674 terram.

340 3710 455 3764 Non
490 3712 715 3779 suscipit
750 3724 915 3765 terra.
962 3711 1074 3765 Non
1126 3713 1244 3765 veni
1282 3728 1465 3782 pacem
1503 3715 1714 3766 mittere
1745 3732 1758 3766 :
1798 3712 1898 3766 ite-

346 3820 461 3857 rum
496 3805 614 3856 audi
650 3805 700 3856 in
733 3815 926 3857 terram
956 3822 968 3857 :
1000 3804 1108 3872 Ego
1137 3805 1301 3867 enim,
1329 3805 1517 3871 inquit,
1552 3820 1734 3873 parem
1767 3820 1896 3874 pra:-

340 3898 476 3957 dico,
509 3897 599 3949 sed
650 3905 787 3948 terra
821 3912 923 3948 non
966 3895 1209 3963 suscipit.
1252 3893 1362 3948 Non
1410 3911 1536 3965 ergo
1581 3897 1894 3952 seminantis

338 3988 666 4055 pr0positum
696 4004 708 4039 :
741 3986 856 4055 ipse
884 3987 1027 4040 enim
1058 3985 1315 4039 sustinuit
1350 3998 1406 4039 ut
1436 3986 1674 4041 facerent
1708 4003 1887 4049 uvam,

336 4079 577 4133 fecerunt
618 4089 797 4132 autem
831 4080 1029 4148 spinas.
1078 4078 1255 4147 Neque
1292 4078 1336 4132 is
1374 4079 1425 4133 itt
1463 4095 1622 4134 causa
1659 4090 1764 4147 est,
1798 4081 1885 4148 qui

333 4168 599 4225 benelecit
630 4171 797 4224 vinea:
826 4189 838 4225 :
886 4170 1005 4223 Veni
1038 4171 1200 4236 enim,
1234 4170 1425 4239 inquit,
1472 4172 1696 4224 incidere
1727 4172 1895 4225 homi-

337 4279 450 4315 nem
490 4263 735 4315 adversus
770 4275 970 4330 patrem
998 4279 1179 4325 suum,
1220 4272 1267 4315 et
1305 4279 1491 4315 nurum
1522 4264 1767 4318 adversus
1811 4281 1895 4317 so-

333 4371 478 4409 crum
515 4372 689 4409 suam.
744 4354 831 4408 lsti
883 4370 1157 4409 sermones
1200 4356 1357 4409 rebus
1405 4358 1533 4424 ipsis
1586 4357 1885 4412 ﬁrmantur.

2003 3284 2143 3331 men,
2191 3278 2246 3322 et
2277 3266 2483 3321 furibus
2534 3282 2640 3321 non
2676 3267 2949 3330 dilectum,
2998 3273 3051 3319 et
3103 3264 3364 3319 adulteris
3407 3264 3558 3319 odio—

1999 3376 2138 3412 sum.
2167 3358 2401 3426 Denique
2429 3366 2483 3410 et
2522 3372 2584 3410 ea
2614 3372 2733 3423 qua:
2777 3363 2966 3424 repunt
2997 3354 3234 3424 fugiunt;
3263 3365 3438 3409 ortum
3475 3342 3587 3408 est.

1997 3450 2140 3504 enim
2184 3448 2395 3513 lumen;
2437 3457 2493 3501 et
2532 3448 2622 3517 qui
2668 3457 2791 3500 sunt
2834 3445 2969 3500 ebrii
3002 3461 3106 3499 non
3154 3446 3379 3500 libenter
3418 3464 3556 3500 aect-

1997 3539 2167 3608 piunt,
2193 3538 2318 3607 quia
2357 3545 2509 3603 urget
2533 3550 2624 3589 eos
2654 3535 2830 3588 lumen
2853 3548 3161 3602 exsurgere.
3193 3534 3329 3588 Sunt
3355 3550 3484 3589 sane
3505 3547 3558 3589 et

1997 3628 2236 3697 quaedam
2277 3626 2525 3681 animalia
2562 3624 2962 3693 versipelliones
2991 3633 3045 3678 et
3076 3623 3285 3688 bellum,
3318 3632 3372 3677 et
3406 3640 3554 3694 qua»

1997 3734 2206 3787 cunque
2242 3718 2394 3773 istius
2426 3717 2638 3783 generis
2680 3717 2964 3776 habentur,
3003 3729 3120 3782 qua:
3156 3713 3205 3767 in
3242 3721 3407 3767 totum
3450 3728 3554 3766 no.1

1996 3812 2266 3866 sustinent
2318 3810 2535 3866 luminis
2569 3809 2768 3864 radios.
2811 3806 2946 3859 Sunt
2988 3816 3163 3859 autem
3200 3816 3253 3860 et
3282 3804 3553 3859 hominum

1997 3903 2147 3957 multi
2183 3903 2608 3971 versipelliones,
2638 3912 2691 3954 et
2713 3899 3179 3970 versipellionibus
3210 3897 3440 3966 pejores,
3476 3896 3554 3950 vi-

1994 4010 2136 4064 perae
2162 3995 2333 4064 magis
2354 4010 2512 4065 quam
2545 3993 2814 4056 homines,
2843 3991 3243 4055 amari,invidi,
3278 3988 3549 4053 malitiosi,

1994 4102 2129 4157 quos
2160 4100 2348 4139 omnes
2385 4086 2530 4151 fugat
2562 4084 2738 4137 lumen
2768 4098 2886 4136 cum
2923 4081 3082 4135 fuerit
3122 4091 3320 4134 ortmn.
3351 4080 3547 4134 lterum

1994 4190 2174 4232 autem
2208 4192 2388 4230 sermo
2430 4176 2659 4229 recurrit
2687 4174 2750 4224 ad
2779 4175 2949 4242 ipsum
2976 4182 3273 4233 certamen,
3302 4170 3384 4223 his
3434 4185 3551 4237 quae

1995 4272 2107 4325 heri
2145 4281 2269 4325 sunt
2306 4269 2469 4323 dicta.
2507 4266 2703 4319 ltermn
2740 4265 2879 4317 enim
2910 4264 3215 4333 propositus
3239 4272 3320 4315 est
3373 4261 3550 4314 Domi-

1995 4380 2095 4418 nus
2124 4362 2303 4423 .lesus,
2335 4370 2387 4412 et
2417 4356 2689 4428 preposita
2721 4365 2844 4410 sunt
2881 4355 2981 4407 alia
3023 4353 3208 4406 nmlta.
3244 4352 3404 4405 Pater
3436 4350 3547 4404 liti--

333 4445 527 4513 Quanti
551 4448 690 4502 enim
715 4464 779 4501 ex
800 4448 881 4501 his
897 4448 984 4515 qui
1006 4447 1091 4500 hic
1114 4462 1253 4500 tmnc
1284 4458 1661 4511 convenerunt,
1697 4448 1889 4504 habent
1920 4480 1964 4534 Β
1995 4473 2148 4527 gans,
2182 4462 2355 4508 mater
2403 4448 2797 4511 contradicens,
2826 4462 2980 4501 soror
3019 4447 3325 4515 increpans,
3381 4444 3549 4498 frater

332 4553 517 4593 eorum
585 4555 702 4608 qua:
762 4540 1009 4593 dicuntur
1066 4539 1548 4607 experimentum?
1596 4540 1691 4594 Est
1742 4543 1885 4595 enim

331 4637 483 4698 pater
520 4630 802 4699 increpans
837 4628 975 4683 ﬁlios
1009 4629 1077 4683 ob
1120 4630 1511 4695 credulitatem,
1538 4638 1592 4684 et
1638 4631 1730 4684 lilii
1775 4648 1886 4687 mo-

330 4733 519 4776 nentes
556 4731 737 4790 patres
780 4722 844 4774 ad
896 4722 1085 4784 tidem,
1129 4730 1183 4773 et
1225 4721 1344 4775 ﬁliae
1376 4723 1629 4776 docentes
1663 4735 1881 4779 matres.

331 4816 387 4867 Si
422 4816 565 4869 enim
610 4825 662 4869 et
700 4830 765 4868 ex
816 4816 926 4882 ipsa
962 4821 1148 4866 natura
1178 4829 1385 4877 omnes,
1430 4816 1521 4869 sed
1565 4831 1664 4869 non
1697 4833 1759 4870 ex
1792 4832 1883 4871 eo-

331 4908 452 4963 dem
504 4910 795 4978 proposito.
861 4907 1096 4975 Denique
1139 4915 1194 4961 et
1232 4923 1294 4960 ex
1347 4907 1725 4975 conspersione
1777 4925 1880 4961 una

329 4996 583 5065 pollinis,
631 4995 871 5066 quaedam
912 4995 1125 5063 quidem
1189 5011 1309 5064 quae
1362 4997 1411 5048 in
1461 4995 1719 5051 fermento
1758 5009 1882 5053 sunt

333 5088 712 5154 dissolvuntur,
750 5088 987 5156 quaedam
1032 5096 1208 5139 autem
1239 5102 1354 5156 qua:
1390 5087 1712 5142 fermentata
1756 5099 1881 5143 sunt

334 5180 666 5233 continentur
704 5197 717 5232 :
751 5188 805 5232 et
838 5192 1024 5231 carnes
1070 5178 1226 5231 aliter
1262 5188 1507 5231 tenentur
1552 5194 1669 5247 qua:
1713 5180 1876 5235 salem

332 5268 561 5332 habent,
602 5272 755 5323 aliter
798 5284 916 5337 qua:
943 5269 1057 5322 sine
1107 5268 1215 5322 sale
1260 5279 1693 5336 corrmnpuntur.
1742 5270 1873 5324 Nam

327 5360 429 5416 etsi
450 5360 561 5428 ipsa
590 5371 773 5413 natura
799 5362 868 5414 sit
888 5361 1087 5425 carnis,
1116 5374 1218 5412 non
1247 5368 1420 5413 tamen
1446 5360 1553 5427 ipsa
1578 5362 1872 5427 permistio.

328 5451 485 5507 Aliud
517 5451 694 5504 vinum
730 5461 812 5507 est
843 5452 957 5506 sine
990 5468 1144 5522 aqua,
1173 5460 1225 5504 et
1265 5450 1406 5504 aliud
1446 5468 1566 5505 cum
1620 5467 1777 5521 aqua.
1814 5454 1877 5507 Et

328 5545 611 5618 ligulorum
647 5546 711 5598 ad
757 5547 1129 5615 permiStioues
1191 5546 1474 5600 diversitas
1523 5546 1747 5599 habetur
1777 5564 1790 5603 :
1824 5561 1876 5602 ct

401 5664 419 5688 "
464 5661 658 5732 Ephes.
686 5678 744 5725 ll,
778 5662 863 5714 l4.
937 5661 959 5693 ⁸
997 5659 1013 5712 l
1044 5661 1165 5713 Cor.
1197 5678 1267 5727 vt,
1302 5663 1381 5715 l3.

404 5758 514 5829 (δι)
554 5756 801 5812 Adversa.
836 5756 915 5809 Au
942 5756 1137 5807 diversa
1163 5758 1185 5806 ἱ)

1460 5666 1478 5693 ’³
1519 5663 1703 5719 Matth.
1736 5681 1786 5729 ι,
1820 5667 1903 5719 55.

1993 4548 2347 4619 exprobrans,
2368 4543 2507 4598 servi
2526 4549 2892 4610 exsurgentes,
2913 4539 3117 4593 ancilla:
3138 4546 3544 4609 exaggerantes.

1996 4638 2372 4709 Unusquisque
2417 4636 2557 4689 enim
2588 4649 2739 4688 suam
2776 4632 3103 4687 voluntatem
3140 4640 3263 4685 ante
3316 4629 3543 4685 salutem

1991 4729 2220 4782 ﬁliorum
2259 4739 2594 4795 praeponens,
2660 4724 2827 4777 trahit
2887 4724 2951 4776 ad
3009 4737 3162 4775 suum
3211 4720 3541 4790 propositum

1990 4822 2243 4891 ignorans
2273 4819 2655 4888 proditionem.
2689 4816 2993 4871 Certamina
3045 4830 3174 4885 ergo
3203 4830 3299 4883 pro
3328 4813 3545 4869 Christo

1989 4912 2141 4965 nobis
2173 4919 2302 4966 sunt
2337 4928 2349 4964 :
2381 4909 2627 4965 Christus
2660 4917 2863 4961 tantum
2895 4908 3099 4959 lucrum
3127 4916 3207 4960 est
3234 4924 3245 4958 :
3278 4906 3365 4959 ille
3396 4905 3539 4958 enim

1986 5006 2130 5056 venit
2157 5003 2223 5056 ad
2250 5001 2560 5065 Ecclesiam,
2588 5000 2724 5052 alius
2780 4998 3031 5052 distrahit
3079 5007 3132 5051 et
3177 4998 3307 5051 emit
3342 4995 3540 5051 oblitus

1986 5094 2185 5148 Christi
2224 5108 2238 5145 :
2272 5093 2363 5147 ille
2384 5094 2531 5148 audit
2564 5092 2832 5148 Christum
2860 5106 2957 5159 per
2990 5090 3273 5159 Evangelia
3312 5089 3536 5156 loquen-

1987 5196 2114 5253 tem,
2141 5187 2275 5240 alius
2314 5197 2366 5239 et
2395 5185 2801 5253 adestpedibus,
2837 5193 2890 5238 et
2916 5192 3091 5238 mente
3123 5183 3267 5236 foras
3293 5192 3534 5252 vagatur.

1983 5279 2074 5332 llle
2105 5278 2242 5343 patri
2277 5278 2440 5332 donat
2472 5276 2819 5345 perditionem
2848 5292 3018 5337 suam,
3047 5275 3181 5328 alius
3217 5275 3373 5328 matri
3402 5290 3534 5329 con-

1984 5372 2149 5424 sentit
2181 5380 2236 5423 ut
2268 5386 2370 5424 non
2412 5368 2520 5421 Deo
2550 5368 2688 5435 quod
2715 5369 2965 5422 convenit
2994 5369 3260 5423 restituat.
3292 5369 3372 5423 Ad
3400 5368 3534 5422 mul-

1986 5471 2065 5515 tos
2104 5462 2268 5529 igitur
2293 5459 2537 5514 convenit
2565 5458 2793 5529 jurgari,
2835 5470 2889 5515 ut
2922 5460 3100 5515 multa:
3127 5460 3535 5516 efﬁcianturco-

1987 5567 2149 5606 route.
2186 5552 2267 5604 Ad
2296 5551 2562 5607 diabolum
2606 5552 2798 5621 quippe
2846 5561 2897 5607 et
2929 5552 3125 5609 milites
3178 5553 3331 5623 ejus:
3384 5553 3531 5609 multi

1984 5668 2025 5697 ‘°
2061 5668 2186 5723 ibid.
2220 5668 2304 5723 53.
