4050 6206
476 285 609 341 H79

1132 271 1400 329 EUSEBII
1438 266 1914 326 CIESARIENSIS
1945 263 2093 320 OPP.
2136 256 2313 314 PARS
2353 255 2441 309 ιν.
2479 284 2549 294 -
2585 249 2980 307 DOGMATICA

3549 246 3569 300 1
3588 246 3685 300 180

477 414 651 454 autem
683 403 807 451 sunt
836 402 891 447 et
926 390 1033 446 isti.
1060 386 1287 458 Urgetur
1310 402 1439 441 sane
1469 396 1523 440 et
1546 394 1717 453 pater,
1752 391 1804 437 et
1833 388 2023 443 mater,
2054 386 2100 441 Α
2128 375 2203 429 dit
2230 391 2243 426 :
2282 380 2525 425 mortuus
2556 367 2697 422 enim
2728 376 2832 420 est.
2852 363 3027 417 Timet
3058 370 3233 416 autem
3257 376 3325 416 ne
3346 362 3469 432 quis
3492 364 3686 418 malam

478 503 530 547 et
550 490 766 550 fratres,
789 496 843 539 et
876 482 1105 552 cognati,
1133 490 1186 533 et
1212 479 1390 541 amici,
1420 488 1474 531 et
1505 478 1668 541 servi,
1700 487 1753 530 et
1789 473 2025 537 ancillae;

478 600 545 637 ex
581 582 765 636 multis
790 577 931 631 enim
959 573 1173 627 tristitia
1195 582 1296 635 est,
1339 571 1460 624 ideo
1491 578 1547 622 ut
1572 578 1627 625 et
1653 578 1795 623 tanta
1830 565 2027 620 habea-

481 688 568 730 tur
605 673 807 736 ltetitia,
856 676 910 723 ct
957 668 1224 722 addantur
1273 664 1491 732 nuptiae,
1548 673 1603 716 et
1648 660 2032 731 promissiones

481 785 640 837 opum
673 763 945 827 mortales,
972 760 1066 815 sed
1090 772 1186 812 nec
1209 768 1433 811 mortuae
1464 775 1476 810 :
1524 770 1643 824 qua:
1701 754 1843 808 enim
1890 767 2031 806 nun-

484 873 641 925 quam
678 857 945 914 vixerunt,
982 865 1049 904 ne
1077 850 1295 918 quidem
1347 858 1554 900 mortua
1604 855 1887 909 vocentur,
1937 843 2032 897 sed

485 950 584 1002 alia
615 947 778 1016 pejori
812 944 1222 1013 nuncupatione.
1257 944 1358 995 Sed
1381 944 1433 994 in
1460 942 1537 994 his
1562 939 1822 1005 omnibus,
1862 937 2034 1006 inquit

482 1038 791 1109 Apostolus,
836 1035 1245 1102 superrincimus
1294 1043 1503 1102 propter
1534 1047 1648 1084 eum
1684 1031 1771 1097 qui
1818 1044 1908 1081 nos
1943 1043 2036 1081 su-

487 1128 767 1200 perdilexit
803 1129 865 1183 “.
890 1128 955 1181 Et
980 1127 1022 1180 si
1073 1126 1191 1195 quis
1224 1122 1457 1193 Apostoli
1503 1123 1741 1175 imitator
1768 1129 1848 1174 est
1878 1135 1893 1184 ;
1945 1120 2033 1188 qui

486 1223 629 1275 enim
664 1221 899 1273 imitatur
933 1232 1078 1280 eum,
1122 1217 1359 1267 imitatur
1396 1213 1669 1266 Christum
1701 1229 1715 1278 ;
1752 1211 1943 1265 transit
1972 1209 2038 1263 ab

489 1312 789 1366 imitatione
849 1309 914 1361 ad
972 1306 1338 1378 principalem.
1390 1305 1679 1371 Jurgeutur
1745 1303 1923 1357 omnia
1981 1311 2040 1357 ut

490 1419 846 1468 coronemur;
885 1403 935 1453 in
970 1401 1214 1454 omnibus
1249 1399 1317 1453 sit
1354 1398 1585 1466 jurgium
1632 1399 1695 1450 ad
1744 1396 2041 1465 pulchritu-

489 1498 689 1563 dinem,
724 1496 787 1549 ad
818 1494 1207 1565 possessiones,
1237 1492 1301 1546 ad
1329 1492 1566 1555 divitias,
1621 1490 1685 1541 ad
1742 1498 1997 1558 cognatos
2022 1528 2040 1555 ,

490 1590 557 1642 ad
592 1599 819 1657 patrem,
852 1589 915 1640 ad
953 1586 1284 1647 matrem,ad
1314 1586 1503 1637 fratres
1526 1624 1539 1644 ,
1575 1584 1639 1635 ad
1687 1596 1872 1636 servos
1912 1598 1925 1647 ;
1989 1589 2044 1635 et

494 1683 652 1735 vicini
683 1681 1082 1749 impugnatores
1118 1678 1377 1731 exsistant
1407 1696 1420 1730 :
1458 1675 1651 1729 sullicit
1674 1675 1818 1728 enim
1866 1673 2047 1729 chari-

496 1786 575 1828 tas
624 1774 781 1827 unius
828 1782 885 1825 ut
933 1770 1358 1840 superetomnia.
1393 1768 1501 1836 Ego
1529 1777 1703 1821 autem
1742 1775 1795 1819 et
1827 1766 2037 1819 misera-

493 1865 625 1919 biles
649 1873 793 1932 puto,
826 1861 912 1929 qui
947 1878 1048 1913 non
1080 1869 1203 1912 sunt
1256 1860 1459 1928 experti
1515 1857 1811 1913 istiusmodi
1866 1858 2049 1911 turbeo

496 1957 573 2011 Ias
604 1967 819 2025 propter
854 1955 1136 2008 Dominum
1165 1953 1367 2006 Jesum.
1398 1950 1504 2003 Illis
1548 1959 1726 2002 autem
1762 1957 2049 2014 congratu-

496 2048 577 2101 lor
610 2049 695 2113 qui
731 2047 922 2100 habent
948 2046 1001 2097 iu
1047 2054 1222 2095 mente
1273 2052 1326 2094 et
1358 2041 1691 2093 conscientia
1716 2054 1811 2091 sua
1842 2038 2044 2092 dicere.

496 2138 637 2190 Ecce
670 2136 947 2189 Dominum
988 2136 1063 2186 tui
1100 2143 1317 2201 propter
1358 2130 1466 2200 (85)
1503 2131 1750 2183 inimicus
1788 2142 1869 2183 est
1922 2130 2050 2182 mihi

500 2236 650 2296 pater
676 2241 845 2290 meus,
874 2225 1435 2293 expugnatrixmater,
1469 2221 1636 2277 frater
1668 2221 1890 2284 insistit,
1911 2220 2053 2274 servi

499 2319 863 2379 contristant.
931 2315 1139 2369 ancillae
1172 2315 1482 2383 jurgantur,
1539 2323 1592 2366 et
1650 2314 1825 2366 nullus
1864 2313 2053 2366 horum

507 2413 636 2467 mihi
674 2420 729 2464 ut
758 2410 1003 2464 inimicus
1036 2418 1117 2461 est
1150 2416 1363 2475 preptcr
1392 2416 1535 2458 tuam
1564 2404 1930 2457 dilectionem.
1969 2402 2057 2456 Si-

506 2506 720 2576 quidem
752 2514 804 2558 et
834 2504 885 2556 in
921 2501 1075 2556 bellis
1109 2501 1306 2555 milites
1334 2509 1563 2567 quantas
1597 2498 1777 2566 plagas
1806 2497 1874 2551 ob
1903 2510 2053 2548 amo-

506 2612 619 2651 rem
653 2596 792 2662 regis
825 2593 1128 2661 accipiunt?
1155 2606 1533 2658 nonnunquam
1571 2591 1711 2642 enim
1740 2600 1793 2642 et
1824 2587 2057 2657 gauden-

504 2700 585 2743 tes
612 2687 899 2742 ostendunt
937 2696 993 2741 et
1044 2686 1357 2754 sanguinem
1401 2682 1610 2744 fluxus,
1667 2692 1722 2735 et
1784 2682 2056 2750 plagarum

506 2782 805 2845 cicatrices,
836 2795 933 2849 per
956 2793 1074 2845 qua:
1097 2776 1458 2843 experimenta
1488 2774 1693 2842 fulgent
1728 2787 1939 2826 amores
1963 2772 2055 2839 qui

507 2874 571 2927 ad
609 2888 784 2942 regem
809 2880 930 2924 sunt
955 2867 1146 2921 habiti.
1171 2865 1235 2919 Et
1264 2876 1408 2919 certe
1432 2873 1638 2932 qumrat
1672 2862 2057 2931 unusquisque,

506 2976 561 3020 et
592 2966 768 3035 pigeat
804 2969 1265 3029 unumquemque,
1303 2966 1362 3010 ut
1394 2958 1530 3010 alius
1564 2966 1817 3025 acceptus
1842 2956 1932 3010 sit.
1970 2954 2061 3007 llle

2130 466 2296 520 vitam
2320 464 2469 517 vivat
2496 479 2510 515 :
2540 458 2733 516 mortui
2762 457 2903 511 enim
2932 469 3138 509 sumus.
3172 452 3310 507 Nam
3341 463 3395 507 et
3424 455 3515 524 qui
3546 470 3691 507 rnor-

2131 557 2236 611 tuis
2260 554 2483 623 sepultis
2505 565 2717 607 mensas
2745 557 3017 619 apponunt
3049 557 3102 601 et
3133 561 3315 608 escas,
3346 547 3596 602 delirant.
3631 546 3686 603 Si

2131 646 2293 716 igitur
2318 658 2532 699 mensas
2563 654 2831 712 apponere
2858 638 3082 693 mortuis
3132 638 3549 693 deliramentum
3583 648 3684 705 est,

2132 745 2185 791 et
2208 734 2519 790 comminari
2542 731 2764 786 mortuis
2787 730 2965 785 irrisio
2986 740 3069 785 est
3096 747 3111 787 :
3140 739 3197 783 et
3223 738 3368 784 certe
3398 731 3689 786 adveniant

2133 834 2183 879 et
2217 825 2393 887 minae,
2424 832 2691 877 acuautur
2724 820 2905 890 gladii,
2930 829 2983 874 et
3019 822 3311 885 exercitus,
3335 828 3389 874 et
3440 819 3613 890 leges,
3639 832 3692 876 et

2134 914 2442 970 civitatibus
2474 921 2731 982 appareat
2766 910 2891 965 Jesu
2920 909 3125 965 Christi
3175 911 3380 965 Domini
3408 911 3606 974 virtus,
3637 922 3693 966 et

2137 1023 2289 1062 amor
2339 1016 2393 1061 et
2444 1006 2678 1060 flairima.
2724 1005 2920 1058 Audite
2975 1004 3139 1073 igitur
3189 1003 3280 1071 qui
3321 1002 3518 1057 Domini
3549 1002 3688 1059 Jesu

2137 1099 2423 1170 participes
2452 1096 2825 1167 mysteriorum
2853 1104 2984 1149 estis
3015 1094 3230 1148 :audite
3250 1094 3527 1161 Christum,
3558 1097 3685 1150 cul-

2140 1202 2284 1245 tores
2308 1189 2441 1258 ejus.
2469 1190 2603 1255 Quid
2630 1189 2759 1242 dicit
2798 1187 2973 1240 lumen
3020 1187 3248 1240 verum?
3270 1186 3398 1254 quid
3452 1186 3683 1256 loquitur

2141 1284 2265 1336 via?
2296 1283 2424 1352 quid
2451 1282 2821 1351 clamatjanua
2847 1280 2869 1332 ?
2898 1280 3022 1348 quid
3049 1278 3375 1333 vociferatur
3411 1278 3551 1331 vita?
3579 1279 3680 1343 Qui

2141 1376 2332 1445 diligit,
2365 1374 2557 1444 inquit,
2584 1383 2780 1438 patrem
2811 1381 2899 1424 aut
2928 1382 3144 1424 matrem
3172 1386 3330 1438 super
3357 1385 3456 1433 me,
3496 1384 3591 1421 non
3612 1379 3681 1422 est

2142 1483 2223 1520 me
2249 1468 2434 1536 dignus
2457 1465 2521 1518 ¹².
2553 1466 2617 1519 Et
2650 1479 2756 1518 non
2782 1461 2972 1517 sullicit
2994 1463 3119 1515 hoc.
3144 1461 3339 1515 lterum
3369 1460 3512 1514 enim
3534 1458 3687 1513 dicit:

2146 1558 2214 1613 Et
2240 1562 2329 1629 qui
2352 1576 2455 1612 non
2493 1558 2677 1625 accipit
2712 1572 2915 1609 erucem
2940 1570 3110 1618 suam,
3149 1562 3195 1606 et
3216 1553 3448 1619 sequitur
3467 1567 3566 1617 me,
3593 1568 3695 1605 non

2146 1662 2218 1705 est
2253 1668 2332 1704 me
2366 1652 2553 1721 dignus
2585 1649 2652 1701 ιθ.
2684 1650 2784 1702 Ista
2813 1657 2897 1702 est
2927 1649 3133 1701 vocatio
3176 1660 3363 1697 eorum
3423 1644 3514 1712 qui
3560 1643 3701 1697 mili-

2155 1753 2268 1795 tare
2307 1744 2616 1796 desiderant
2653 1740 2892 1795 Christo.
2929 1737 2986 1792 Si
3017 1738 3136 1805 quis
3178 1737 3341 1806 igitur
3368 1742 3587 1805 paratus
3620 1744 3703 1789 est

2151 1832 2412 1901 crucillgi,
2442 1831 2657 1884 veniat:
2697 1830 2740 1885 si
2765 1830 2884 1899 quis
2911 1827 3089 1881 alacer
3128 1837 3213 1880 est
3258 1826 3323 1879 ad
3353 1833 3604 1889 mortem,
3655 1825 3701 1877 si

2152 1924 2271 1992 quis
2301 1933 2472 1991 potest
2498 1923 2561 1975 ad
2592 1921 2845 1991 gladium,
2874 1920 2918 1973 si
2953 1920 3074 1989 quis
3103 1918 3171 1971 ad
3202 1916 3491 1979 ﬂammam,
3519 1916 3562 1970 si
3582 1915 3704 1985 quis

2153 2016 2217 2069 ad
2249 2019 2444 2084 ignem,
2472 2015 2518 2068 si
2550 2016 2670 2083 quis
2713 2014 2778 2066 ad
2809 2014 3099 2076 exercitus,
3125 2010 3168 2064 si
3198 2009 3320 2077 quis
3349 2008 3415 2061 ad
3454 2006 3703 2075 concupi-

2154 2108 2409 2173 scentias,
2443 2107 2487 2160 si
2521 2107 2641 2175 quis
2669 2106 2733 2157 ad
2786 2105 3057 2167 libidines,
3107 2104 3149 2156 si
3179 2104 3300 2171 quis
3345 2101 3411 2154 ad
3457 2100 3611 2165 iram,
3652 2097 3700 2153 si

2155 2198 2276 2265 quis
2299 2199 2362 2248 ad
2390 2197 2832 2265 indignationem,
2864 2196 2907 2250 si
2942 2196 3062 2265 quis
3088 2196 3151 2247 ad
3182 2209 3310 2262 opes
3357 2202 3413 2246 et
3450 2192 3661 2245 divitias
3682 2228 3700 2255 ,

2159 2298 2213 2341 et
2244 2289 2627 2357 possessiones,
2668 2298 2721 2342 et
2753 2286 3000 2348 tediticia,
3044 2295 3097 2338 et
3122 2296 3469 2349 mercaturas,
3533 2292 3586 2335 et
3638 2281 3705 2333 ad

2168 2380 2496 2447 principatus
2528 2389 2578 2432 et
2608 2388 2921 2447 potestates,
2962 2378 3027 2429 ad
3058 2376 3294 2428 visibiles
3328 2386 3378 2427 et
3410 2372 3710 2427 invisibiles

2157 2471 2425 2531 inimicos,
2456 2470 2519 2523 ad
2550 2472 2772 2539 spiritus
2812 2484 3070 2537 nequam,
3098 2468 3163 2520 ad
3198 2479 3430 2528 carnem,
3461 2466 3526 2516 ad
3551 2465 3701 2531 cogi-

2160 2570 2329 2613 tatum
2366 2562 2579 2622 animm,
2612 2561 2676 2612 ad
2706 2568 2999 2611 nocturnas
3033 2556 3375 2616 ambitiones,
3411 2554 3475 2605 ad
3519 2563 3707 2607 motus

2160 2651 2506 2717 meridianos,
2541 2650 2607 2704 ad
2656 2649 2955 2717 juventutis
2984 2647 3273 2712 fervorem,
3312 2646 3378 2698 ad
3407 2643 3664 2712 impetum
3692 2683 3713 2710 ,

2165 2743 2230 2797 ad
2256 2742 2449 2796 famem
2486 2751 2538 2796 et
2568 2742 2738 2806 sitim,
2772 2740 2837 2794 ad
2872 2742 3141 2803 homines,
3176 2738 3242 2793 ad
3266 2738 3554 2805 languores
3580 2776 3596 2801 ,
3646 2733 3716 2787 ad

2161 2836 2445 2897 sanitates,
2478 2836 2542 2888 ad
2570 2834 2801 2887 divitias.
2837 2833 2937 2885 Per
2966 2833 3078 2885 hac
3097 2830 3239 2885 enim
3270 2829 3451 2882 omnia
3479 2828 3718 2881 vincitur

2164 2926 2488 2981 desiderium
2520 2944 2534 2980 :
2578 2926 2748 2995 magis
2773 2933 2950 2978 autem
2980 2924 3310 2977 desiderium
3342 2936 3515 2990 neque
3546 2919 3717 2974 vinci-

508 3032 723 3126 quidem
750 3055 819 3107 ita
870 3053 1166 3121 proposuit,
1220 3048 1357 3102 alius
1385 3048 1541 3101 aliter
1594 3047 1773 3101 alacer
1825 3046 1942 3100 fuit.
1991 3044 2060 3099 Ut
2088 3065 2130 3121 ρ
2166 3053 2271 3107 tur,
2305 3054 2475 3108 neque
2514 3038 2837 3100 deﬂectitur,
2879 3037 2971 3091 sed
3003 3050 3098 3105 per
3135 3035 3240 3089 ista
3294 3034 3473 3087 omnia
3507 3032 3674 3086 vincit
3699 3072 3714 3096 ,

509 3148 844 3201 dinumerem
878 3140 1108 3208 singula,
1143 3139 1270 3207 quid
1319 3138 1462 3191 enim
1516 3144 1569 3189 et
1602 3136 1774 3189 habeo
1810 3136 2059 3189 dinume-

510 3252 631 3291 rare
660 3245 880 3305 propter
913 3234 1080 3285 eum?
1111 3231 1241 3298 Quis
1294 3231 1437 3284 enim
1488 3244 1571 3282 me
1604 3242 1826 3282 exosum
1876 3225 2065 3280 habuit

510 3339 730 3401 propter
755 3325 1063 3382 Christum?
1090 3324 1219 3389 Quis
1253 3338 1335 3376 me
1366 3320 1649 3387 castigavit
1678 3326 1893 3389 propter
1918 3315 2065 3369 eum?

511 3425 643 3491 Quis
676 3437 762 3477 me
792 3432 945 3490 pater
1000 3416 1299 3471 abdicavit?
1325 3415 1453 3480 Quze
1485 3422 1657 3466 mater
1707 3412 1932 3463 adversa
1978 3419 2065 3459 me

512 3516 642 3573 est?
678 3515 807 3581 Quis
851 3512 1019 3566 frater
1051 3510 1338 3563 adversum
1372 3519 1456 3559 me
1495 3499 1846 3556 exsurrexit?
1889 3496 1932 3552 Ο
1959 3496 2063 3550 mi-

508 3608 814 3666 serabilitas
842 3619 1025 3658 eorum
1060 3602 1151 3670 qui
1182 3615 1285 3653 non
1316 3597 1513 3651 habent
1542 3594 1674 3647 ista!
1708 3591 1857 3644 Alius
1886 3596 2065 3643 autem

513 3702 662 3755 dives
691 3707 744 3754 et
771 3697 975 3767 spissus
1010 3694 1059 3746 in
1086 3691 1298 3760 opibus,
1335 3688 1489 3740 lmtus
1523 3694 1607 3739 est
1635 3692 1834 3743 mente,
1874 3679 1998 3749 quia
2035 3693 2065 3731 a

512 3792 822 3849 civitatibus
848 3797 901 3841 et
934 3783 1236 3839 nationibus
1274 3782 1613 3838 decantatur,
1646 3774 1770 3842 quia
1797 3772 2065 3825 theatrum

513 3893 597 3938 est
627 3883 801 3935 factus
819 3886 873 3931 et
902 3874 1107 3944 angelis
1131 3882 1183 3925 et
1221 3868 1544 3924 hominibus.
1572 3862 1953 3932 Dignus-enim
1984 3872 2067 3915 est

514 3976 604 4045 qui
629 3974 980 4033 desideratur,
1016 3977 1069 4021 et
1101 3965 1225 4035 quia
1282 3964 1587 4029 iuerepatur
1614 3966 1667 4012 et
1702 3955 1902 4021 oditur,
1942 3953 2065 4022 quia

514 4067 718 4123 inimici
745 4062 974 4119 hominis
1001 4055 1280 4113 domestici
1328 4053 1463 4120 ejus,
1487 4059 1540 4105 et
1564 4050 1687 4118 quia
1722 4047 1962 4100 abscisus
1985 4053 2069 4099 est

515 4160 583 4214 ab
612 4174 676 4213 eo
698 4164 872 4226 pater,
903 4163 958 4208 et
988 4168 1091 4205 non
1116 4148 1390 4204 consentit
1424 4154 1614 4208 mater,
1643 4142 1769 4211 quia
1822 4140 2068 4194 noctibus

513 4258 871 4321 expugnatur,
905 4254 958 4301 et
981 4259 1075 4315 per
1098 4243 1210 4297 dies
1258 4247 1571 4298 coronatur,
1605 4238 1734 4293 mihi
1757 4246 1810 4290 et
1836 4236 1967 4288 meis
1989 4233 2069 4286 vi-

515 4343 756 4399 sceribus
810 4349 864 4394 et
915 4337 1053 4391 ossis
1083 4334 1218 4388 bella
1269 4346 1385 4401 qua}
1424 4345 1519 4399 pro
1550 4329 1767 4385 Christo
1807 4336 1949 4382 sunt.
2004 4326 2069 4379 Et

2163 3141 2216 3185 et
2243 3133 2431 3183 iterum
2459 3128 2745 3180 abundans
2774 3126 2823 3179 in
2850 3124 3229 3194 prmdicatione
3270 3133 3374 3176 est.
3423 3121 3540 3175 Non
3569 3122 3713 3175 enim

2166 3230 2305 3275 tacet
2333 3219 2588 3282 Verbum,
2625 3216 2855 3271 Verbum
2880 3217 3051 3280 Deus;
3082 3231 3185 3269 non
3225 3225 3401 3268 tamen
3454 3228 3555 3267 vox
3587 3212 3719 3267 Ver-

2164 3314 2312 3379 bum,
2342 3312 2468 3381 quia
2506 3325 2602 3365 nec
2633 3308 2868 3364 Joannes
2896 3309 2986 3379 qui
3027 3318 3248 3363 vocatus
3296 3317 3381 3361 est
3438 3322 3559 3373 vos,
3616 3321 3720 3359 vox

2164 3415 2304 3467 erat,
2342 3405 2433 3457 sed
2466 3403 2720 3457 Joannes.
2763 3402 2901 3469 Quid
2930 3415 3106 3455 autem
3141 3402 3269 3455 dicit
3298 3403 3387 3470 qui
3427 3401 3562 3452 venit
3608 3398 3719 3450 sal-

2164 3512 2291 3551 vare
2312 3498 2334 3550 ?
2366 3498 2466 3561 Qui
2489 3498 2675 3549 invenit
2702 3497 2929 3547 animum
2952 3510 3118 3557 suam,
3138 3493 3318 3561 perdet
3346 3509 3462 3547 eam
3481 3489 3720 3547 “.Forte

2165 3590 2448 3645 obscurum
2483 3589 2575 3642 tibi
2608 3587 2820 3641 videtur
2855 3586 3005 3656 quod
3033 3587 3232 3639 dictum
3259 3596 3341 3640 est
3372 3603 3387 3637 :
3422 3586 3547 3654 quia
3577 3584 3729 3637 enim

2168 3698 2271 3736 non
2304 3683 2470 3735 babes
2495 3690 2913 3746 sacramentum,
2947 3695 3114 3749 neque
3137 3693 3324 3732 omnes
3359 3679 3536 3732 omnia
3569 3676 3726 3731 intel-

2171 3775 2411 3844 ligimus,
2449 3789 2624 3843 neque
2650 3788 2839 3827 omnes
2869 3774 2935 3827 ab
2969 3772 3215 3826 omnibus
3248 3786 3550 3833 movemur,
3603 3772 3727 3823 ideo

2166 3878 2320 3935 putas
2336 3869 2557 3921 obscura
2579 3865 2700 3929 :Qui
2716 3866 2899 3918 inuenit
2919 3866 3145 3917 animam
3162 3879 3331 3928 suam,
3350 3865 3522 3932 perdet
3540 3864 3724 3929 eam",

2168 3960 2269 4013 hoc
2297 3969 2399 4022 est,
2436 3959 2661 4028 quivult
2701 3958 2942 4011 invenire
2992 3958 3195 4026 perdet.
3250 3957 3568 4022 Quomodo?
3597 3936 3726 4021 Quae

2170 4051 2519 4118 inventioest,
2546 4066 2599 4105 et
2620 4065 2737 4120 quae
2762 4049 3021 4103 amissio?
3050 4049 3121 4102 De
3144 4052 3257 4117 ipsa
3283 4050 3574 4116 eademque
3603 4046 3722 4099 ani-

2169 4161 2252 4197 ma
2291 4145 2379 4213 qui
2410 4145 2724 4214 martyrium
2758 4144 2979 4212 patitur,
3039 4142 3179 4195 tollit
3236 4141 3555 4202 hominibus,
3608 4139 3720 4191 Deo

2168 4249 2345 4291 autem
2382 4238 2602 4289 invenit.
2638 4235 2741 4299 Qui
2781 4218 3061 4302 perdiderit
3088 4234 3314 4285 animum
3344 4245 3486 4283 suam
3509 4241 3726 4297 propter

2172 4346 2275 4395 me,
2331 4329 2555 4383 inveniet
2601 4328 2806 4381 eam".
2868 4327 3312 4395 lnterpretatioue
3369 4338 3473 4377 non
3518 4322 3726 4392 indiget

517 4434 659 4488 unde
692 4431 821 4485 mihi
858 4431 956 4484 hoc
982 4444 1141 4498 supra
1170 4426 1484 4493 dignilalem
1522 4430 1604 4475 est
1660 4434 1854 4483 meam,
1900 4428 1957 4471 υι
1987 4416 2066 4472 vel
2102 4397 2144 4449 θ
2176 4438 2392 4487 sermo;
2423 4421 2511 4490 qui
2536 4419 2803 4475 desiderat
2830 4419 2940 4487 jam
2973 4418 3197 4471 audivit.
3237 4416 3342 4486 Ego
3368 4425 3548 4469 autem
3572 4428 3724 4467 com-

520 4526 770 4596 injuriam
802 4538 899 4593 pro
934 4521 1151 4577 Christo
1182 4514 1524 4571 sustineam?
1569 4512 1727 4567 Cruci
1762 4518 1942 4564 autem
1973 4509 2065 4579 ﬁgi

517 4628 574 4673 et
598 4618 814 4672 inverso
843 4614 1035 4682 capite,
1054 4610 1197 4665 Petri
1218 4608 1385 4676 magis
1410 4616 1492 4661 est
1518 4622 1677 4675 quam
1709 4605 1932 4658 aliorum
1976 4603 2071 4657 ho~

519 4710 748 4765 minum.
786 4706 1053 4761 Ebrietate
1080 4718 1213 4773 opus
1237 4710 1319 4756 est
1342 4710 1395 4754 et
1416 4700 1648 4761 fervore,
1679 4696 1938 4751 ebrietate
1966 4712 2069 4750 non

520 4819 553 4859 a
580 4803 723 4865 vino,
750 4801 842 4854 sed
875 4814 937 4854 ea
964 4812 1081 4867 quae
1107 4795 1173 4850 ob
1190 4805 1422 4847 amorem
1445 4800 1527 4845 est
1548 4790 1766 4844 Christi.
1792 4787 1893 4853 Qui
1924 4788 2068 4842 enim

522 4904 724 4957 amant,
750 4891 879 4947 nihil
898 4890 1081 4946 vident
1109 4887 1209 4941 nisi
1226 4900 1347 4940 eum
1380 4897 1538 4953 quem
1558 4882 1800 4951 diligunt.
1822 4878 2077 4933 Nesciunt

522 4988 650 5059 quia
679 4993 761 5041 est
788 4984 923 5039 alius
958 4983 1009 5037 in
1042 4982 1232 5036 terra-z
1269 4976 1357 5031 ub‘i
1386 4975 1527 5029 enim
1577 4974 1862 5027 thesaurus
1914 4969 2076 5024 fuerit

526 5077 742 5142 mentis,
780 5075 889 5129 illic
919 5083 974 5128 et
1004 5073 1180 5125 anima
1212 5068 1475 5133 habetur;
1508 5064 1610 5118 alia
1657 5071 1833 5117 autem
1869 5069 2076 5115 mortua

526 5178 647 5221 sunt
662 5168 730 5222 ei.
751 5165 807 5221 Si
838 5167 1098 5235 inerepas,
1119 5177 1293 5217 nonne
1308 5158 1530 5228 eumqui
1554 5155 1729 5211 audit?
1750 5156 1805 5210 Si
1825 5154 2071 5224 castigas,

528 5274 703 5313 nonne
719 5274 838 5313 eum
866 5260 953 5329 qui
982 5259 1174 5313 sentit?
1191 5253 1497 5323 QuiChristi
1515 5252 1655 5308 enim
1674 5261 1818 5315 sunt,
1834 5249 2071 5307 cruciﬁxi

530 5350 812 5403 habentur.
846 5350 983 5414 Quid
1012 5348 1127 5404 sine
1152 5361 1312 5420 causa
1347 5342 1594 5400 laboras?
1631 5351 1873 5396 mortuus
1900 5340 1941 5394 si
1968 5350 2076 5395 tor-

531 5451 757 5510 queatur
786 5456 888 5496 non
922 5442 1104 5508 sentit,
1140 5440 1302 5494 etiam
1351 5436 1396 5490 si
1447 5434 1809 5505 increpaveris
1842 5448 1947 5486 non
1973 5448 2067 5484 au-

607 5534 646 5566 “
673 5534 826 5589 Rom.
858 5551 974 5600 vnn,
999 5536 1087 5589 37.
1167 5535 1208 5565 “
1232 5533 1419 5588 Matth.
1468 5546 1523 5597 ι,
1583 5531 1667 5587 57.
1745 5528 1788 5559 ¹³
1822 5528 1949 5583 ibid.
1976 5528 2063 5583 '58.

2142 5530 2184 5560 “
2213 5530 2340 5583 ibid.
2378 5530 2464 5583 59.

2176 4514 2351 4583 patior
2386 4523 2580 4567 nostra:
2615 4522 2841 4575 naturae,
2878 4511 2968 4580 qui
3001 4510 3070 4564 ita
3110 4524 3295 4565 sumus
3326 4508 3503 4579 egi-ni,
3535 4517 3591 4561 ut
3617 4521 3721 4560 non

2177 4606 2447 4674 possimus
2474 4606 2704 4659 invicem
2741 4612 2930 4659 nostro
2962 4603 3145 4658 debito
3172 4605 3302 4656 dare
3339 4602 3556 4671 aliquid.
3585 4600 3723 4667 Quid

2178 4706 2354 4750 autem
2414 4704 2468 4750 et
2515 4709 2797 4765 possumus
2841 4694 3135 4749 retribuere
3179 4693 3396 4748 Christo
3450 4691 3719 4745 Domino?

2178 4787 2422 4841 Animam
2446 4801 2609 4855 quam
2648 4785 2871 4850 creavit,
2905 4800 3098 4854 corpus
3126 4784 3266 4853 quod
3322 4784 3594 4853 ﬁguravit,
3625 4798 3723 4852 pu-

2181 4880 2415 4935 dicitiam
2455 4894 2548 4947 per
2578 4895 2738 4949 quam
2785 4878 3100 4933 benelicium
3150 4876 3355 4942 tribuit,
3412 4875 3723 4946 martyrium

2184 4988 2277 5042 per
2307 4974 2444 5041 quod
2469 4971 2789 5037 sanctiﬁcat,
2826 4970 3092 5038 justitiam
3140 4985 3233 5039 per
3281 4984 3441 5038 quam
3479 4968 3725 5023 honorat.

2180 5067 2309 5134 Quae
2334 5068 2574 5122 videmur
2597 5068 2643 5121 ei
2668 5067 2910 5130 reddere,
2939 5067 3109 5134 magis
3127 5066 3438 5133 accipimus.
3467 5063 3729 5118 Adveuiat

2182 5160 2340 5231 igitur
2363 5159 2573 5215 flamma
2591 5163 2654 5213 ad
2683 5158 2959 5220 medullas,
2984 5153 3376 5227 penetrétignis
3401 5158 3469 5211 ad
3497 5158 3728 5219 viscera,

2179 5260 2232 5305 et
2257 5252 2580 5305 accendatur
2594 5251 2772 5303 anima
2793 5250 2857 5302 ad
2878 5247 3211 5316 martyrium,
3228 5247 3292 5313 ad
3311 5244 3728 5311 confessionem,

2183 5342 2247 5396 ad
2274 5342 2608 5411 pudicitiam,
2641 5345 2707 5395 ad
2734 5340 3017 5410 justitiam,
3062 5338 3127 5391 ad
3162 5336 3610 5399 misericordiam,
3656 5335 3721 5388 ad

2181 5436 2379 5505 jejunia
2412 5453 2427 5501 ;
2470 5447 2527 5489 ut
2556 5446 2609 5489 et
2642 5433 2881 5489 diabolus
2905 5442 3204 5501 superetur,
3231 5438 3286 5483 et
3332 5428 3601 5483 tia-mones
3629 5429 3721 5480 de-

2561 5530 2603 5560 ¹⁸
2634 5530 2761 5582 ibid.

605 5628 716 5697 (85)
752 5628 880 5680 Ecce
913 5627 1187 5699 Dominum
1216 5628 1291 5682 tui
1323 5636 1550 5699 propter,
1584 5634 1687 5683 etc.
1724 5621 1942 5681 Videtur
1978 5624 2110 5679 verti
2148 5624 2396 5680 debuisse
2445 5620 2604 5689 Ecce,
2650 5620 2888 5690 Domine,
2919 5629 3122 5689 propter
3179 5627 3248 5685 te,
3281 5627 3409 5682 δία,
3462 5615 3602 5685 quod
3644 5621 3722 5667 est

531 5703 572 5757 C
585 5716 716 5756 rmce
744 5700 899 5753 ἕνεκα
929 5698 1039 5755 σοῦ.
