4050 6206
338 316 468 371 ιιει

339 418 645 498 struantur,
681 440 735 487 et
773 431 933 486 homo
955 444 1053 500 pro
1085 431 1305 487 Christo
1338 430 1614 498 salvetur;
1654 442 1711 488 et
1758 449 1898 489 sem-

341 542 441 592 per
463 527 669 597 gratias
697 534 817 597 agat
847 524 956 578 Deo
982 524 1129 579 Patri
1166 540 1262 596 per
1289 526 1632 595 unigenitum
1678 527 1795 595 ejus
1815 526 1905 581 Fi-

342 615 495 684 lium,
525 630 618 687 per
643 630 794 687 quem
819 622 903 670 est
932 614 981 670 ei
1005 614 1198 684 gloria,
1223 616 1414 683 honor,
1449 618 1751 688 imperium,
1782 635 1899 674 ma-

1666 313 1733 370 lN
1768 314 2023 371 MATTH.
2069 317 2132 385 X,
2172 320 2262 373 27.

3429 332 3561 386 Hd!

2021 439 2204 508 festas,
2233 454 2351 493 cum
2387 438 2586 510 Spiritu
2615 452 2820 508 sancto,
2850 451 2905 498 et
2941 460 3106 511 nunc,
3139 455 3193 503 et
3227 462 3458 518 semper,
3512 461 3563 505 et

2012 546 2108 601 per
2138 532 2316 586 omnia
2346 532 2541 587 saecula
2568 534 2905 591 saeculorum.
2930 538 3123 593 Amen.

345 755 3561 778 W—W

1304 917 1858 1033 EUSEBII
1938 920 2612 1035 PAMPHILI

882 1160 1029 1247 DE
1100 1154 1681 1248 MANDATO
1760 1153 2261 1281 DOMINI,
2338 1158 2668 1264 QUOD
2742 1161 3020 1249 AlT:

1074 1345 1257 1420 Quod
1300 1345 1439 1406 dico
1485 1344 1661 1405 vobis
1702 1344 1769 1403 in
1806 1362 1991 1417 aure,
2035 1362 2229 1422 supra
2271 1356 2432 1410 tecta
2467 1350 2839 1426 prcedicate,

1624 1506 1857 1567 LIBER
1900 1506 2308 1571 SEPTIMUS.

423 1833 593 1889 Verba
625 1833 738 1887 hzec
768 1847 887 1902 quae
916 1832 1049 1886 lecta
1076 1841 1225 1896 sunt,
1263 1830 1475 1885 Domini
1504 1839 1771 1901 martyres
1794 1845 1918 1897 pro-
1953 1834 1993 1892 Β
2028 1832 2140 1903 ipse
2176 1835 2390 1903 quidem
2422 1847 2723 1906 Opportune
2754 1848 2911 1907 tacet,
2936 1841 3209 1909 discipulis
3232 1853 3408 1898 autem
3431 1844 3573 1916 loqui

354 1929 625 1984 duxerunt
659 1929 723 1981 ad
763 1928 1109 1997 passionem;
1174 1942 1270 1996 per
1312 1928 1409 1981 hos
1458 1926 1600 1981 enim
1634 1940 1914 1979 sermones

355 2021 623 2077 ﬂammam
662 2022 713 2074 in
754 2036 941 2075 eorum
998 2019 1310 2090 praecordiis
1362 2021 1749 2073 accenderunt.
1813 2017 1915 2071 Per

360 2115 517 2168 istam
543 2113 837 2167 doctrinam
863 2112 1034 2166 erexit
1090 2128 1201 2177 eos,
1236 2123 1292 2166 ut
1339 2119 1749 2166 contemnerent
1783 2124 1919 2179 prte-

357 2205 549 2268 sentia,
583 2213 959 2273 ex5pectarent
992 2213 1166 2258 autem
1187 2203 1386 2257 futura.
1410 2203 1513 2257 Per
1552 2203 1708 2257 istam
1740 2202 1920 2256 erudi-

353 2297 551 2350 tionem
576 2298 805 2351 armavit
834 2312 927 2351 eos
954 2297 1018 2351 ad
1045 2306 1296 2352 mortem.
1324 2295 1503 2351 Utitur
1529 2305 1711 2350 autem
1738 2306 1790 2349 et
1815 2294 1918 2348 hoc

360 2388 550 2441 ordine
578 2388 1085 2441 servansotlicium:
1119 2386 1372 2455 praecedit
1399 2395 1575 2439 autem
1614 2385 1916 2453 passionem

357 2490 653 2551 martyrum
692 2480 989 2534 constantia
1017 2496 1031 2533 :
1062 2481 1151 2548 qui
1191 2479 1335 2531 enim
1365 2492 1469 2530 non
1514 2478 1790 2545 prazdicat,
1820 2491 1920 2530 nec

356 2574 665 2638 tenebitur;
702 2574 790 2642 qui
821 2590 926 2625 non
952 2589 1077 2627 cum
1113 2572 1304 2624 ﬁducia
1339 2569 1497 2623 fuerit
1544 2571 1773 2633 locutus,
1821 2583 1920 2624 nec

360 2666 613 2728 tristabit,
640 2666 731 2719 sed
768 2664 1021 2730 praecedit
1048 2662 1361 2717 constantia
1406 2662 1731 2730 passionem.
1784 2660 1919 2714 Cum

357 2755 500 2809 enim
527 2755 702 2807 anima
735 2752 800 2806 de
827 2752 1061 2806 adventu
1120 2751 1212 2805 Dei
1269 2762 1351 2804 sat
1406 2752 1691 2816 habuerit,
1745 2750 1920 2804 aderit

360 2847 502 2902 enim
534 2845 674 2899 Deus
698 2845 747 2898 in
774 2845 976 2909 anima,
1000 2859 1118 2912 qum
1169 2844 1294 2897 dum
1322 2843 1498 2909 capiet
1549 2844 1755 2907 omnia,
1813 2857 1919 2896 non

360 2946 538 3006 potest
568 2937 893 2990 desiderium
920 2944 1096 2991 tacere
1128 2951 1305 3002 suum,
1337 2935 1428 2989 sed
1460 2936 1621 2990 sentit
1646 2935 1789 3004 quod
1819 2935 1917 2987 ha-

358 3030 469 3093 bet,
499 3030 749 3099 quodque
805 3042 910 3080 non
944 3027 1124 3088 habet,
1174 3027 1262 3095 qui
1307 3041 1426 3081 sese
1466 3026 1861 3079 l'raudaverunt
1889 3039 1917 3077 a

362 3123 525 3177 bono.
552 3121 641 3174 Ille
673 3130 849 3173 autem
877 3118 965 3188 qui
991 3128 1200 3172 amator
1231 3118 1321 3172 Dei
1346 3128 1429 3172 est
1475 3121 1817 3180 constitutus,
1868 3123 1921 3170 et

363 3212 752 3266 immanitatem
787 3217 986 3271 servat,
1019 3208 1197 3261 statim
1224 3218 1441 3277 propter
1485 3206 1652 3259 Deum
1702 3204 1918 3274 quidem

358 3303 596 3365 laetatur,
621 3312 839 3370 propter
863 3298 1244 3354 humanitatem
1274 3307 1452 3352 autem
1483 3312 1585 3351 non
1613 3306 1753 3350 tacet
1786 3313 1799 3350 :
1828 3297 1923 3352 ho-

362 3396 531 3450 mines
567 3404 742 3448 antem
763 3393 1077 3446 beneﬁcium
1105 3407 1209 3446 non
1237 3392 1491 3456 ferentes,
1518 3390 1764 3459 ignorant
1797 3392 1922 3460 quis

362 3488 626 3541 inhabitat
672 3488 725 3539 in
772 3486 1047 3553 loquente,
1111 3499 1215 3537 non
1251 3482 1434 3538 ferunt
1481 3498 1612 3538 sane
1657 3498 1758 3535 nec
1785 3499 1918 3538 con-

361 3580 634 3633 stantiam.
664 3577 769 3631 Sed
794 3578 931 3631 sicut
960 3574 1127 3630 Judmi
1157 3576 1429 3646 Stephano
1455 3575 1628 3643 primo
1657 3575 1797 3630 inter
1822 3575 1920 3630 ho-

364 3672 537 3724 mines
561 3679 796 3738 martyre
823 3667 1019 3722 Christi
1052 3667 1304 3736 loquente
1329 3668 1718 3722 obstruxerunt
1756 3682 1916 3721 aures

366 3777 513 3825 suas,
537 3776 603 3813 ne
633 3761 1004 3827 ingrederetur
1033 3760 1212 3823 Deus;
1266 3759 1337 3811 ita
1367 3768 1421 3811 et
1456 3759 1700 3811 nonnulli
1742 3759 1917 3812 homi-

365 3870 494 3908 num
521 3872 534 3907 :
564 3855 688 3922 quia
714 3853 856 3906 enim
882 3852 1186 3906 constantia
1249 3850 1522 3904 antecedit
1572 3852 1874 3920 passionem
1906 3892 1922 3919 ,

366 3947 506 4002 unde
536 3946 756 4000 deberet
785 3945 944 3999 istinc
970 3952 1026 3998 et
1065 3943 1254 4013 incipit
1306 3943 1582 4007 Dominus,
1608 3943 1699 4009 qui
1730 3944 1928 4013 produ—

365 4042 441 4093 cit
470 4048 737 4109 martyres
761 4040 825 4090 ad
857 4039 1179 4107 passionem.
1230 4036 1367 4088 Dicit
1397 4036 1538 4088 enim
1566 4053 1579 4088 :
1608 4035 1759 4101 Quod
1808 4036 1925 4089 dico

368 4132 509 4185 vobis
533 4132 582 4183 in
613 4121 859 4191 tenebrii,
896 4133 949 4182 in
987 4129 1182 4181 lumine
1211 4128 1369 4179 dicite
1393 4166 1407 4190 ,
1445 4137 1489 4179 et
1537 4128 1673 4196 quod
1718 4128 1769 4180 in
1802 4144 1927 4180 aure

370 4225 616 4287 audistis,
642 4224 697 4276 in
733 4226 876 4276 tectis
903 4224 1184 4291 pra'dicute
1218 4222 1279 4277 ¹⁸.
1335 4223 1607 4275 Assumite
1636 4264 1650 4289 ,
1711 4223 1925 4291 inquit,

368 4317 747 4381 constantiam,
771 4324 964 4368 exeant
984 4313 1147 4367 verba
1173 4326 1351 4367 vestra
1379 4328 1548 4380 usque
1579 4314 1643 4367 ad
1668 4315 1926 4370 terminos

368 4416 562 4461 terrae:
600 4421 666 4461 ne
703 4407 924 4461 taceatis
956 4407 1006 4460 id
1038 4406 1102 4460 de
1133 4422 1236 4475 quo
1268 4406 1364 4475 ipsi
1388 4404 1523 4461 certi
1549 4407 1681 4462 estis
1710 4406 1921 4462 elfecti:

367 4497 534 4552 nolite
584 4499 915 4552 abscondere
970 4498 1267 4562 talentum;
1325 4498 1521 4552 mittite
1564 4500 1821 4567 pecunias
1873 4500 1926 4554 in
1959 4520 2004 4576 ι)

369 4591 572 4646 mensis
602 4608 615 4643 :
651 4590 863 4660 exigam
895 4591 1191 4644 enim-mea
1223 4590 1287 4643 ad
1313 4589 1544 4644 salutem
1587 4589 1800 4645 illorum
1835 4589 1926 4657 qui

368 4681 573 4735 fuerint
598 4678 830 4747 operati.
864 4677 968 4731 Sed
995 4677 1137 4731 dicet
1166 4678 1286 4746 quis
1318 4694 1333 4731 :
1362 4678 1405 4731 si
1432 4678 1627 4732 bonum
1652 4686 1736 4732 est
1764 4677 1815 4731 iu
1851 4675 1931 4729 lu-

372 4774 519 4828 mine
544 4771 746 4836 dicere,
783 4785 880 4824 cur
909 4770 1021 4838 ipse
1052 4769 1103 4822 in
1138 4769 1378 4823 tenebris
1411 4776 1493 4822 est
1514 4768 1759 4823 locutus?
1809 4775 1863 4822 et
1884 4767 1928 4821 si

369 4873 570 4927 bonum
595 4880 677 4925 est
698 4886 859 4940 supra
892 4878 1029 4923 tecta
1075 4868 1387 4937 praedicare,
1430 4883 1527 4921 cur
1558 4868 1669 4937 ipse
1715 4867 1767 4919 in
1803 4881 1931 4920 aure

372 4967 585 5021 locutus
610 4964 733 5019 est?
757 4964 811 5017 Si
834 4962 976 5017 enim
1000 4962 1113 5029 ipse
1138 4962 1203 5015 de
1228 4960 1517 5029 semetipso
1538 4960 1717 5013 dicere
1737 4959 1922 5014 l'rau...

374 5059 421 5111 is
450 5058 634 5127 utique
664 5056 777 5125 (86)
804 5070 923 5123 qua:
953 5054 1064 5121 jam
1090 5055 1275 5107 dixere
1298 5052 1491 5113 Judaei.
1525 5049 1603 5105 Tu
1648 5052 1711 5105 de
1746 5062 1927 5105 temet-

375 5153 484 5216 ipso
507 5150 825 5218 testiﬁcaris,
846 5157 894 5201 et
917 5147 1262 5201 testimonium
1282 5157 1427 5200 tuum
1455 5162 1555 5198 non
1577 5155 1648 5198 est
1672 5160 1845 5198 verum
1865 5144 1929 5197 ‘7.

375 5240 454 5295 Ne
477 5243 635 5311 igitur
664 5243 777 5311 ipse
818 5240 1093 5294 videretur
1123 5238 1376 5291 honorem
1411 5236 1509 5290 sibi
1544 5235 1828 5289 vendicare
1877 5244 1932 5289 et

375 5348 484 5386 non
518 5334 758 5387 veritatis
790 5346 949 5386 causa
986 5330 1169 5397 loqui.
1214 5339 1270 5383 et
1304 5343 1389 5381 ne.
1421 5326 1775 5395 praevenirent
1821 5336 1931 5379 sta-

376 5432 545 5479 tutam
570 5440 599 5478 a
630 5423 785 5481 Patre
806 5424 1108 5494 passionem
1131 5419 1297 5476 Judaei
1327 5421 1418 5490 qui
1443 5420 1618 5474 omnia
1638 5418 1890 5473 suntausi
1913 5435 1929 5484 ;

2018 1939 2080 1979 ea
2112 1936 2169 1979 et
2195 1926 2433 1982 clamare
2461 1929 2750 1997 praecepit;
2783 1946 2887 1984 non
2943 1932 3136 1987 timens
3188 1934 3418 2003 quippe;
3476 1938 3576 1991 hoc

2019 2016 2166 2069 enim
2203 2018 2565 2087 ignorantium
2599 2021 2875 2075 hominum
2913 2032 2991 2076 est
3021 2025 3334 2093 dignitatem
3364 2028 3572 2083 Domini

2017 2106 2139 2163 Jesu
2165 2148 2181 2173 ,
2223 2109 2316 2164 sed
2343 2112 2679 2179 dispensans,
2702 2123 2759 2166 ut
2786 2113 2900 2181 ipse
2930 2116 3140 2182 quidem
3172 2125 3345 2170 taceat
3375 2119 3425 2172 in
3446 2130 3578 2173 tem-

2020 2216 2171 2271 pore,
2210 2202 2461 2271 loquatur
2494 2213 2671 2257 autem
2701 2205 2751 2258 iu
2781 2215 3042 2274 tempore.
3082 2205 3265 2275 Neque
3289 2208 3432 2263 enim
3484 2224 3580 2278 per

2019 2291 2197 2346 omnia
2225 2296 2390 2345 tacuit
2424 2293 2721 2358 Dominus;
2759 2312 2823 2349 ne
2846 2305 3165 2363 putarentur
3192 2299 3361 2353 aliena
3394 2300 3571 2369 aliqua

2030 2398 2060 2436 a
2085 2398 2143 2436 se
2176 2382 2383 2438 discere
2415 2384 2659 2453 discipuli
2690 2401 2703 2449 ;
2740 2401 2910 2453 neque
2957 2403 3173 2457 semper
3217 2390 3424 2446 locutus
3469 2404 3575 2461 est,

2020 2488 2087 2528 ne
2113 2484 2391 2542 putaretur
2421 2476 2560 2543 quod
2606 2475 2671 2529 de
2725 2491 2782 2529 se
2830 2478 2943 2545 ipse
2971 2488 3213 2532 testatur.
3267 2481 3401 2547 Quid
3435 2485 3580 2542 enim

2024 2572 2144 2620 erat
2176 2580 2393 2619 necesse
2420 2577 2474 2620 et
2500 2565 2707 2621 Joanne
2737 2571 3119 2636 praecursore?
3162 2571 3274 2642 Ego
3301 2614 3315 2639 ,
3365 2575 3577 2643 inquit,

2021 2673 2121 2710 non
2152 2657 2214 2709 ab
2248 2657 2452 2711 homine
2491 2660 2691 2725 accipio
2742 2662 3099 2714 testimonium
3131 2681 3323 2729 meum,
3354 2668 3441 2718 sed
3478 2667 3580 2721 Ita-

2019 2751 2108 2804 beo
2131 2751 2480 2805 testimonium
2505 2753 2675 2821 majus
2700 2772 2731 2805 a
2749 2752 2956 2807 Joanne
2987 2756 3048 2809 ’⁸.
3069 2754 3182 2809 Non
3213 2760 3351 2810 enim
3376 2774 3577 2826 quaero,

2020 2844 2211 2913 inquit,
2243 2845 2690 2912 quemadmodum
2725 2861 2823 2914 ego
2853 2847 3110 2910 suadear,
3161 2849 3253 2901 sed
3310 2851 3580 2916 quomodo

2018 2951 2115 2990 vos
2146 2952 2249 2990 non
2282 2937 2402 2990 sitis
2430 2936 2662 3006 religiosi
2691 2955 2704 3002 ;
2742 2939 3007 3007 siquidem
3062 2953 3165 2992 non
3226 2940 3444 2994 lucerna
3490 2942 3580 2997 de-

2021 3027 2110 3081 bet
2141 3027 2325 3080 testari
2361 3028 2424 3080 de
2462 3027 2594 3092 sole,
2625 3027 2716 3080 sed
2748 3029 2821 3080 soi
2849 3028 3065 3083 ﬁrmare
3093 3030 3385 3085 lucernam.
3420 3031 3485 3086 Et
3514 3048 3581 3087 ne

2029 3119 2149 3187 quis
2177 3118 2419 3182 miretur,
2454 3129 2611 3188 putas
2667 3120 3007 3177 obscuriores
3036 3122 3171 3176 elIici
3227 3123 3471 3179 lucernas
3516 3142 3582 3180 ex

2024 3208 2251 3262 adventu
2278 3209 2451 3264 solis?
2480 3208 2597 3264 Non
2629 3211 2771 3264 enim
2802 3213 2943 3281 quod
2967 3222 3218 3282 putamus
3247 3215 3347 3269 hoc
3373 3227 3425 3269 et
3461 3232 3584 3285 pro-

2023 3302 2190 3364 venit,
2224 3302 2317 3354 sed
2350 3302 2449 3355 hoc
2479 3302 2618 3369 quod
2651 3317 2755 3355 non
2793 3302 3066 3356 intuemur
3099 3316 3319 3373 superat
3346 3324 3359 3360 ε
3405 3306 3582 3362 lumen

2022 3391 2169 3444 enim
2208 3390 2438 3445 minnsa
2466 3391 2654 3458 majori
2705 3392 2926 3456 lumine,
2964 3410 3066 3445 non
3117 3397 3292 3451 minus
3340 3399 3585 3453 dulcibus

2025 3482 2323 3535 immissum
2356 3482 2550 3535 minuit
2587 3482 2927 3537 dulcedinem
2965 3500 3195 3539 eorum:
3245 3502 3418 3555 neque
3461 3506 3583 3544 cum

2024 3572 2189 3627 stellae
2228 3585 2332 3624 non
2362 3582 2569 3640 parent,
2598 3583 2849 3641 tanquam
2875 3575 3174 3629 obscurata:
3205 3592 3235 3629 a
3263 3575 3462 3631 lumine
3481 3594 3585 3634 non

2025 3665 2311 3729 videntur;
2358 3664 2452 3718 sed
2486 3666 2536 3717 in
2576 3664 2765 3734 pelago
2792 3665 3012 3720 luminis
3060 3668 3263 3736 positm,
3300 3668 3587 3737 discretio-

2024 3770 2145 3809 nem
2170 3770 2273 3809 uon
2299 3756 2553 3825 prtebent.
2580 3756 2694 3810 Non
2732 3758 3006 3826 indigebat
3055 3758 3217 3829 igitur
3245 3760 3323 3815 sol
3360 3761 3585 3829 iustitia:

2026 3850 2241 3904 lucerna
2274 3853 2340 3905 ad
2382 3851 2780 3917 testimonium;
2833 3852 3126 3906 dicitenim
3164 3852 3439 3907 Joannes:
3476 3853 3587 3921 Ego

2027 3962 2057 3996 a
2084 3954 2132 3997 te
2161 3943 2327 3996 debeo
2357 3943 2654 4012 baptizari;
2680 3944 2771 3997 sed
2804 3944 3078 4011 indigebat
3121 3947 3336 4015 quidem
3369 3946 3458 4000 ille
3496 3948 3587 4016 qui

2026 4034 2245 4089 lucerna
2276 4045 2391 4090 erat
2416 4038 2612 4090 ardens
2642 4055 2655 4089 :
2707 4036 2925 4091 lucerna
2977 4039 3276 4092 immissum
3309 4040 3471 4091 habet
3506 4038 3589 4090 iu-

2028 4142 2182 4194 men;
2216 4145 2319 4182 non
2354 4138 2526 4182 tamen
2556 4130 2622 4183 ab
2659 4128 2801 4182 intus
2844 4129 3181 4184 eﬂicientiam
3209 4131 3346 4185 sicut
3389 4131 3469 4184 sol
3519 4133 3583 4185 ¹⁹.

2034 4220 2158 4284 Vos,
2199 4222 2391 4290 inquit,
2415 4223 2625 4276 modice
2654 4224 2897 4278 voluistis
2944 4224 3163 4294 gloriari
3190 4225 3240 4277 in
3275 4225 3477 4278 lumine
3504 4225 3588 4277 lu-

2030 4324 2225 4375 cernae,
2253 4310 2402 4364 vobis
2431 4310 2647 4364 lucerna
2675 4321 2757 4366 est
2782 4313 2932 4367 utilis
2965 4332 2980 4369 :
3018 4314 3092 4367 illi
3126 4324 3301 4368 autem
3334 4315 3408 4368 ita
3437 4324 3591 4369 erant

2029 4402 2179 4465 caeci,
2210 4412 2353 4455 utne
2385 4401 2598 4470 quidem
2620 4402 2848 4457 lucerna:
2878 4406 3117 4458 viderent
3144 4406 3304 4473 viam,
3330 4421 3504 4477 neque
3534 4408 3587 4461 in

2031 4491 2234 4547 lumine
2289 4494 2623 4548 ambularent
2672 4507 2817 4551 recte
2844 4498 2929 4551 ’σε
2984 4499 3135 4563 Quod
3198 4500 3313 4553 dico
3342 4500 3483 4554 vobis
3533 4502 3587 4554 in

2034 4586 2278 4648 tenebris,
2312 4586 2466 4639 dicite
2514 4589 2568 4639 in
2611 4588 2846 4653 lumine;
2879 4589 2981 4643 hoc
3021 4598 3125 4654 est,
3176 4590 3438 4645 absconsa
3472 4606 3591 4659 quae

2031 4678 2282 4731 dicuntur
2312 4677 2541 4732 clamate
2571 4696 2586 4732 :
2626 4677 2693 4731 Et
2723 4681 2931 4750 quodin
2962 4698 3088 4735 aure
3121 4683 3363 4745 audistis,
3399 4684 3593 4751 prwdi-

2034 4782 2147 4823 cate
2177 4772 2229 4823 in
2254 4772 2442 4834 tectis;
2481 4774 2742 4827 assumite
2781 4775 3098 4827 constantia!
3132 4775 3399 4828 ﬁduciam.
3425 4777 3594 4829 Assu-

2051 4877 2258 4915 mamus
2287 4873 2341 4915 et
2373 4878 2468 4915 nos
2497 4865 2876 4918 constantiam.
2908 4864 3011 4917 Sed
3063 4865 3188 4933 quid
3234 4874 3315 4918 est
3340 4866 3479 4932 quod
3513 4865 3593 4919 in-

2035 4952 2321 5021 sequitur?
2380 4952 2655 5007 Timemus
2684 4953 2748 5006 ad
2786 4952 3159 5019 insequentem
3210 4953 3593 5023 suspicionem.

2036 5045 2141 5098 Sed
2180 5046 2255 5098 ait
2298 5044 2554 5099 Dominus
2582 5086 2597 5112 ,
2641 5044 2819 5098 Nolite
2865 5045 3046 5098 timere
3079 5044 3144 5097 “.
3183 5042 3295 5097 Non
3327 5043 3490 5113 igitur
3532 5044 3594 5096 ti-

2038 5152 2278 5191 meamus
2303 5153 2424 5190 cum
2459 5136 2813 5191 interﬁcimur
2846 5152 2859 5188 :
2890 5136 3001 5205 ipse
3035 5137 3176 5190 enim
3227 5134 3482 5189 Dominus
3510 5136 3592 5189 di-

2037 5230 2112 5283 cit
2150 5250 2161 5283 :
2202 5225 2386 5282 Nolite
2414 5229 2594 5281 timere
2622 5243 2705 5281 eos
2731 5227 2822 5296 qui
2848 5228 3084 5280 occidunt
3117 5244 3323 5296 corpus,
3364 5230 3593 5281 animum

2037 5334 2205 5376 autem
2228 5339 2327 5375 non
2349 5332 2562 5389 possunt
2586 5322 2815 5375 occidere
2833 5324 2898 5375 ".
2921 5321 3108 5374 Divisit
3136 5322 3378 5375 timorem
3399 5339 3411 5385 ;
3432 5332 3485 5377 et
3511 5327 3593 5377 ho-

2040 5418 2270 5470 minibus
2300 5416 2514 5487 quidem
2545 5414 2689 5469 dedit
2710 5423 3027 5484 potestatem
3062 5416 3341 5470 adversum
3379 5430 3593 5486 corpus,

448 5541 492 5572 ¹⁶
521 5540 707 5595 Matth.
742 5558 795 5608 ι,
826 5541 914 5595 27.
977 5539 1017 5570 ’τ
1044 5537 1198 5593 Joan.
1235 5553 1350 5605 vm,
1375 5536 1461 5593 l3.
1522 5536 1561 5568 "
1594 5534 1745 5592 Joan.
1774 5550 1826 5602 v,
1856 5534 1942 5600 34,
1969 5534 2056 5590 36.
2106 5533 2145 5565 "
2174 5534 2357 5589 Matth»
2399 5548 2482 5599 Ill,
2516 5531 2599 5586 i4.
2650 5530 2693 5562 ”
2727 5529 2878 5587 Joan.
2902 5530 3060 5597 \',55.
3133 5534 3173 5564 ¹¹
3206 5530 3390 5589 Matth.
3422 5548 3475 5599 ι,
3503 5530 3591 5585 27.

379 5613 425 5643 ’⁸
467 5612 599 5666 ibid.
634 5612 725 5666 28.

450 5731 561 5804 (86)
589 5731 685 5788 Ms.
717 5735 865 5801 Imus
887 5742 1012 5787 esset
1048 5732 1241 5798 utique.
