4050 6206
471 253 608 309 “85

1137 251 1402 308 EUSEBII
1443 250 1917 309 (LESARIENSIS
1955 250 2106 307 OPP.
2149 250 2327 306 PARS
2367 250 2455 307 IV.
2495 283 2561 292 —
2600 251 3020 307 DOGMATICA.

3567 258 3706 312 1184

476 372 669 429 nabent
699 376 883 427 enim:
934 371 1044 435 Deo
1095 383 1273 427 autem
1326 372 1607 441 conjunxit
1635 373 1911 438 virtutem,
1959 374 2026 427 ti—
2055 376 2101 433 Δ
2133 388 2340 442 passer,
2375 385 2432 428 ut
2470 376 2609 443 quod
2654 375 2832 429 minus
2875 384 2993 438 est,
3041 389 3105 429 ex
3144 377 3320 445 pretio
3365 380 3703 437 ostenderet.

475 480 624 519 more
670 464 911 518 timorem
933 463 1178 534 ejiciens,
1216 464 1493 533 et‘majori
1525 474 1672 520 metu
1723 465 1868 536 quod
1911 474 2027 521 erat

474 560 648 614 minus
679 559 1023 629 repercussit.
1056 558 1113 612 Si
1144 560 1313 623 enim,
1348 558 1542 626 inquit,
1576 559 1763 613 timere
1790 567 2027 630 oportet,

473 665 574 705 non
612 650 918 715 hominem;
948 648 1120 716 major
1147 651 1290 704 enim
1318 660 1401 704 est
1426 650 1566 705 Deus
1601 668 1614 703 :
1662 651 1756 705 sed
1814 663 2029 719 ptenam

472 739 660 793 mortis
681 738 964 793 adversum
996 756 1193 809 corpus
1247 741 1404 796 times
1436 759 1450 796 :
1491 740 1689 796 Timete
1715 744 1905 813 magis,
1946 743 2029 797 in-

473 833 609 902 quit,
648 848 766 886 eum
792 833 884 900 qui
916 842 1080 902 potest
1108 842 1155 887 et
1185 835 1413 889 animam
1438 844 1485 888 et
1513 852 1700 903 corpus
1730 836 1943 905 perdere
1975 837 2033 889 in

474 926 759 995 gehennam
795 925 877 977 '3:
930 926 1237 981 hominibus
1266 927 1409 981 enim
1455 938 1693 997 potestas
1742 929 2029 984 adversum

475 1032 692 1087 corpus,
725 1027 778 1071 et
807 1018 907 1071 hoc
930 1018 1114 1083 semel,
1145 1028 1227 1073 est
1258 1019 1377 1073 data
1404 1034 1420 1073 :
1453 1020 1559 1074 Deo
1582 1032 1760 1077 autem
1798 1032 2034 1090 potestas

473 1117 558 1164 est
582 1118 636 1161 et
662 1110 943 1164 adversum
975 1124 1170 1179 corpus
1197 1111 1337 1179 quod
1364 1112 1633 1181 figuravit,
1664 1122 1720 1168 et
1746 1113 2032 1171 adversum

475 1201 710 1254 animam
747 1217 905 1270 quam
933 1202 1109 1256 creavi
1132 1211 1172 1265 t,
1208 1213 1264 1256 et
1307 1204 1530 1273 perdere
1560 1220 1663 1257 non
1692 1204 2029 1275 simpliciter,

476 1291 570 1345 sed
600 1293 651 1345 in
681 1293 941 1360 gehenna.
1001 1292 1171 1361 Major
1210 1295 1351 1349 enim
1390 1295 1549 1349 timor
1601 1304 1684 1350 est
1734 1300 2031 1365 gehennae,

476 1399 636 1453 quam
671 1386 876 1440 mortis.
912 1385 1019 1441 Cur
1049 1388 1259 1452 major?
1298 1389 1419 1457 quia
1453 1390 1643 1457 duplex
1678 1399 1759 1444 est
1782 1391 2034 1460 perditio,

476 1474 669 1528 anima:
705 1484 760 1529 et
793 1477 1034 1543 corporis
1063 1496 1075 1531 :
1108 1478 1337 1547 simplex
1362 1488 1540 1533 autem
1597 1490 1651 1534 et
1696 1481 1991 1548 corporalis
2018 1523 2032 1545 ,

478 1583 598 1637 quin
629 1568 681 1622 in
711 1578 881 1622 morte
907 1569 1154 1624 habetur.
1183 1571 1366 1626 Primo
1398 1574 1541 1626 enim
1572 1583 1629 1627 et
1677 1574 1723 1628 si
1766 1576 2037 1631 dividatur

480 1659 803 1726 periculum,
840 1669 893 1713 et
931 1662 1178 1717 homines
1205 1662 1421 1733 quidem
1460 1680 1686 1733 corpus,
1743 1666 1883 1723 Deus
1940 1683 2036 1721 au-

2131 463 2262 531 Quae
2301 464 2444 519 enim
2478 465 2713 533 pretiosa
2758 474 2925 530 sunt,
2957 465 3009 519 in
3050 464 3402 521 distractione
3448 484 3614 524 unum
3648 482 3705 527 et

2130 570 2296 609 unum
2337 555 2606 618 venditur,
2660 564 2714 610 et
2766 555 3032 625 ampliore
3082 557 3256 627 pretio
3302 571 3318 611 :
3365 572 3705 630 quaecunque

2130 654 2307 700 autem
2341 646 2527 701 frivola
2558 656 2649 700 aut
2679 647 2791 716 (87)
2830 646 2975 702 olera
3011 647 3275 702 habentur
3304 689 3319 714 ,
3346 651 3511 704 multa
3544 653 3701 707 simul

2138 737 2343 791 assario
2372 737 2775 793 venundantur.
2812 736 3008 793 Volens
3041 752 3170 808 ergo
3202 737 3418 795 frivolos
3450 756 3703 809 passeres

2133 828 2434 892 ostendere,
2475 829 2717 891 Assario,
2750 831 2940 898 inquit,
2968 845 3073 884 uno
3096 832 3201 884 duo
3227 845 3472 901 passeres
3501 834 3706 888 distra-

2135 919 2361 974 buntur.
2391 921 2614 990 Accepit
2643 920 2784 989 quod
2817 930 2933 975 erat
2964 921 3267 986 minimum,
3298 932 3355 976 ut
3384 924 3705 978 hortaretur

2135 1026 2229 1065 eos
2262 1011 2351 1079 qui
2396 1010 2448 1065 in
2489 1011 2691 1066 honore
2733 1011 3065 1066 habebantur
3112 1031 3126 1065 :
3164 1010 3227 1065 Et
3269 1029 3397 1066 unus
3440 1030 3503 1067 ea:
3542 1016 3701 1083 ipsis,

2134 1105 2240 1170 ait,
2278 1120 2382 1158 non
2410 1105 2546 1157 cadit
2577 1104 2630 1158 in
2664 1114 2857 1158 terram
2889 1105 3001 1159 sine
3028 1103 3189 1158 Patre
3215 1114 3383 1158 uestro
3410 1106 3491 1175 qui
3516 1116 3589 1159 est
3638 1109 3700 1160 in

2136 1195 2275 1249 cmlis
2302 1197 2369 1249 ".
2407 1194 2462 1249 Si
2497 1197 2659 1265 igitur
2688 1211 2937 1265 passeres
2974 1198 3062 1265 qui
3096 1212 3260 1267 parvo
3288 1198 3459 1266 pretio
3499 1197 3697 1252 distra-

2138 1288 2355 1351 huntur,
2397 1290 2620 1355 umbrae,
2668 1300 2725 1342 ut
2757 1289 2830 1342 ita
2868 1289 3065 1351 dicam,
3098 1299 3152 1342 et
3200 1304 3300 1343 nec
3350 1290 3473 1344 dum
3505 1305 3692 1344 carnes

2138 1395 2243 1435 non
2288 1380 2577 1449 capiuntur
2626 1396 2800 1449 neque
2838 1382 3195 1451 accipiuntur,
3251 1397 3357 1436 non
3412 1384 3546 1436 dixit
3582 1385 3693 1440 sine

2139 1472 2266 1535 Deo,
2292 1471 2383 1525 sed
2414 1469 2529 1524 sine
2552 1470 2710 1523 Patre
2739 1479 2940 1533 vestro,
2974 1472 3164 1539 inquit,
3198 1480 3253 1524 nt
3289 1473 3585 1541 propositio
3606 1490 3701 1543 pa-

2140 1571 2303 1616 ternae
2330 1560 2631 1615 dilectionis
2664 1562 3011 1629 protenderet
3046 1560 3437 1625 defensionem,
3470 1573 3524 1616 et
3559 1564 3703 1617 radi-

2139 1663 2289 1707 caret
2319 1652 2769 1706 adhortationem.
2811 1651 2883 1705 Ita
2928 1663 2984 1706 et
3014 1652 3066 1706 in
3105 1653 3209 1705 alio
3244 1652 3362 1707 loco
3407 1654 3705 1709 adhortans

482 1754 587 1801 tem
620 1758 674 1801 et
703 1750 975 1811 animam;
1010 1768 1181 1821 neque
1235 1754 1307 1806 ita
1355 1755 1577 1824 aequalis
1605 1766 1687 1813 est
1727 1758 1905 1827 timor,
1942 1761 2033 1814 sed

2152 1744 2524 1814 lrngalitatem,
2558 1754 2613 1798 et
2642 1744 2867 1812 cupiens
2903 1746 3203 1813 superﬂuas
3240 1746 3527 1800 sublevare
3554 1748 3704 1801 solli—

480 1849 740 1906 quantum
780 1841 959 1895 anima
990 1842 1356 1898 honorabilior
1414 1855 1517 1912 est,
1556 1857 1761 1901 tantum
1818 1858 1873 1902 et
1925 1866 2038 1904 nta-

475 1928 561 1996 jor
588 1930 748 1985 timor
782 1943 861 1987 est
906 1948 935 1986 a
972 1934 1183 1989 timore.
1218 1935 1353 2001 Quia
1379 1937 1520 1991 enim
1578 1948 1631 1991 et
1684 1954 1899 2008 corpus,
1946 1941 2039 1993 ad-

480 2036 692 2077 versum
734 2026 874 2093 quod
907 2027 1150 2080 homines
1214 2029 1413 2082 habent
1468 2039 1830 2099 potestatem,
1892 2047 2040 2086 com-

480 2116 801 2180 prehensum
831 2125 945 2181 est;
973 2128 1025 2170 et
1048 2119 1151 2172 hoc
1178 2119 1228 2171 in
1259 2121 1501 2174 manibus
1526 2120 1616 2173 Dei
1654 2133 1755 2186 est,
1787 2133 1838 2176 et
1863 2123 2038 2176 anima

480 2221 639 2273 qnam
691 2207 935 2262 homines
982 2209 1192 2262 etiamsi
1240 2210 1431 2264 vellent
1474 2212 1724 2266 occidere
1764 2230 1867 2268 non
1915 2231 2037 2284 pos-

478 2307 619 2361 sent,
648 2309 701 2352 et
730 2308 955 2368 utraque
986 2301 1100 2354 haec
1132 2316 1236 2354 non
1261 2302 1326 2356 ad
1357 2313 1605 2368 mortem,
1631 2304 1723 2358 sed
1751 2306 1814 2359 ad
1838 2307 2041 2376 gehen-

482 2405 602 2442 nam
643 2390 897 2444 dicnntnr
929 2393 1098 2448 abire.
1136 2392 1513 2463 Multiplicatns
1545 2396 1705 2465 igitur
1744 2398 1902 2453 timor
1925 2410 2043 2464 est,

480 2490 534 2534 et
568 2480 909 2537 multitudine
952 2493 1005 2537 et
1037 2486 1438 2553 magnitudine,
1476 2488 1595 2543 ideo
1630 2504 1760 2560 ergo
1788 2492 1946 2547 timor
1979 2494 2046 2546 ti~

481 2588 682 2627 morem
714 2574 901 2629 vincit.
935 2573 1039 2630 Sed
1072 2576 1220 2632 dices
1253 2595 1265 2632 :
1303 2578 1761 2646 Quemadmodum
1792 2584 2046 2652 possibile

480 2679 561 2725 est
587 2670 762 2739 perire
802 2672 1034 2726 animam
1064 2673 1114 2727 in
1159 2674 1446 2744 gehenna?
1476 2677 1530 2730 Si
1562 2677 1703 2731 enim
1736 2679 1891 2748 perit,
1930 2694 2047 2731 ror-

481 2763 746 2834 rumpitnr
787 2764 901 2834 ejus
938 2766 1334 2822 immortalitas.
1370 2769 1831 2835 Quemadmodum
1868 2782 2045 2826 autem

482 2864 536 2909 et
562 2857 793 2926 corpus?
822 2856 876 2910 Si
921 2858 1065 2911 enim
1096 2874 1303 2915 vermes
1334 2861 1441 2916 illic
1476 2872 1531 2917 et
1574 2863 1774 2918 stridor
1809 2862 2046 2918 dentium

485 2946 745 3013 habetur;
779 2965 882 3003 non
925 2950 1096 3005 solum
1148 2952 1324 3005 anima
1368 2953 1688 3009 immortalis
1737 2971 1840 3010 non
1888 2957 2046 3025 perit,

484 3041 577 3096 sed
617 3057 715 3095 nec
753 3057 983 3109 corpus;
1024 3043 1264 3099 induitur
1304 3048 1447 3100 enim
1495 3048 1950 3105 immortalitatem
1995 3059 2048 3105 et
2074 3066 2115 3123 ο

483 3147 703 3202 corpus.
749 3132 805 3187 Si
842 3133 955 3188 hac
994 3134 1209 3203 quidem
1250 3146 1532 3205 quaerunt,
1564 3139 1752 3193 intenti
1797 3156 1917 3195 esse
1957 3139 2047 3195 de-

486 3224 614 3277 bent
639 3223 705 3277 ad
736 3224 999 3278 sermonis
1025 3224 1292 3287 virtutem,
1326 3226 1449 3295 quia
1478 3227 1619 3296 quod
1644 3242 1783 3281 nunc
1823 3229 1899 3281 ait
1930 3242 2050 3297 per-

486 3314 632 3378 dere,
662 3331 761 3383 pro
790 3330 854 3369 eo
884 3325 941 3369 ut
969 3316 1111 3370 dicat
1134 3319 1347 3386 punire,
1381 3328 1658 3388 acceptum
1689 3330 1807 3385 est;
1838 3320 1883 3373 si
1907 3320 2049 3373 enim

487 3408 707 3476 periret,
758 3423 862 3461 non
896 3418 1040 3462 esset
1090 3410 1143 3462 in
1187 3411 1452 3479 gehenna.
1491 3410 1749 3467 Gehenna
1786 3413 1929 3467 enim
1971 3414 2051 3467 vi-

488 3497 724 3550 ventium
756 3512 913 3566 poena
943 3508 1044 3563 est,
1072 3514 1174 3553 non
1216 3511 1392 3554 tamen
1426 3500 1768 3572 interemptio
1812 3502 2052 3571 perdito-

492 3602 629 3641 rum.
671 3585 803 3653 Quia
837 3588 979 3640 enim
1021 3589 1377 3656 perditionem
1412 3591 1673 3646 timebant
1704 3592 1793 3661 qui
1826 3602 2053 3647 mortem

491 3677 765 3731 hominum
797 3680 1268 3748 pertimescebant,
1297 3682 1415 3736 ideo
1439 3682 1551 3750 ipso
1577 3683 1784 3737 timoris
1808 3698 2057 3738 sermone

493 3769 662 3822 utitur
696 3770 969 3832 Dominus,
1006 3780 1061 3825 et
1103 3772 1278 3827 dicit:
1337 3771 1529 3825 Timete
1584 3782 1759 3827 autem
1807 3790 1920 3826 eum
1968 3776 2057 3842 qui

493 3867 660 3926 potest
697 3866 747 3911 et
788 3859 1020 3913 animum
1051 3872 1101 3913 et
1145 3876 1332 3929 corpus
1370 3861 1585 3926 perdere
1630 3862 1686 3915 in
1733 3864 1959 3931 gehennu
1988 3864 2055 3922 “.

495 3945 679 4015 Neque
700 3947 839 4001 enim
865 3948 1194 4002 convertitur
1216 3950 1390 4003 anima
1415 3951 1480 4003 ad
1502 3951 1875 4006 mortalitatem
1905 3968 1919 4018 ;
1943 3953 2061 4009 sine

498 4036 814 4107 paenitentia
849 4037 991 4091 enim
1034 4049 1161 4093 sunt
1204 4039 1295 4093 Dei
1329 4041 1488 4096 dona.
1530 4040 1715 4112 Neque
1750 4044 1940 4098 iterum
1976 4059 2060 4099 re-

499 4130 849 4185 surrectionis
888 4132 1243 4201 promissione
1294 4133 1626 4204 infringitur,
1664 4136 1759 4190 sed
1793 4136 1933 4191 sicut
1966 4152 2062 4207 per

497 4222 667 4277 Adam
692 4239 881 4279 omnes
905 4226 1187 4289 morimur,
1216 4227 1285 4278 ila
1308 4236 1362 4279 et
1388 4242 1481 4293 per
1505 4226 1787 4282 Dominum
1820 4238 2060 4284 nostrum

499 4314 770 4369 Christum
791 4331 977 4370 omnes
1000 4316 1346 4387 resurgimus.
1365 4318 1713 4373 Communem
1737 4320 1879 4374 enim
1906 4320 2061 4374 istam

504 4422 730 4461 mortem
756 4407 925 4460 Adam
956 4409 1250 4463 introduxit
1290 4411 1359 4464 ob
1391 4422 1666 4479 peccatmu

504 4504 609 4551 tem
639 4497 683 4551 is
712 4496 801 4566 qui
828 4498 1116 4567 assumpsit
1143 4498 1313 4551 Adam
1355 4500 1420 4553 ad
1452 4502 1923 4557 resurrectionem.
1972 4501 2062 4558 Ille

502 4589 642 4643 enim
673 4589 761 4658 qni
795 4590 859 4642 de
896 4598 1041 4644 terra
1069 4600 1184 4654 est,
1217 4591 1513 4645 introduxit
1547 4603 1807 4658 mortem;
1841 4593 1930 4664 qni
1969 4610 2064 4646 au-

506 4691 611 4734 tem
644 4680 923 4733 desursum
960 4682 1129 4745 venit,
1162 4681 1461 4736 introduxit
1494 4686 1964 4741 resurrectionem.
2001 4686 2068 4741 Et

506 4772 828 4827 resurrectio
871 4772 1082 4842 quidem
1135 4775 1434 4827 communis
1467 4784 1551 4829 est
1585 4776 1862 4844 omnibus;
1898 4780 2065 4834 haere-

505 4865 646 4920 ditas
691 4875 871 4919 autem
922 4880 1106 4919 eorum
1147 4867 1235 4935 qui
1283 4882 1344 4921 ex
1388 4868 1601 4924 viaticis
1646 4870 1846 4940 aliquid
1881 4872 2064 4942 profe—

508 4969 629 5012 runt
680 4959 809 5012 suis.
851 4954 1208 5012 Praecesserat
1241 4960 1401 5027 igitur
1439 4962 1719 5027 adventus,
1761 4964 1854 5019 sed
1886 4980 2067 5034 reper-

506 5051 674 5105 cnssit
718 5066 837 5105 eum
875 5051 1066 5115 timor;
1100 5051 1310 5105 solutus
1343 5061 1426 5105 est
1463 5055 1622 5107 timor
1652 5069 1679 5107 a
1718 5054 1931 5113 timore.
1966 5055 2068 5110 Ne-

507 5142 738 5195 cessaria
780 5153 956 5198 antem
994 5156 1111 5199 erat
1164 5156 1216 5198 et
1268 5148 1587 5202 adhortatio.
1626 5146 1754 5214 Quae
1811 5150 2064 5203 adhorta-

514 5234 619 5285 tio?
652 5235 790 5289 Dicit
830 5237 1084 5292 Dominus
1133 5257 1145 5291 :
1198 5236 1387 5292 Nonne
1417 5239 1519 5291 duo
1553 5255 1826 5309 passeres;
1875 5244 1980 5296 duo
2015 5253 2069 5297 et

511 5340 614 5378 non
651 5329 798 5381 multi
838 5348 851 5382 :
884 5339 937 5385 et
967 5346 1234 5399 passeres,
1266 5342 1319 5386 et
1357 5348 1460 5386 non
1502 5333 1729 5403 majores
1765 5349 1928 5400 aves;
1965 5351 2067 5388 uno

512 5419 714 5470 assario
769 5421 1135 5476 distrahuntur
1175 5422 1253 5474 ’5?
1294 5439 1466 5493 neque
1514 5439 1617 5478 uno
1664 5425 1873 5479 assario
1926 5442 2062 5480 unus

1126 5562 1169 5593 “
1196 5562 1322 5618 ibid.

587 5700 696 5769 (87)
729 5700 849 5754 Aut.
882 5694 1057 5766 Forte,
1090 5712 1166 5756 ut.

583 5557 627 5586 ’³
659 5554 843 5609 Matth.
880 5575 932 5626 χ,
958 5561 1049 5617 28.

1402 5566 1444 5595 ’⁵
1470 5564 1598 5621 ibid.
1634 5566 1722 5619 SE9.
1800 5566 1843 5597 “
1875 5565 2002 5621 ibid.

2082 5568 2123 5597 ³⁷
2155 5565 2417 5632 Matth.vt,
2441 5564 2528 5619 ’50.

2141 1837 2428 1900 citudines,
2477 1835 2598 1889 ait:
2640 1836 2700 1890 Si
2738 1835 2913 1903 fenum
2959 1837 3073 1907 agri
3124 1837 3265 1906 quod
3311 1839 3466 1891 hodie
3510 1848 3607 1902 est,
3655 1850 3703 1892 et

2139 1928 2365 1982 crastino
2400 1929 2455 1980 in
2485 1927 2744 1979 clibanum
2774 1928 3018 1991 mittitur,
3046 1927 3183 1982 Deus
3211 1930 3286 1982 ita
3316 1932 3488 1993 vestit,
3512 1942 3704 1998 quanto

2141 2024 2306 2092 magis
2341 2038 2445 2088 vos,
2474 2021 2693 2075 modica.-
2714 2020 2837 2088 fidei
2861 2021 2945 2074 '7?
2971 2020 3015 2073 A
3046 2021 3281 2075 minimis
3311 2023 3562 2076 admonet
3591 2037 3704 2089 eos,

2141 2116 2230 2183 qni
2266 2114 2468 2167 meliori
2500 2124 2627 2167 sunt
2656 2112 2917 2182 dignitate
2946 2128 2961 2165 :
2994 2113 3064 2166 ita
3098 2123 3153 2168 et
3182 2130 3326 2168 nunc
3358 2116 3484 2184 quia
3512 2116 3702 2169 nullius

2142 2207 2295 2276 pretii
2340 2215 2462 2261 sunt
2494 2219 2765 2275 passeres,
2814 2214 3076 2274 quantum
3128 2207 3194 2258 ad
3247 2207 3700 2275 comparationem

2144 2298 2453 2360 hominum;
2508 2311 2673 2365 parvo
2726 2304 2907 2348 autem
2953 2295 3161 2363 pretio,
3194 2306 3252 2350 ut
3302 2296 3498 2350 nullius
3552 2296 3705 2365 pretii

2144 2387 2545 2451 distrahuntur;
2590 2386 2810 2456 cupiens
2858 2400 2954 2438 nos
2985 2384 3274 2438 admonere
3300 2385 3576 2453 dignitatis
3606 2400 3705 2437 no~

2144 2487 2293 2536 stne,
2326 2478 2572 2546 producit
2594 2485 2905 2531 constantes
2934 2476 3049 2529 fieri
3095 2475 3304 2530 debere.
3340 2474 3529 2528 Nonne
3568 2477 3700 2539 duo,

2146 2571 2345 2639 inquit,
2389 2586 2621 2637 passeres
2664 2569 2867 2622 assario
2910 2568 3297 2632 distrahuntur,
3339 2576 3385 2619 et
3423 2582 3587 2618 unum
3638 2581 3706 2619 ea:

2146 2663 2269 2731 ipsis
2290 2702 2304 2726 ,
2335 2677 2437 2714 non
2474 2663 2578 2714 duo
2608 2661 2791 2726 simul,
2825 2660 2919 2714 sed
2946 2675 3109 2714 unum
3138 2674 3205 2713 ex
3241 2658 3396 2727 ipsis,
3424 2674 3525 2710 non
3560 2658 3709 2710 cadit

2148 2756 2200 2807 in
2236 2753 2468 2808 terram?
2496 2752 2721 2822 Propter
2751 2751 2984 2804 volatum
3022 2751 3117 2815 ait,
3147 2766 3244 2819 pro
3277 2764 3341 2803 eo
3386 2759 3444 2801 ut
3483 2749 3712 2812 diceret,

2150 2863 2251 2901 non
2285 2847 2523 2915 capietur
2578 2847 2694 2898 sine
2744 2843 2903 2898 Patre
2944 2852 3143 2898 vestro.
3182 2841 3238 2895 Si
3277 2842 3438 2911 igitur
3480 2855 3707 2910 quorum

2149 2958 2255 2996 non
2297 2951 2382 2997 est
2421 2940 2601 3002 Pater,
2646 2953 2746 2991 nec
2781 2936 3061 2991 minimum
3108 2934 3357 3004 proditur
3398 2934 3516 2987 sine
3556 2933 3708 3000 ipso;

2150 3032 2317 3087 multo
2356 3032 2524 3102 magis
2551 3030 2699 3084 vobis
2730 3043 2957 3098 quorum
2999 3035 3083 3081 est
3108 3026 3293 3089 Pater,
3333 3024 3593 3093 praebebit
3619 3026 3711 3077 de-

2149 3126 2466 3180 fensionem.
2524 3123 2689 3177 Vestri
2738 3133 2942 3187 autem,
2993 3119 3199 3189 inquit,
3233 3129 3285 3173 et
3314 3116 3492 3184 capilli
3527 3117 3712 3185 capitis

2152 3217 2411 3272 numerati
2449 3227 2567 3270 sunt
2586 3217 2650 3269 ’⁸.
2688 3216 2872 3269 Timor
2892 3215 2957 3269 de
2981 3214 3154 3267 anima
3190 3221 3341 3275 erat,
3370 3219 3463 3265 aut
3492 3213 3555 3266 de
3594 3224 3711 3264 cor-

2151 3310 2322 3379 pore?
2372 3307 2476 3364 Sed
2520 3309 2586 3363 de
2626 3308 2823 3370 anima,
2868 3307 3063 3375 inquit,
3104 3304 3269 3360 nolite
3310 3304 3499 3357 timere
3548 3319 3560 3355 :
3606 3314 3713 3354 non

2156 3410 2405 3471 poterunt
2436 3401 2603 3466 enim,
2640 3401 2735 3464 ait,
2767 3415 2835 3454 ne
2864 3398 3077 3468 quidem
3107 3397 3199 3465 qui
3234 3395 3529 3457 voluerint,
3567 3395 3710 3446 occi—

2154 3493 2281 3546 dere
2326 3492 2581 3546 animam.
2620 3491 2723 3545 Sed
2762 3490 2829 3546 de
2858 3504 3083 3558 corpore
3114 3486 3354 3542 timetis?
3383 3486 3488 3541 Nec
3520 3486 3585 3540 de
3617 3499 3711 3539 ca-

2159 3585 2299 3653 pillis
2338 3584 2532 3653 capitis
2560 3584 2723 3637 vestri
2770 3584 2959 3636 timere
2998 3580 3231 3645 debetis;
3264 3578 3529 3633 numerati
3569 3585 3713 3633 sunt.

2164 3676 2219 3731 Si
2245 3677 2408 3748 igitur
2431 3691 2605 3746 neque
2630 3675 2696 3729 de
2724 3676 2924 3738 anima,
2973 3687 3145 3743 neque
3174 3673 3238 3727 de
3268 3685 3496 3741 corpore
3523 3670 3716 3725 timere

2161 3780 2405 3842 oportet;
2447 3778 2708 3839 quantum
2758 3769 2823 3820 ad
2868 3781 2966 3821 nos
3010 3774 3234 3834 spectat,
3271 3763 3482 3818 ablatus
3525 3770 3610 3817 est
3650 3761 3712 3814 ti-

2166 3877 2285 3916 mor
2318 3879 2331 3916 :
2370 3859 2539 3914 Vestri
2559 3860 2718 3922 enim,
2753 3859 2945 3927 inquit,
2972 3867 3019 3911 et
3049 3856 3227 3922 capilli
3247 3856 3433 3921 capitis
3464 3855 3717 3907 numerati

2160 3966 2303 4009 sunt.
2358 3952 2494 4007 Num
2549 3954 2719 4007 nostri
2765 3961 2969 4006 tantum
3016 3949 3227 4019 capilli?
3276 3948 3530 4003 Sabulum
3576 3947 3716 4001 enim

2167 4046 2334 4100 maris
2373 4045 2504 4099 latet
2536 4044 2817 4099 scientiam
2849 4041 2985 4097 Dei?
3018 4052 3110 4097 aut
3151 4042 3294 4095 enim
3342 4040 3547 4095 semina
3588 4038 3717 4105 feni,

2169 4146 2261 4191 aut
2289 4152 2479 4206 pennae
2506 4151 2783 4206 passerum
2812 4135 3166 4205 ignorantur?
3194 4134 3459 4200 Quantum
3481 4134 3621 4187 enim
3645 4132 3713 4185 ad

2166 4245 2468 4285 sermonem
2521 4238 2758 4300 spectat,
2804 4228 3015 4282 videtur
3051 4213 3275 4292 'dicere,
3326 4226 3449 4294 quia
3505 4232 3716 4277 vestros

2167 4320 2330 4376 etiam
2355 4319 2580 4388 capillos
2605 4320 2751 4373 novit
2781 4318 2943 4374 Deus.
2970 4317 3090 4371 Alia
3120 4328 3294 4371 autem
3323 4329 3436 4383 quae
3459 4321 3717 4385 putantur

1708 4430 1720 4466 :
1761 4413 1935 4467 erexit
1967 4429 2062 4467 au-
2098 4406 2140 4460 D
2170 4412 2594 4482 contemptibilia
2621 4427 2742 4467 esse
2768 4426 2872 4465 nou
2905 4410 3223 4475 contemnit,
3248 4408 3339 4463 sed
3363 4407 3526 4461 habet
3547 4406 3719 4460 scien-

2168 4506 2297 4560 tiam
2322 4505 2584 4560 omnium.
2620 4504 2752 4558 Nam
2783 4513 2839 4558 et
2870 4503 2995 4557 illud
3021 4504 3162 4574 quod
3189 4502 3384 4557 dicitur
3413 4501 3466 4554 in
3490 4499 3723 4567 Scriptu-

2172 4601 2266 4666 ris,
2295 4599 2487 4655 Omnia
2513 4600 2561 4653 ei
2595 4608 2717 4652 nota
2744 4610 2863 4652 sunt
2891 4613 2908 4652 :
2946 4612 3053 4652 non
3091 4597 3276 4651 l'rivole
3310 4595 3524 4665 quippe,
3556 4606 3722 4662 neque

2173 4706 2295 4746 cum
2344 4690 2547 4755 labore,
2588 4700 2681 4743 aut
2733 4705 2857 4744 cum
2909 4690 3116 4754 dolore,
3167 4690 3262 4743 sed
3298 4686 3722 4743 inenarrabiliter

2169 4782 2348 4835 omnia
2384 4783 2638 4851 praevenit
2680 4782 2928 4836 scientia.
2970 4781 3106 4848 Quid
3140 4796 3266 4851 ergo
3301 4790 3386 4836 est
3412 4780 3549 4849 quod
3575 4792 3723 4834 acce-

2177 4874 2251 4941 pit
2279 4874 2461 4928 dicens
2493 4891 2505 4926 :
2550 4872 2712 4927 Vestri
2742 4885 2913 4927 autem
2950 4885 2995 4927 et
3031 4873 3205 4943 capilli
3250 4874 3437 4943 capitis
3469 4871 3722 4926 numerati

2174 4968 2333 5020 sunt?
2360 4968 2482 5036 quia
2520 4968 2761 5036 provisor
2791 4980 2872 5022 est
2893 4968 3060 5023 vestri
3090 4983 3259 5038 usque
3307 4969 3374 5022 ad
3404 4967 3640 5036 capillos.
3668 4964 3726 5019 Si

2175 5058 2336 5127 igitur
2370 5060 2600 5113 animam
2627 5056 2737 5128 ja'm
2783 5061 3012 5113 armavit
3051 5059 3473 5127 immortalitate,
3512 5074 3726 5114 carnem

2174 5163 2350 5205 autem
2391 5169 2452 5207 ex
2494 5168 2556 5207 eo
2599 5155 2741 5221 quod
2789 5154 3065 5223 provideat
3091 5165 3145 5208 et
3181 5154 3431 5208 defendat
3461 5167 3631 5223 usque
3663 5153 3727 5206 ad

2174 5244 2427 5311 capillos;
2458 5246 2586 5314 quid
2629 5246 2945 5319 relinquitur
2979 5246 3046 5299 ad
3079 5245 3368 5300 timorem?
3399 5246 3530 5315 quid
3569 5248 3636 5300 ad
3668 5247 3731 5300 ti-

2176 5353 2378 5392 morem
2434 5339 2771 5408 relinquitnr,
2829 5348 2883 5391 ut
2938 5338 3242 5393 hominibus
3294 5352 3489 5403 casus,
3550 5348 3731 5408 utpote

2171 5445 2355 5499 opum,
2380 5431 2707 5497 divitiarum,
2732 5432 3048 5495 amicorum,
3076 5440 3382 5502 parentum,
3409 5428 3732 5499 propinquo-

2608 5566 2651 5597 ³⁸
2674 5564 2859 5621 Matth.
2886 5582 2939 5631 x,
2958 5565 3067 5639 30..
