4050 6206
355 319 484 374 1185

1676 313 1738 363 ΙΝ
1786 312 2043 371 ΜΑΤΤΗ.
2080 315 2144 381 Χ,
2180 318 2269 372 27.

3443 321 3579 375 “Si;

346 448 465 485 m'"
488 472 503 493 ν
542 431 730 501 Pamin
755 430 867 500 ἱρεθ
902 426 1156 483 “rem”?
1187 429 1311 484 Inde
1349 437 1432 484 εει
1476 440 1533 483 υι
1570 430 1715 484 dicat
1749 450 1762 485 ε
1816 431 1917 498 Qui
1948 442 1994 496 Α
2024 447 2148 492 ante
2175 441 2277 495 sibi
2315 455 2537 510 parcere
2580 441 2885 495 noluerunt.
2915 438 3052 505 Quid
3083 438 3228 493 enim
3264 438 3432 494 defuit
3470 442 3581 496 illic

346 524 523 593 diiigit
550 533 748 589 patrem
775 535 863 574 aut
896 532 1113 574 matrem
1145 538 1304 587 supra
1345 538 1445 587 me,
1475 540 1577 577 non
1606 534 1684 578 est
1717 541 1799 578 me
1826 528 1910 578 di-

348 620 566 683 qnus".
600 617 723 671 Tria
753 617 891 669 enim
941 616 1040 670 ista
1083 626 1208 670 sunt
1253 632 1372 686 qua:
1413 616 1557 671 circa
1604 630 1723 683 nos,
1768 628 1823 671 et
1860 619 1912 671 in

351 710 505 767 nobis
528 720 581 765 et
613 720 789 764 nostra
815 719 984 762 sunt:
1019 710 1159 777 quod
1193 708 1335 762 enim
1365 723 1571 775 sumus,
1602 708 1783 763 anima
1820 724 1903 764 su-

352 820 496 860 mus.
530 804 584 857 Si
622 802 740 870 quis
767 811 947 855 autem
977 814 1032 855 et
1063 801 1411 870 semetipsum
1452 801 1698 868 agnoscit
1738 802 1914 854 inten-

352 898 479 962 tius,
509 905 561 951 et
590 894 750 948 veluti
790 895 843 947 in
886 895 1124 948 secundo
1147 893 1287 957 loco,
1336 908 1433 946 nos
1466 908 1662 963 corpus
1693 906 1912 958 sumus;

356 991 455 1044 tria
481 1002 606 1056 ergo
634 996 759 1041 sunt
793 1001 912 1055 qua:
944 987 994 1040 in
1032 987 1184 1040 nobis
1212 995 1332 1040 sunt
1369 1004 1382 1039 :
1413 1001 1533 1055 quae
1559 995 1736 1040 autem
1773 985 1915 1039 circa

353 1096 466 1143 nos,
489 1081 881 1149 possessiones,
909 1079 1092 1143 amici,
1126 1088 1373 1149 parentes
1404 1089 1458 1133 et
1491 1079 1685 1149 patria.
1714 1078 1821 1133 Sed
1854 1079 1918 1132 de

351 1173 523 1226 anima
574 1172 752 1228 nullus
802 1174 961 1227 timor
1002 1182 1115 1237 est,
1157 1173 1280 1240 quia
1331 1172 1652 1226 immortalis
1684 1181 1789 1225 est.
1838 1170 1913 1224 De

347 1280 579 1332 corpore
610 1265 822 1319 ablatus
858 1274 942 1319 est
969 1266 1150 1329 timor,
1181 1265 1309 1332 quia
1339 1276 1392 1317 et
1438 1263 1613 1331 capilli
1654 1262 1915 1316 nnmerati

346 1368 494 1413 sunt.
530 1358 605 1413 De
637 1359 719 1412 his
758 1368 936 1412 autem
962 1373 1078 1427 qua:
1100 1367 1251 1411 extra
1283 1367 1427 1421 sunt,
1456 1357 1585 1409 dicit
1608 1354 1869 1408 Dominus
1896 1370 1908 1407 :

350 1451 413 1506 Si
441 1454 558 1521 quis
590 1450 850 1521 reliquerit
892 1461 1096 1520 propter
1128 1466 1209 1503 me
1241 1460 1287 1505 et
1334 1466 1489 1519 regna
1519 1448 1762 1501 caelorum
1784 1486 1798 1510 ,
1827 1462 1921 1514 pa-

351 1553 503 1608 trem,
542 1553 630 1595 aut
676 1554 913 1607 matrem,
938 1552 1028 1595 aut
1068 1541 1280 1607 fratres.
1309 1550 1400 1594 aut
1443 1540 1605 1609 ﬁlios.
1654 1548 1746 1592 aut
1785 1553 1919 1590 uxo-

352 1649 483 1700 rem,
532 1646 621 1687 aut
671 1645 941 1705 cognatos,
991 1643 1081 1687 aut
1130 1635 1365 1696 domum,
1399 1633 1604 1685 habebit
1642 1642 1687 1684 et
1722 1631 1776 1683 in
1825 1629 1919 1682 hoc

353 1728 548 1779 mundo
603 1726 934 1793 centuplum;
982 1727 1037 1781 in
1103 1726 1274 1798 futuro
1339 1736 1515 1778 autem
1568 1726 1724 1777 vitam
1773 1732 1921 1777 teter-

354 1835 474 1872 nam
498 1819 561 1871 ³ο.
594 1818 733 1888 Ergo
762 1819 904 1872 nulla
936 1820 1150 1873 occasio
1176 1817 1433 1872 derelicta
1476 1825 1558 1871 est
1605 1815 1807 1869 timori.
1847 1814 1920 1867 De

353 1911 529 1967 anima
554 1911 695 1966 enim
727 1912 918 1966 timere
944 1927 1048 1966 non
1077 1911 1241 1966 debes
1274 1910 1526 1963 timorem
1564 1908 1919 1969 insensatum,

355 2018 422 2059 ne
471 2006 674 2074 puteris
720 2003 1001 2060 mortalem
1052 2002 1235 2057 dicere
1273 2000 1659 2056 immortalem.
1704 1997 1809 2052 Sed
1853 1996 1920 2051 de

351 2108 577 2162 corpore
611 2093 769 2147 times
818 2111 831 2147 :
875 2102 1102 2162 possunt
1145 2091 1288 2146 enim
1317 2090 1566 2146 occidere
1613 2102 1627 2141 :
1679 2085 1920 2142 defendit

351 2200 519 2254 usque
547 2184 613 2238 ad
644 2183 866 2253 capillos
901 2185 991 2253 qui
1035 2182 1262 2237 creavit.
1307 2180 1413 2235 Sed
1444 2177 1738 2233 amicitiam
1768 2191 1917 2245 quae-

348 2279 445 2345 ris,
473 2288 528 2332 et
563 2287 805 2347 patrem,
845 2286 897 2330 et
928 2287 1153 2329 matrem
1187 2292 1202 2327 :
1248 2282 1364 2327 esto
1410 2286 1617 2325 memor
1671 2269 1786 2339 ejus
1828 2268 1916 2337 qui

348 2370 470 2423 ait:
506 2367 608 2434 Qui
648 2369 818 2438 diligit
861 2378 1060 2430 patrem
1100 2376 1187 2418 aut
1228 2374 1446 2416 matrem
1477 2378 1641 2430 supra
1672 2376 1771 2424 me,
1815 2375 1918 2413 non

348 2472 425 2515 est
449 2477 529 2515 me
561 2462 748 2531 dignus
772 2460 839 2513 δι.
869 2459 973 2513 Sed
1005 2458 1241 2519 divitias,
1276 2465 1328 2510 et
1355 2470 1473 2523 qua:
1496 2455 1578 2509 his
1612 2462 1737 2507 sunt
1764 2451 1915 2506 simi-

351 2552 417 2607 lia
448 2554 743 2609 desideras.
776 2553 1096 2621 Quicunque
1136 2547 1414 2616 reliquerit
1447 2555 1652 2616 patrem
1683 2554 1775 2598 aut
1803 2559 1915 2597 nta-

352 2655 508 2709 trem,
540 2654 631 2698 aut
654 2647 895 2708 domum,
929 2651 1021 2695 aut
1061 2652 1395 2710 quaecunque
1440 2645 1565 2691 sunt
1611 2652 1773 2705 supra
1808 2645 1916 2690 ter-

350 2750 465 2791 ram
512 2743 730 2807 propter
759 2748 842 2788 me
876 2743 929 2788 et
974 2748 1138 2801 regna
1168 2730 1448 2796 calorum,
1479 2729 1784 2797 centuplum
1818 2727 1915 2780 ha-

348 2824 539 2880 bebit:
572 2824 712 2879 sicut
752 2823 803 2877 hi
847 2824 936 2891 qui
979 2822 1249 2877 seminant
1286 2821 1336 2873 itt
1368 2820 1562 2873 bonam
1592 2829 1808 2881 terram,
1862 2816 1913 2870 in

350 2920 453 2973 isto
482 2917 695 2987 quidem
739 2916 937 2971 saeculo
968 2913 1295 2983 centuplum,
1325 2913 1376 2965 in
1421 2911 1601 2965 futuro
1629 2921 1807 2963 autem
1836 2909 1915 2963 vi-

348 3020 457 3063 tam
504 3020 784 3063 mtcrnam.
838 3007 1012 3061 Nolite
1054 3021 1182 3073 ergo
1225 3005 1433 3057 timere.
1482 3003 1537 3056 Si
1581 3003 1727 3056 enim
1775 3015 1913 3055 unus

346 3117 537 3172 passer
566 3117 671 3157 non
697 3100 841 3155 cadit
870 3100 922 3153 in
950 3108 1146 3153 terram
1176 3097 1293 3151 sine
1325 3105 1478 3164 patre
1509 3104 1691 3149 vestro
1715 3095 1803 3163 qni
1832 3103 1915 3147 est

347 3196 399 3249 in
438 3194 615 3257 caelis,
652 3191 939 3246 multorum
986 3197 1164 3243 autem
1210 3201 1489 3257 passerum
1532 3198 1627 3237 vos
1667 3182 1915 3237 meliores

343 3289 510 3354 estis;
551 3302 658 3341 non
694 3286 856 3340 habet
899 3283 1079 3338 locum
1111 3281 1295 3334 timor.
1340 3277 1473 3345 Quia
1523 3276 1684 3344 igitur
1713 3275 1914 3329 intere-

346 3381 444 3436 mit
476 3381 744 3443 timorem,
769 3377 970 3445 reperit
1004 3374 1115 3445 (88)
1144 3371 1465 3427 constantiae
1499 3368 1751 3421 ﬁduciam
1792 3382 1915 3420 cum

342 3471 705 3536 confessione,
741 3479 797 3524 et
828 3469 957 3523 dicit
1002 3485 1016 3522 :
1049 3465 1232 3520 Omnis
1259 3463 1551 3533 quicunque
1593 3476 1673 3512 me
1706 3458 1911 3527 confes-

344 3583 431 3619 sus
464 3567 619 3634 fuerit
651 3573 770 3617 ante
808 3562 1077 3626 homines,
1108 3558 1196 3613 isti
1243 3557 1385 3612 enim
1425 3563 1545 3609 sunt
1584 3553 1675 3623 qui
1717 3567 1911 3623 perse-

346 3667 599 3726 quuntur,
633 3656 914 3725 conﬁtebor
941 3664 988 3708 et
1027 3669 1118 3722 ego
1152 3666 1269 3705 eum
1315 3659 1434 3702 ante
1474 3644 1691 3699 Patrem
1736 3660 1909 3699 meum

342 3749 433 3818 qui
456 3760 527 3803 est
560 3749 614 3801 in
637 3749 777 3801 caelis
810 3747 874 3799 ³³.
907 3746 969 3801 Et
997 3747 1169 3816 primo
1197 3741 1416 3811 quidem
1446 3739 1719 3807 intercipit
1755 3739 1916 3792 timo-

345 3855 482 3907 rem,
518 3841 751 3898 secundo
780 3848 958 3893 autem
987 3836 1231 3891 immittit
1262 3847 1409 3903 spem
1439 3850 1451 3885 :
1483 3832 1800 3899 Quicunque
1830 3846 1914 3884 me

344 3933 624 3990 confessus
664 3933 827 3987 fuerit
873 3939 1000 3985 ante
1044 3928 1309 3992 homines,
1357 3924 1661 3979 conﬁtebor
1708 3933 1762 3976 et
1814 3939 1914 3993 ego

343 4041 464 4080 eum
498 4045 511 4080 :
561 4036 689 4093 puta
736 4024 859 4093 quia
888 4020 1196 4077 hominibus
1238 4017 1561 4073 conveniens
1603 4026 1687 4071 est
1738 4016 1907 4069 Deum

344 4119 612 4183 conﬁteri,
646 4118 812 4172 Deum
846 4116 1094 4170 homines
1138 4111 1413 4182 quomodo
1451 4110 1704 4165 convenit
1747 4107 1914 4163 conﬁ-

347 4210 485 4264 teri?
512 4208 587 4263 De
616 4208 924 4263 hominibus
954 4217 1010 4260 ut
1037 4221 1141 4259 non
1171 4206 1315 4260 dicat
1345 4204 1413 4259 ad
1439 4218 1533 4259 eos
1569 4222 1583 4258 :
1613 4200 1859 4257 Rccedite
1882 4220 1913 4256 a

343 4317 444 4366 me,
475 4303 646 4356 nescio
686 4316 773 4355 vos
796 4300 872 4367 ³⁸;
905 4299 997 4353 sed
1040 4308 1098 4351 ut
1136 4298 1309 4367 magis
1339 4297 1484 4351 dicat
1514 4299 1579 4350 ad
1612 4311 1704 4351 eos
1740 4314 1753 4349 :
1799 4292 1902 4349 Ve-

345 4395 469 4458 nite,
503 4394 757 4447 benedicti
788 4392 967 4446 Patris
1002 4392 1103 4445 mei
1128 4390 1191 4443 “.
1233 4390 1461 4445 Intueris
1503 4390 1910 4458 abnegationem

342 4484 463 4539 Filii
489 4486 553 4540 de
582 4487 908 4553 hominibus,
949 4496 1003 4540 et
1035 4483 1431 4540 confessionem
1462 4485 1550 4538 Dei
1582 4484 1647 4538 dc
1685 4483 1914 4537 homini-

343 4578 483 4633 bus?
522 4579 658 4633 Num
702 4577 955 4646 possibile
982 4586 1065 4633 est
1101 4577 1150 4632 ei
1194 4576 1404 4642 dicere,
1435 4576 1618 4631 nescio
1648 4573 1910 4629 Patrem?

344 4669 459 4725 Scit
483 4671 679 4740 quippe
713 4677 765 4723 et
800 4668 1067 4734 homines,
1095 4679 1149 4723 et
1182 4670 1281 4723 bos
1312 4678 1624 4738 peccatores
1652 4668 1860 4736 ignorat
1895 4686 1906 4720 :

341 4762 769 4816 additamentum
836 4761 980 4814 enim
1039 4761 1139 4814 hoc
1206 4761 1527 4815 solutionem
1591 4758 1910 4831 quastionis

342 4852 577 4921 praebet;
604 4851 729 4920 quia
762 4851 905 4905 enim
934 4858 1248 4918 peccatores
1274 4851 1439 4920 ignoti
1468 4862 1615 4918 sunt,
1648 4866 1753 4904 non
1783 4848 1908 4917 quia

342 4945 680 5012 ignorantur,
726 4944 819 4997 sed
847 4944 972 5014 quia
1014 4959 1118 4996 non
1165 4943 1231 4997 ab
1274 4957 1337 4997 eo
1380 4946 1709 4998 conlitentur
1758 4962 1771 4998 :
1813 4959 1908 4999 eos

343 5039 482 5091 enint
536 5038 624 5107 qui
675 5038 830 5093 malae
877 5046 1002 5092 sunt
1053 5037 1175 5092 vita:
1224 5037 1402 5092 nescit
1456 5036 1632 5090 sciens
1680 5051 1774 5092 eos
1817 5037 1906 5106 qui

346 5130 473 5183 sint.
515 5131 569 5185 Si
614 5132 756 5185 enim
784 5140 1227 5197 computarentur
1277 5130 1417 5183 inter
1441 5128 1589 5181 vivos
1620 5128 1768 5190 mali,
1801 5142 1903 5182 non

345 5219 575 5275 venisset
600 5222 857 5276 diluvium
890 5223 989 5275 sub
1024 5219 1137 5274 Noe
1172 5240 1184 5273 :
1216 5230 1270 5273 et
1299 5220 1431 5274 alios
1458 5217 1671 5288 quidem
1704 5233 1907 5272 connu-

347 5310 574 5364 meravit
614 5328 748 5379 quos
777 5314 970 5377 salvat,
1003 5328 1139 5382 quos
1172 5322 1351 5366 autem
1393 5310 1587 5374 nescit,
1630 5310 1803 5377 perdit
1849 5320 1906 5364 ut

346 5410 537 5472 purget
580 5410 798 5458 terram.
840 5402 956 5456 Non
1007 5418 1132 5472 ergo
1178 5403 1363 5457 debuit
1407 5404 1486 5456 eis
1531 5415 1777 5470 parcere,
1811 5400 1902 5471 qui

416 5544 462 5575 "
484 5544 666 5597 Matth.
695 5560 747 5605 χ,
766 5546 852 5598 '57.
930 5545 972 5575 ³ο
1000 5542 1304 5601 Matth.er
1330 5543 1420 5599 29.

345 5616 389 5648 ³³
416 5614 550 5670 Gen.
582 5630 694 5677 xtx,
725 5615 777 5669 9.
852 5615 896 5645 ³⁸
918 5614 1100 5666 Matth.
1146 5629 1199 5678 χ,
1231 5614 1317 5668 55.

418 5751 527 5820 (88)
556 5750 773 5812 Reperit.
801 5752 978 5815 Forte,
1012 5750 1214 5816 repetit.

1494 5542 1535 5573 ³¹
1576 5540 1759 5595 Μίιιιιι.
1792 5554 1883 5607 ιν,
1907 5540 1994 5595 57.

2012 533 2077 586 ad
2123 533 2435 592 patientiam
2482 532 2612 588 Dei?
2658 531 2845 588 Nonne
2898 546 3201 600 praeconem
3249 532 3579 601 paenitentia:

2012 625 2292 680 constituit
2323 625 2402 680 eis
2438 624 2548 680 Noe
2589 640 2687 693 per
2714 639 2885 678 annos
2915 634 3153 687 centum,
3179 634 3441 693 quantum
3480 639 3577 679 au-

2016 728 2119 771 tem
2156 718 2222 771 ad
2253 732 2403 771 suam
2456 717 2866 786 promissionem
2917 730 3014 785 per
3056 714 3195 770 cxx?
3234 715 3421 770 Nonne
3452 732 3577 771 arca

2016 809 2195 873 ﬁebat,
2219 809 2336 879 ipso
2362 823 2530 878 opere
2553 807 2619 862 ad
2648 808 3026 877 pmnitentiam
3052 808 3276 862 hortans
3298 807 3582 862 homines?

2015 908 2107 954 aut
2153 900 2423 954 modicum
2482 909 2599 955 erat
2654 915 2781 964 vas,
2840 900 2984 970 quod
3036 910 3217 969 posset
3263 901 3424 953 etiam
3481 901 3581 955 sub

2016 1000 2160 1046 tecto
2196 990 2491 1045 fabricari?
2550 991 2741 1047 Nonne
2787 1002 2951 1046 tantae
2997 993 3210 1055 quidem
3260 990 3580 1057 altitudinis,

2018 1092 2181 1138 tanta:
2214 1092 2391 1138 autem
2444 1083 2797 1152 longitudinis
2830 1091 2884 1139 et
2931 1083 3231 1138 latitudinis
3283 1085 3581 1138 secundum

2018 1174 2361 1228 mensuram?
2431 1174 2827 1228 Fabricabatur
2904 1183 3080 1227 autem
3152 1187 3277 1226 arca
3337 1182 3395 1227 ut
3454 1179 3583 1227 tuba

2019 1265 2248 1318 maxima
2273 1305 2287 1326 ,
2310 1264 2421 1333 jam
2448 1264 2706 1318 diluvium
2746 1264 3045 1332 praedicans
3090 1262 3355 1326 futurum,
3383 1273 3437 1316 et
3460 1272 3584 1317 ante

2019 1357 2271 1411 diluvium
2301 1358 2671 1427 paenitentiam
2701 1358 2963 1412 clamans.
2996 1357 3053 1410 Si
3088 1357 3251 1424 igitur
3276 1372 3376 1409 cxx
3431 1358 3584 1409 annis

2019 1450 2256 1506 revocati
2283 1467 2310 1504 a
2342 1451 2564 1506 malitiis
2597 1466 2702 1505 non
2729 1460 2853 1504 sunt
2876 1450 3041 1515 suasi,
3077 1450 3176 1517 ipsi
3212 1450 3317 1501 vim
3347 1448 3583 1502 fecerunt

2021 1554 2079 1597 ut
2110 1560 2269 1614 supra
2294 1559 2388 1599 eos
2415 1544 2673 1598 diluvium
2700 1543 2999 1610 adveniret,
3035 1543 3125 1611 qui
3158 1541 3372 1596 suaderi
3405 1541 3584 1594 nolue-

2021 1635 2147 1689 rint.
2178 1634 2282 1689 Sed
2316 1634 2606 1689 Sodomam
2635 1634 2828 1689 evertit
2851 1633 2990 1688 Deus
3015 1676 3029 1700 ,
3058 1633 3185 1702 quia
3226 1632 3375 1701 prius
3421 1632 3584 1685 Sodo-

2022 1728 2165 1781 mitte
2196 1737 2441 1781 naturam
2473 1744 2625 1782 suam
2669 1736 3044 1798 corruperant.
3093 1725 3158 1779 Et
3190 1735 3339 1781 certe
3371 1740 3435 1779 ne
3468 1724 3584 1794 qui.

1954 1792 1994 1846 Β
2023 1818 2139 1872 dem
2181 1819 2301 1873 istic
2334 1819 2577 1889 despexit
2624 1819 2799 1885 Deus,
2834 1792 2926 1873 sed
2975 1832 3165 1887 passus
3204 1827 3291 1871 est
3332 1792 3496 1870 Loth
3520 1815 3587 1869 ob

2023 1910 2425 1965 contentionem
2499 1922 2772 1980 pastorum
2848 1912 2913 1964 ab
2995 1909 3267 1963 Abraham
3325 1905 3588 1976 separari.

2021 2002 2179 2057 Forte
2228 2011 2406 2057 autem
2455 2013 2508 2058 et
2548 2003 2892 2059 continentia:
2932 2001 3071 2056 sales
3122 2002 3270 2054 misit
3312 2000 3378 2053 ad
3417 1998 3587 2051 Sodo-

2020 2107 2162 2146 mam
2206 2091 2345 2148 Loth
2368 2094 2433 2159 ³⁸,
2481 2104 2542 2148 ut
2584 2092 2701 2162 ejus
2730 2082 2936 2162 justitia
2989 2092 3420 2146 continerentur.
3452 2099 3509 2142 ut
3556 2104 3587 2142 a

2019 2183 2149 2250 sale,
2197 2194 2250 2238 et
2297 2199 2402 2240 non
2448 2195 2946 2254 corrumperentur.
2988 2184 3067 2238 Illi
3119 2192 3298 2237 autem
3350 2192 3404 2236 et
3450 2180 3590 2235 sales

2020 2277 2385 2343 calcaverunt,
2419 2288 2472 2332 et
2498 2277 2751 2334 dixerunt
2780 2282 2846 2333 ad
2886 2293 3012 2332 eum
3042 2277 3132 2346 qui
3167 2276 3451 2339 insalabat,
3483 2275 3585 2327 lla-

2019 2369 2191 2423 bitare
2222 2371 2441 2434 venisti,
2481 2386 2585 2424 non
2624 2380 2802 2424 tamen
2835 2382 2890 2424 et
2927 2370 3192 2439 judicium
3222 2369 3487 2435 judicare.
3524 2366 3588 2421 Et

2020 2462 2133 2516 haec
2161 2462 2403 2516 diceutcs
2430 2462 2632 2529 justum
2669 2464 2953 2514 adversum
2988 2477 3045 2513 se
3069 2461 3333 2529 judicium
3379 2459 3585 2514 excita-

2018 2563 2165 2621 runt,
2192 2555 2284 2623 qui
2326 2570 2428 2607 non
2462 2553 2613 2607 fuere
2653 2552 2893 2607 contenti
2934 2552 3196 2605 adversus
3222 2551 3469 2605 homines
3504 2550 3586 2603 in-

2016 2648 2195 2717 digna,
2236 2648 2329 2702 sed
2374 2655 2427 2700 et
2475 2645 2817 2700 insanierunt
2860 2645 3121 2697 adversus
3174 2643 3319 2713 ipsos
3371 2654 3590 2697 sanctos

2016 2741 2252 2810 angelos,
2289 2738 2378 2808 qui
2420 2748 2679 2792 venerant
2711 2738 2988 2791 vindicare
3025 2735 3275 2802 iniuriam
3308 2735 3584 2788 hominum

2015 2835 2082 2890 ab
2110 2834 2312 2889 eisdem
2349 2833 2665 2885 admissam.
2700 2829 2807 2883 Sed
2836 2842 3011 2898 neque
3037 2828 3145 2882 Noe
3172 2827 3415 2896 deSpexit
3445 2827 3588 2880 Deus

2016 2928 2069 2983 in
2111 2925 2345 2991 diluvio;
2396 2923 2659 2978 numerati
2699 2923 2845 2976 enim
2881 2930 3039 2975 erant
3082 2919 3199 2986 ejus
3229 2918 3406 2987 capilli
3436 2903 3458 2971 ε’
3497 2933 3590 2970 nc-

2016 3035 2119 3091 que
2158 3019 2295 3074 Loth
2343 3018 2480 3089 apud
2533 3015 2844 3071 Sodomam.
2892 3014 2997 3069 Alii
3047 3023 3224 3068 autem
3269 3014 3433 3066 Deum
3478 3026 3583 3065 non

1942 3134 1983 3193 α
2018 3123 2197 3169 tamen
2226 3112 2474 3167 homines
2506 3110 2844 3166 offenderunt.
2868 3149 2885 3175 ,
2916 3108 3005 3178 qui
3042 3107 3459 3161 immutaverunt
3492 3104 3589 3156 bu-

2020 3220 2235 3259 manam
2280 3214 2550 3257 naturam.
2593 3201 2707 3254 Non
2743 3211 2827 3255 est
2856 3213 2983 3269 ergo
3032 3196 3419 3266 increpanduut
3452 3194 3584 3257 Deo,

2019 3298 2144 3366 quia
2185 3311 2284 3350 nec
2318 3296 2362 3349 si
2396 3294 2534 3347 tauri
2579 3292 2899 3347 occiduntur
2938 3290 3004 3343 ad
3038 3304 3223 3352 usum,
3257 3301 3429 3356 neque
3467 3286 3590 3354 quia

2018 3406 2144 3445 oves
2173 3399 2226 3443 et
2254 3387 2550 3451 columbae;
2590 3384 2930 3437 variﬁcatum
2965 3382 3111 3435 enim
3144 3390 3225 3433 est
3271 3394 3430 3433 omne
3467 3378 3588 3455 hoc,

2016 3492 2071 3537 et
2115 3479 2443 3535 abundantia
2493 3486 2577 3531 est
2624 3475 2826 3536 multa,
2873 3483 2925 3527 et
2970 3472 3071 3524 alia
3118 3472 3237 3524 aliis
3283 3472 3589 3525 necessaria

2017 3583 2169 3640 suut,
2218 3580 2272 3625 et
2306 3569 2408 3623 alia
2445 3568 2605 3623 aliter
2656 3578 2836 3621 creata
2885 3574 3029 3618 sunt.
3081 3562 3230 3616 Sicut
3275 3562 3438 3631 igitur
3491 3578 3590 3631 pro

2020 3666 2185 3721 tauris
2208 3664 2298 3733 qui
2323 3662 2647 3718 occiduntur
2675 3660 2740 3713 ad
2769 3673 2922 3712 usum
2948 3671 3051 3709 non
3077 3658 3386 3723 increpatnr
3412 3653 3585 3719 Deus;

2016 3764 2069 3807 et
2103 3763 2247 3807 certe
2278 3751 2413 3804 tauri
2446 3765 2551 3803 non
2586 3757 2810 3819 peccant
2833 3787 2847 3811 ,
2880 3760 3061 3813 neque
3092 3754 3175 3799 est
3206 3744 3582 3814 irreligiositas

2017 3844 2069 3898 in
2103 3844 2303 3907 tauris;
2336 3856 2441 3896 non
2484 3840 2655 3893 solum
2692 3853 2798 3893 non
2826 3846 2901 3890 est
2944 3836 3328 3905 increpandum
3361 3833 3427 3885 de
3459 3848 3585 3902 per-

2015 3935 2283 4003 emptione
2322 3932 2744 4001 irreligiosorum
2766 3969 2780 3992 ,
2815 3930 2908 3983 sed
2944 3941 2996 3981 et
3032 3926 3356 3981 intrandum.
3416 3924 3587 3978 Debet

2015 4023 2156 4077 enim
2205 4023 2407 4076 laudari
2464 4023 2625 4086 Deus,
2684 4022 2812 4091 quia
2878 4032 3075 4075 terram
3134 4017 3288 4086 aquis
3341 4016 3507 4069 abluit
3558 4030 3589 4068 a

2017 4115 2291 4184 Spurcitiis
2342 4114 2701 4169 habitantium
2763 4132 2775 4167 :
2833 4115 2989 4168 debet
3034 4110 3272 4181 probari.
3319 4110 3442 4177 quia
3495 4124 3590 4177 per

2017 4209 2192 4279 ignem
2243 4207 2495 4262 conﬂavit
2550 4216 2791 4261 nostram
2843 4216 3133 4268 naturam,
3183 4213 3237 4255 ut
3272 4211 3588 4257 evocaretur

2018 4310 2200 4355 nostra
2258 4301 2519 4369 legitima.
2574 4298 2649 4352 Ita
2707 4299 2879 4353 nescit
2935 4299 3077 4351 Deus
3127 4313 3261 4366 quos
3312 4313 3418 4351 non
3474 4298 3591 4349 vult

2018 4407 2209 4458 nosse,
2247 4392 2316 4446 ita
2362 4390 2632 4460 ignoravit
2662 4406 2756 4444 cos
2786 4390 2877 4460 qui
2912 4391 3012 4445 sub
3049 4389 3189 4453 Noe;
3245 4389 3314 4444 ita
3360 4387 3586 4442 nescivit

1945 4512 1988 4567 ι)
2017 4497 2108 4536 eos
2138 4483 2225 4551 qui
2265 4482 2364 4537 Sub
2400 4481 2559 4546 Loth,
2598 4490 2654 4535 et
2685 4496 2779 4535 eos
2813 4482 2902 4550 qui
2936 4491 3265 4548 negaverunt
3295 4494 3415 4533 eum
3462 4489 3586 4533 ante

2017 4575 2286 4641 homines,
2315 4574 2380 4629 de
2412 4575 2606 4642 quibus
2638 4586 2690 4628 et
2721 4573 2849 4627 dicit
2882 4590 2895 4626 :
2931 4572 3239 4641 Quicunque
3268 4589 3343 4625 me
3373 4588 3586 4641 negave-

2009 4668 2077 4720 rit
2102 4684 2275 4720 coram
2297 4665 2613 4729 hominibus,
2638 4665 2833 4733 negabo
2870 4673 2917 4717 et
2944 4680 3034 4732 ego
3064 4680 3177 4717 eum
3202 4680 3375 4717 coram
3420 4661 3577 4715 Patre

2009 4775 2120 4811 meo
2146 4760 2234 4829 qui
2261 4768 2335 4811 est
2369 4760 2422 4811 in
2455 4758 2594 4812 caelis
2620 4760 2690 4813 ³⁸.
2722 4759 2928 4827 Negant
2962 4768 3138 4811 autem
3171 4757 3442 4811 Christum
3476 4770 3579 4809 non

2009 4849 2180 4902 solum
2215 4850 2266 4903 hi
2305 4851 2393 4919 qui
2430 4851 2480 4903 in
2516 4851 2893 4920 persecutione
2928 4858 3144 4921 negant,
3184 4847 3447 4916 siquidem
3481 4862 3579 4901 uec

2015 4940 2103 5010 qui
2127 4940 2451 4996 conﬁtentur
2476 4943 2529 4997 itt
2562 4942 3051 5012 persecutionibus,
3090 4941 3188 5011 ipsi
3214 4940 3309 4993 soli
3341 4948 3464 4994 sunt
3489 4940 3578 5007 qui

2015 5032 2381 5088 conﬁtentur:
2434 5037 2525 5088 sed
2570 5034 2959 5089 descendamus
3000 5034 3066 5087 ad
3113 5034 3347 5101 negotia,
3389 5043 3443 5083 et
3496 5031 3581 5083 fu-

2015 5126 2221 5195 giamus
2252 5127 2726 5197 irreligiositatem.
2766 5126 2865 5192 Qtti
2913 5136 3037 5179 sunt
3083 5141 3210 5193 ergo
3257 5126 3345 5192 qui
3383 5133 3582 5193 negant

2014 5217 2226 5283 Filium,
2260 5229 2315 5273 et
2344 5220 2457 5284 ubi,
2485 5231 2538 5274 et
2573 5221 2624 5273 itt
2656 5220 2870 5288 quibus,
2902 5219 3265 5272 advertamus.
3296 5216 3427 5272 Cum
3459 5216 3579 5284 quis

2015 5309 2313 5379 ingreditur
2350 5312 2620 5365 civitatem
2657 5310 2936 5381 gentilium
2961 5350 2977 5376 ,
3026 5320 3079 5366 et
3108 5309 3365 5379 religione
3410 5322 3577 5376 expo-

2016 5410 2198 5457 scente
2242 5401 2401 5457 fronti
2432 5402 2709 5471 imponere
2749 5403 3082 5475 signaculum
3115 5401 3290 5458 crucis
3322 5399 3579 5455 confusus

2071 5542 2115 5572 ³³
2150 5541 2339 5598 Matth.
2364 5543 2527 5608 1,52.
2606 5542 2650 5574 ³³
2678 5541 2864 5598 Matth.
2902 5558 3027 5610 xxv,
3063 5541 3149 5596 12.
3246 5538 3291 5573 ³⁸
3317 5538 3445 5596 ibid.
3483 5536 3571 5591 5i.
