4050 6206
480 257 613 312 1187

1138 252 1401 309 EUSEBII
1437 248 1912 307 CESARIENSIS
1950 248 2099 306 OPP.
2141 249 2320 304 PARS
2360 250 2443 305 IV.
2483 280 2548 289 —
2588 245 3006 304 DOGMATICA.

3569 245 3716 302 “38

485 357 681 439 fuerit;
708 371 797 442 qui
842 371 1141 441 ingreditur
1180 386 1331 425 suam
1367 369 1813 441 glorificationem
1846 377 1901 424 et
1932 370 2036 422 vir-
2065 374 2113 431 Α
2138 369 2277 437 aequi
2322 367 2544 435 judicii;
2595 364 3031 434 concupiscentia
3076 369 3258 419 autem
3295 377 3521 421 caenosa
3559 369 3714 438 turpi

478 474 644 517 tutem
691 463 869 517 crucis
911 463 963 517 in
998 461 1173 517 fronte
1204 477 1308 515 non
1356 461 1680 526 ostenderit,
1728 461 1831 515 iste
1873 460 2034 515 etiam

475 556 593 609 sine
637 564 905 608 tormento
946 554 1160 623 negabit
1202 564 1256 607 et
1292 552 1643 607 sacrificabit.
1677 552 1810 618 Quis
1849 560 2035 605 autem

474 656 528 700 et
572 645 708 699 alius
762 645 977 714 negabit
1030 645 1343 699 Christum?
1386 643 1518 698 Cum
1568 644 1763 713 aliquis
1805 652 2033 696 vocatus

475 737 636 793 fuerit
669 739 733 791 ad
758 752 966 792 coenam
1008 738 1308 805 gentilium,
1345 747 1399 791 et
1429 736 1729 805 perrexerit
1760 750 1775 791 :
1809 734 2035 789 necdum

476 832 617 883 enim
656 830 757 884 hoc
788 840 869 883 est
907 830 1269 899 prohibitum;
1314 829 1497 882 viuum
1543 837 1721 882 autem
1774 826 1968 881 viderit
2006 839 2036 877 a

476 929 722 975 ctenaute
773 921 825 975 in
874 929 1077 973 terram
1128 919 1327 973 eﬂ‘undi
1382 928 1436 973 et
1464 919 1661 983 libari,
1710 925 1765 972 et
1813 929 2039 971 accenso

475 1012 807 1082 blasphemio
838 1012 901 1065 ab
934 1011 1019 1065 his
1047 1010 1139 1079 qui
1168 1025 1229 1063 ea
1262 1024 1380 1079 qua:
1413 1017 1540 1063 sunt
1577 1006 1790 1062 Domini
1830 1006 2039 1075 ingrate

480 1105 842 1164 manducant,
877 1100 1139 1169 cmperint
1177 1098 1555 1167 blasphemare
1592 1096 1642 1150 in
1689 1093 1854 1149 Deum
1903 1112 1917 1148 :
1952 1093 2039 1147 ille

478 1204 653 1250 autem
682 1203 738 1245 ut
768 1192 1010 1246 Herodes
1047 1200 1264 1260 pr0pter
1289 1189 1687 1243 discumbentes
1714 1185 1876 1240 fuerit
1905 1200 2035 1239 cou-

478 1283 627 1337 fusus
672 1293 725 1335 et
774 1281 1025 1344 tacuerit,
1084 1295 1187 1333 non
1244 1293 1449 1346 poueus
1501 1288 1625 1330 ante
1671 1275 1856 1330 oculos
1914 1290 2039 1328 suos

479 1375 796 1436 Christum,
845 1381 999 1440 negat
1052 1370 1294 1439 profecto
1339 1385 1496 1434 quem
1551 1382 1652 1421 nou
1708 1364 2040 1433 reSpdndens

479 1462 783 1518 conﬁtetur.
822 1461 885 1513 Et
927 1460 1045 1512 ideo
1091 1460 1215 1512 dicit
1248 1459 1503 1511 Dominus
1542 1477 1554 1509 :
1593 1456 1898 1525 Quicunque
1945 1471 2037 1507 ne-

478 1551 675 1619 gaverit
705 1567 783 1602 me
808 1564 982 1601 curam
1009 1547 1309 1599 hominibus
1334 1585 1347 1608 ,
1374 1544 1568 1612 negabo
1596 1554 1642 1595 et
1667 1559 1757 1611 ego
1780 1558 1897 1595 eum
1921 1549 2039 1593 ante

480 1640 694 1695 Patrem
719 1657 884 1695 meum
917 1640 1005 1706 qui
1047 1651 1117 1693 est
1145 1642 1196 1692 in
1225 1639 1385 1691 cadis.
1414 1636 1578 1705 Negat
1602 1636 1741 1689 enim
1772 1649 1894 1688 eum
1922 1649 2037 1687 ont-

2137 468 2314 513 meatu
2353 457 2618 529 jurgetur,
2666 466 2721 511 et
2770 455 2993 523 incipiat
3045 469 3339 525 suggerere
3385 465 3439 511 et
3493 458 3708 523 dicere.

2136 549 2360 617 Quando
2401 549 2504 603 erit
2529 544 2824 616 judicium?
2863 545 3082 614 quando
3128 546 3368 599 futurum
3414 548 3536 601 est?
3578 564 3709 602 nuta

2135 643 2241 697 hoc
2270 641 2505 711 pertinet
2549 640 2614 694 ad
2659 638 2866 691 Deum?
2909 637 3013 692 lste
3049 636 3265 705 reliquit
3306 639 3526 705 caelum,
3555 653 3607 695 et
3643 657 3707 694 ea

2136 748 2255 802 qua:
2284 733 2425 786 circa
2454 744 2541 785 me
2570 738 2699 784 sunt
2728 730 2909 783 videt?
2946 727 3201 799 Snggerit
3229 729 3369 783 enim
3415 732 3542 785 talia
3572 748 3710 787 con-

2136 824 2468 895 cupiscentia
2508 840 2523 879 :
2575 824 2668 894 qui
2719 824 2887 893 igitur
2935 822 3279 877 consentiunt
3327 823 3449 887 his,
3506 835 3711 896 negant

2136 916 2325 972 Deum.
2366 916 2501 981 Quid
2555 924 2734 970 autem
2784 916 2838 969 hi
2890 915 2980 984 qui
3024 914 3347 984 perjurant?
3385 914 3496 970 Non
3554 920 3707 972 enim

2138 1017 2343 1062 tantum
2363 1015 2584 1077 peccant
2603 1006 2654 1060 in
2681 1006 2951 1060 hominem
2970 1019 3125 1074 quem
3145 1016 3419 1074 spernunt,
3442 1018 3708 1076 quantum

2140 1098 2193 1152 in
2226 1099 2389 1153 Deum
2418 1113 2574 1168 quem
2607 1106 2961 1152 contemnunt
2996 1114 3009 1149 :
3037 1098 3128 1164 qui
3159 1096 3301 1150 enim
3341 1096 3705 1165 juramenturn

2139 1191 2454 1257 contemnit,
2495 1192 2657 1245 Deum
2682 1198 2859 1258 negat.
2889 1189 3043 1244 Unde
3070 1197 3125 1243 et
3148 1202 3377 1257 parcens
3407 1190 3550 1244 nobis
3572 1190 3701 1243 Sal-

2141 1293 2313 1349 vator,
2342 1284 2405 1337 de
2431 1282 2551 1337 aliis
2598 1282 2808 1351 quidem
2838 1282 3073 1347 mandat,
3108 1289 3365 1350 quantum
3398 1290 3452 1334 et
3482 1280 3693 1335 deberet

2141 1376 2413 1429 mandare.
2453 1374 2531 1426 Ad
2553 1371 2911 1439 juramentum
2941 1371 3159 1425 veniens
3176 1371 3244 1423 ob
3270 1370 3479 1423 facilem
3508 1371 3693 1440 lingua:

2140 1465 2367 1536 lapsum,
2398 1479 2501 1519 non
2530 1464 2681 1525 dixit,
2706 1462 2842 1518 Vere
2862 1461 3060 1531 jurate,
3091 1460 3183 1515 sed
3210 1460 3265 1513 in
3294 1470 3463 1516 totum
3488 1462 3583 1524 ait,
3603 1461 3703 1514 Ju-

2140 1574 2259 1611 rare
2287 1558 2485 1620 nolite,-
2519 1570 2585 1609 ue
2630 1554 2765 1608 forte
2815 1554 2992 1623 lingua
3022 1554 3321 1607 assuefacta
3353 1566 3481 1606 vere
3503 1552 3709 1620 jurare,

2141 1649 2209 1702 ob
2248 1648 2454 1701 facilem
2506 1647 2715 1713 lapsum
2767 1646 2849 1698 sui
2894 1646 3156 1699 oberrans
3200 1642 3613 1712 periclitaretur,
3655 1652 3713 1697 et

480 1732 563 1786 nis
595 1732 900 1801 quicunque
934 1729 1167 1782 audierit
1206 1727 1647 1794 blasplremautes
1679 1734 1732 1778 et
1767 1724 2040 1777 tacuerit:
2075 1716 2115 1771 Β
2146 1736 2591 1807 ίττειίείοείιειεηι
2627 1736 2945 1789 incurreret.
2987 1733 3298 1787 Certamina
3331 1733 3494 1800 igitur
3532 1733 3714 1802 quoti-

480 1830 639 1890 negat
668 1822 840 1874 omnis
872 1820 1180 1888 quicunque
1225 1820 1456 1871 audierit
1504 1831 1720 1870 crucem
1742 1855 1757 1879 ,
1788 1823 1844 1867 et
1874 1814 2039 1882 depo—

481 1912 649 1965 suerit
699 1911 913 1965 oculum
965 1926 1117 1963 suum
1152 1910 1528 1964 erubescens:
1580 1908 1671 1975 qui
1719 1906 1936 1969 dicunt,
1972 1904 2040 1958 ad

484 2018 618 2068 quos
652 2001 836 2054 dicunt
870 2015 900 2053 a
946 2000 1256 2069 parentibus
1291 1998 1495 2067 accepi,
1532 2005 1786 2063 tanquam
1830 1992 2043 2063 propel-

483 2094 650 2146 lentes
698 2106 726 2143 a
770 2107 827 2144 se
870 2092 1088 2153 bonum,
1125 2100 1181 2143 et
1232 2100 1288 2141 ut
1336 2090 1387 2141 iu
1440 2088 1635 2140 malam
1674 2085 2040 2140 ltwreditatem

484 2184 812 2245 incidentes;
865 2182 955 2249 qui
1001 2188 1291 2234 occurrunt
1340 2178 1655 2248 quibusdam
1704 2174 2041 2229 venientibus

482 2276 547 2328 ad
573 2272 888 2337 Ecclesium,
923 2280 977 2324 et
1011 2272 1277 2339 trepidant
1310 2270 1554 2339 pedibus,
1581 2267 1706 2336 quia
1734 2274 1788 2320 et
1832 2274 2039 2331 mente;

482 2365 571 2432 qui
612 2362 892 2432 occultant
938 2361 1203 2431 jejunium
1247 2368 1498 2429 tanquam
1545 2359 1611 2411 ad
1658 2355 2036 2426 opprobrium;

482 2457 573 2523 qui
606 2453 1007 2508 confunduntur
1048 2452 1196 2506 exire
1242 2451 1309 2504 ad
1350 2458 1637 2520 martyres,
1675 2448 1797 2515 quia
1850 2447 2039 2500 audie-

482 2555 607 2600 runt
655 2545 910 2614 quosdam
966 2544 1205 2596 dicentes
1260 2542 1380 2605 sibi,
1435 2540 1728 2594 debuerant
1783 2538 2037 2607 adjuvare

482 2647 747 2708 martyres
780 2636 1024 2689 Christi:
1066 2634 1154 2702 qui
1198 2633 1385 2686 nolunt
1430 2631 1643 2685 irrideri
1688 2632 1753 2683 ab
1806 2629 2039 2681 homini-

484 2730 605 2791 bus,
654 2727 978 2780 sustinentes
1026 2733 1209 2793 utpote
1256 2723 1382 2775 illud
1414 2719 1552 2790 quod
1602 2719 1677 2771 ait
1722 2718 1979 2786 propheta
2018 2734 2031 2770 :

487 2818 588 2884 Qui
616 2818 810 2870 habitat
854 2819 907 2868 in
950 2815 1091 2868 caelis
1135 2814 1368 2867 irridebit
1398 2829 1483 2865 eos
1509 2811 1571 2865 ³⁷.
1602 2812 1823 2879 Semper
1854 2825 2036 2878 perse-

481 2910 625 2962 cutio
660 2918 763 2973 est,
806 2922 1017 2975 semper
1050 2904 1318 2958 invisibile
1357 2903 1553 2956 bellum
1595 2902 1841 2966 habetur,
1896 2916 2037 2954 sem-

482 3016 579 3071 per
619 3014 852 3060 corouae,
890 3011 1104 3065 semper
1151 2996 1454 3063 abnegatio.
1498 2993 1670 3048 Vultis
1704 2992 1890 3046 videre
1923 3006 2040 3044 cer-

2144 1830 2301 1884 diana
2326 1839 2449 1883 sunt
2472 1830 2595 1892 ista,
2624 1842 2743 1897 qua:
2771 1842 2869 1895 per
2899 1827 3015 1881 dies
3057 1841 3120 1880 ac
3144 1836 3329 1881 noctes
3358 1837 3482 1881 sunt
3516 1827 3668 1881 nobis
3692 1844 3708 1881 :

2142 1920 2482 1990 pulchritudo
2507 1920 2648 1974 enim
2680 1918 2953 1988 proposita
2976 1926 3057 1971 est
3081 1918 3341 1982 mulieris,
3369 1927 3424 1973 et
3452 1918 3713 1990 elfulgeus

2143 2010 2338 2080 efﬁgies
2363 2009 2508 2067 Jesu.
2569 2009 2636 2064 Et
2697 2010 2785 2065 ille
2832 2011 3049 2080 quidem
3084 2011 3331 2065 deorsum
3389 2011 3616 2079 inspexit
3658 2022 3711 2066 et

2143 2099 2312 2168 perit;
2366 2100 2501 2153 alius
2535 2110 2708 2154 autem
2737 2116 2950 2155 sursum
2981 2102 3244 2172 respexit,
3276 2110 3330 2156 et
3354 2110 3655 2171 assumptus
3685 2122 3700 2155 :

2142 2189 2232 2243 ubi
2275 2191 2416 2244 enim
2451 2206 2565 2255 cor,
2599 2191 2707 2246 illic
2757 2203 2810 2247 et
2839 2193 3026 2248 oculus
3078 2194 3326 2248 habetur.
3361 2192 3699 2263 Propositum

2143 2290 2225 2335 est
2253 2298 2381 2337 sane
2418 2292 2471 2337 et
2497 2299 2688 2338 aurum
2722 2294 2775 2338 et
2801 2283 2979 2351 Jesus,
3013 2295 3065 2339 et
3108 2302 3212 2340 non
3240 2295 3322 2340 est
3349 2287 3560 2356 quidem
3587 2302 3707 2355 pro-

2141 2368 2335 2437 positio
2392 2373 2631 2439 aequalis.
2699 2370 2840 2437 Quid
2902 2385 3103 2435 autem,
3170 2375 3293 2443 quia
3354 2390 3453 2428 nec
3512 2376 3708 2444 mquali

2144 2462 2363 2527 utimur,
2421 2464 2512 2516 sed
2560 2462 2873 2518 decliviores
2914 2463 3176 2519 efﬁcimur
3236 2465 3300 2517 ad
3359 2464 3586 2530 minora,
3647 2475 3704 2518 et

2142 2552 2275 2604 adeo
2303 2551 2609 2607 fraudamur
2644 2557 2711 2609 ob
2764 2570 2827 2609 ea
2854 2571 2973 2624 qua:
3024 2572 3129 2610 non
3156 2556 3354 2610 vivunt.
3380 2555 3435 2609 ln
3465 2570 3705 2624 unoquo-

2143 2657 2245 2712 que
2303 2645 2460 2715 igitur
2515 2647 2811 2703 istiusmodi
2871 2658 2990 2702 actu
3028 2648 3321 2701 certamina
3360 2655 3480 2701 sunt
3508 2647 3711 2715 posita,

2143 2743 2196 2788 et
2258 2741 2549 2790 certamina
2610 2738 2921 2805 domestica,
2993 2738 3117 2808 quia
3180 2740 3245 2791 ab
3309 2737 3451 2791 intus
3516 2735 3711 2790 mulier

2144 2826 2367 2891 videtur,
2403 2838 2454 2882 et
2502 2828 2837 2898 pulchritudo
2889 2845 2954 2884 ex
3000 2830 3433 2898 concupiscentia
3484 2827 3712 2881 exarde-

2144 2918 2262 2981 scit,
2310 2928 2363 2971 et
2396 2932 2491 2973 nos
2540 2930 2812 2988 provocat,
2861 2930 2913 2974 et
2959 2919 3181 2974 ambitio
3212 2919 3465 2982 delectat,
3512 2929 3567 2974 et
3594 2934 3713 2973 ser-

2146 3025 2236 3064 mo
2289 3014 2550 3075 hortatur,
2605 3022 2656 3064 et
2706 3011 2768 3065 lis
2814 3021 2867 3065 et
2910 3010 3218 3066 collucmtio
3266 3026 3332 3066 ex
3384 3012 3499 3064 rixa
3553 3011 3713 3065 ellici-

487 3091 685 3143 tamina
740 3086 1142 3157 religiositatis?
1189 3082 1578 3151 Nonnunquam
1639 3083 1886 3136 efferbuit
1925 3083 2044 3151 quis
2072 3087 2113 3144 (ς
2149 3111 2255 3165 ιω.⁹
2302 3112 2357 3156 ει
2385 3117 2487 3155 non
2516 3102 2775 3157 adversus
2826 3105 3139 3173 sanguine",
3170 3104 3368 3174 quippe
3399 3112 3714 3166 “carnem,

481 3181 562 3235 ira
601 3182 883 3233 adversum
931 3178 1201 3231 subditum
1239 3176 1373 3240 sibi;
1429 3188 1819 3229 rememoratus
1857 3185 2037 3227 autem

482 3271 712 3334 Domini,
746 3271 991 3338 deposuit
1020 3270 1368 3322 acerbitatem
1412 3285 1424 3321 :
1462 3266 1612 3336 pejus
1641 3267 1781 3319 enim
1817 3276 1897 3320 est
1928 3265 2038 3321 fer-

482 3365 597 3419 vori
652 3365 882 3417 incensa:
938 3362 1028 3417 ira:
1082 3362 1356 3423 resistere,
1405 3374 1567 3427 quam
1615 3358 1842 3411 flantum:
1896 3359 2034 3427 ignis

480 3469 597 3524 qua:
624 3469 654 3506 a
698 3452 827 3506 foris
874 3450 1119 3505 habetur.
1160 3449 1292 3516 Quia
1343 3450 1504 3516 igitur
1557 3456 1759 3517 martyr
1808 3456 1890 3501 est
1928 3448 2021 3515 qui

482 3556 694 3618 pr0pter
755 3544 922 3597 Deum
971 3547 1039 3595 ad
1090 3542 1413 3596 exteriorem
1460 3538 1730 3592 flammam
1774 3538 1976 3592 resistit
2022 3552 2035 3589 :

484 3663 688 3723 martyr
726 3660 778 3705 et
808 3650 958 3704 valde
986 3659 1214 3719 martyr,
1255 3648 1344 3717 qui
1380 3648 1671 3717 exstinguit
1696 3647 1921 3701 interius
1958 3646 2040 3699 in-

479 3745 726 3797 cendium
759 3742 970 3795 invidiae
996 3750 1211 3809 propter
1238 3739 1516 3792 Dominum
1541 3737 1759 3804 Jesum;
1791 3753 2037 3791 nonnun-

481 3852 641 3905 quam
680 3834 822 3887 enitn
869 3832 1077 3886 videtur
1107 3831 1306 3899 aliquid
1341 3832 1539 3884 bonum
1590 3840 1680 3884 aut
1721 3830 1939 3896 malum,
1985 3840 2039 3886 et

481 3928 722 3996 exsurgit
762 3925 980 3988 invidia,
1014 3939 1067 3978 et
1097 3937 1253 3977 nemo
1293 3923 1470 3988 videt;
1519 3923 1689 3977 latent
1733 3924 1877 3978 enim
1922 3938 2040 3991 quae

483 4024 627 4072 intus
654 4027 799 4072 sunt.
843 4016 978 4082 Quia
1009 4025 1185 4069 autem
1223 4023 1450 4068 testatur
1484 4014 1623 4069 Deus
1648 4015 1930 4068 adversum
1957 4015 2039 4067 in-

484 4110 679 4164 vidiam
730 4110 796 4162 ad
848 4108 993 4161 illum
1042 4107 1368 4175 respiciens,
1416 4107 1554 4161 sicut
1592 4106 1893 4177 Joses(88')
1930 4122 2035 4161 non

485 4202 701 4255 vidente
762 4200 983 4254 Domino
1011 4198 1118 4270 (89)
1157 4201 1247 4269 qui
1272 4209 1388 4254 erat
1419 4201 1469 4253 in
1498 4208 1662 4262 terra,
1693 4200 1757 4253 ad
1800 4199 2041 4252 invisibi-

483 4291 586 4349 lem
616 4293 884 4362 respexit,
920 4302 975 4345 et
1013 4293 1312 4345 mercedem
1354 4291 1611 4362 propositi
1646 4291 1895 4356 sumpsit.
1930 4289 2037 4346 Ite-

484 4400 602 4441 rum
637 4384 726 4455 qui
762 4382 998 4437 refrenat
1048 4382 1303 4436 invidiam
1349 4393 1555 4453 martyr
1590 4383 1821 4449 exsistit,
1868 4391 1921 4437 et
1948 4383 2037 4452 qui

484 4476 762 4531 alacritate
786 4474 1106 4544 judicaverit
1136 4472 1273 4527 male
1301 4473 1369 4527 de
1409 4474 1572 4527 fratre
1615 4473 1778 4541 loqui,
1810 4484 1861 4527 et
1888 4490 2025 4528 mea-

486 4576 597 4622 tum
642 4579 808 4633 usque
849 4564 913 4617 ad
965 4562 1198 4631 linguam
1232 4564 1536 4632 protulerit,
1577 4580 1637 4620 os
1671 4575 1847 4620 autem
1880 4581 2037 4620 suum

485 4664 707 4729 propter
737 4653 829 4708 Dei
864 4654 1108 4707 timorem
1156 4670 1261 4708 non
1300 4657 1593 4724 aperuerit,
1644 4657 1751 4711 iste
1790 4659 2039 4711 invisibi-

486 4747 609 4803 liter
637 4746 929 4801 conlitetur
970 4744 1159 4800 Deum.
1192 4746 1259 4799 Et
1301 4748 1386 4799 cui
1424 4748 1629 4802 licitum
1679 4757 1763 4803 est
1790 4748 2043 4804 fraudare

484 4849 539 4895 et
567 4854 671 4893 non
706 4837 950 4904 fraudat;
978 4846 1032 4891 et
1059 4836 1143 4891 cui
1178 4836 1383 4891 licitum
1411 4848 1494 4893 est
1526 4838 1695 4894 furari
1739 4839 2041 4911 conjugium

484 4914 753 4993 alienum,
809 4937 865 4984 et
912 4928 1084 4998 parcit
1134 4928 1187 4981 in
1239 4930 1491 4984 omnibus
1544 4930 1629 4984 his
1684 4944 1802 4999 quae
1854 4930 2043 4984 oculus

485 5020 752 5075 sensibilis
802 5035 907 5074 non
964 5019 1145 5086 videt,
1197 5019 1481 5075 invisibilis
1537 5032 1717 5074 autem
1772 5020 2038 5086 intuetur,

487 5113 745 5183 martyria
764 5122 819 5166 et
836 5110 1202 5167 confessiones
1223 5113 1507 5167 habentur.
1527 5109 1733 5182 Negant
1761 5124 1939 5166 autem
1982 5123 2039 5165 re

486 5206 600 5274 ipsa
642 5214 696 5259 et
735 5220 895 5274 Opere
928 5204 1026 5269 illi,
1059 5220 1193 5274 quos
1232 5221 1354 5260 cum
1390 5206 1622 5261 tenuerit
1660 5206 2041 5274 concupiscen-

487 5300 596 5364 tia,
649 5308 702 5353 et
751 5308 869 5368 post
936 5300 1049 5354 haec
1113 5300 1321 5355 venerit
1392 5300 1683 5370 Scriptura:
1746 5296 2043 5361 memoria,

488 5390 611 5460 quia
666 5400 751 5445 est
801 5392 941 5449 Deus
992 5393 1081 5464 qui
1136 5393 1280 5448 videt
1320 5398 1373 5474 et
1420 5392 1648 5463 judicat,
1684 5400 1733 5447 et
1791 5389 1914 5460 quia
1965 5396 2047 5444 est

553 5526 595 5558 ³⁷
620 5526 764 5583 Psal.
791 5542 852 5593 lt,
879 5529 930 5583 4.

554 5682 689 5755 (88')
736 5681 905 5738 loses.
936 5682 1115 5751 Forte,
1153 5684 1341 5740 Moser.

2147 3196 2240 3249 sed
2269 3196 2549 3251 adversum
2590 3196 2883 3252 invisibiles
2919 3196 3170 3251 inimicos
3202 3196 3621 3251 invisibiliter-et
3658 3197 3711 3249 in

2147 3284 2231 3339 bis
2271 3286 2523 3340 omnibus
2552 3287 2847 3341 certamina
2879 3296 3001 3339 sunt
3050 3295 3105 3339 et
3132 3301 3353 3355 agones.
3411 3285 3541 3339 Cum
3568 3284 3706 3353 jeju.

2147 3378 2291 3432 nium
2324 3388 2377 3433 et
2400 3393 2524 3432 esca
2552 3380 2885 3449 praponitur,
2915 3394 3033 3432 cum
3058 3380 3175 3433 sitis
3204 3390 3257 3432 et
3280 3378 3559 3446 jejunium,
3585 3392 3709 3431 cum

2146 3473 2395 3539 pudicitia
2429 3482 2485 3527 et
2530 3471 2713 3534 libido,
2762 3487 2881 3526 cum
2930 3471 3172 3526 Ecclesia
3212 3482 3268 3526 et
3321 3473 3549 3534 theatra,
3584 3485 3705 3522 cum

2146 3564 2258 3617 dies
2282 3564 2485 3617 Domini
2504 3574 2557 3617 et
2581 3565 2693 3618 dies
2721 3565 3120 3629 dmmouiorum,
3147 3580 3269 3618 cum
3291 3563 3512 3620 all'ectus
3527 3561 3591 3615 ad
3612 3564 3710 3615 ho~

2147 3657 2314 3711 mines
2343 3665 2395 3709 et
2425 3656 2659 3711 charitas
2685 3657 2751 3710 ad
2784 3658 2970 3711 Deum.
3004 3657 3069 3711 Et
3108 3657 3158 3709 in
3187 3656 3273 3710 his
3308 3657 3558 3710 omnibus
3590 3652 3713 3722 qui-

2146 3748 2268 3803 dam
2302 3749 2515 3817 quidem
2552 3758 2774 3817 negant,
2820 3748 3036 3817 quidam
3063 3759 3239 3802 autem
3274 3746 3632 3811 conﬁtentur;
3660 3755 3713 3801 et

2148 3842 2511 3911 unusquisque
2544 3840 2644 3895 sibi
2683 3849 2943 3910 procurat
2975 3839 3169 3893 bonum
3206 3848 3299 3893 aut
3327 3838 3548 3901 malum,
3569 3836 3713 3905 judi-

2146 3931 2290 3986 cium
2322 3940 2413 3984 aut
2468 3930 2730 4001 requiem,
2761 3930 3058 4000 gehennam
3106 3938 3198 3983 aut
3231 3943 3393 3998 regna
3432 3931 3713 3983 caelorum.

2146 4022 2283 4089 Quid
2315 4032 2491 4077 autem
2534 4023 2585 4076 bi
2646 4023 2736 4091 qui
2772 4022 3089 4087 sortiuntur,
3141 4022 3231 4090 qui
3261 4022 3326 4074 ad
3357 4031 3509 4075 vates
3544 4021 3713 4075 idolo-

2146 4131 2260 4170 rum
2290 4115 2554 4185 pergunt?
2593 4114 2683 4168 lsti
2722 4113 2930 4168 occulte
2964 4113 3270 4167 sacrificant
3317 4111 3488 4172 idolis,
3526 4119 3579 4164 et
3608 4126 3709 4163 ne-

2146 4214 2273 4274 gant
2298 4204 2490 4259 Deum.
2532 4204 2668 4272 Quid
2710 4204 2764 4259 hi
2818 4203 2910 4273 qui
2938 4206 3163 4257 credunt
3200 4204 3324 4271 quia
3351 4217 3379 4254 a
3427 4200 3590 4255 stellis
3622 4200 3706 4253 eis

2146 4297 2281 4353 mala
2318 4298 2659 4367 proveniunt,
2714 4306 2769 4351 et
2820 4295 2989 4349 fatum
3030 4309 3149 4349 esse
3177 4292 3447 4347 fatentur?
3477 4292 3615 4356 Quid
3649 4291 3708 4345 1ιί

2145 4389 2235 4457 qui
2260 4388 2629 4456 auspicantur,
2658 4389 2747 4455 qui
2784 4387 2898 4440 dies
2920 4394 2975 4439 et
3003 4399 3163 4438 voces
3186 4394 3238 4438 et
3257 4394 3445 4452 passus
3472 4380 3711 4434 vitantes

2146 4478 2486 4533 custodiunt?
2513 4478 2619 4530 Aut
2644 4491 2749 4529 non
2794 4475 2961 4544 plena:
2991 4484 3117 4529 sunt
3151 4475 3234 4527 his
3263 4486 3450 4525 omnes
3478 4469 3711 4523 maxime

2148 4570 2399 4623 mulieres
2427 4568 2777 4622 observantes
2822 4564 2982 4619 talia?
3032 4564 3165 4632 Quis
3198 4564 3409 4616 locutus
3446 4559 3565 4613 est?
3590 4557 3711 4625 quis

2139 4678 2234 4735 per
2278 4674 2436 4715 nares
2467 4658 2715 4728 spiritum
2765 4656 3025 4727 protulit?
3054 4657 3174 4726 quis
3222 4664 3399 4708 motus
3439 4650 3559 4705 est?
3590 4662 3709 4718 quas

2137 4756 2251 4810 avis
2284 4751 2503 4817 volavit,
2538 4762 2594 4804 et
2645 4751 2808 4815 unde,
2863 4758 2956 4803 aut
2981 4749 3272 4819 quomodo,
3323 4754 3417 4798 aut
3442 4738 3709 4813 qualiter?

2137 4845 2259 4917 quis
2291 4842 2557 4901 ululavit-‘1
2608 4841 2783 4897 Canes
2836 4841 3095 4895 debemus
3140 4837 3418 4893 recludere
3459 4834 3607 4897 tales,
3640 4845 3710 4885 ne

2138 4937 2430 5006 procedant
2459 4948 2489 4989 e
2518 4933 2786 4987 domibus.
2813 4930 2954 4985 Fieri
2979 4930 3120 4983 enim
3149 4942 3251 4982 non
3284 4933 3479 4996 potest,
3518 4934 3574 4976 ut
3600 4938 3709 4975 non

2140 5025 2342 5096 aliquid
2372 5024 2479 5079 tale
2506 5031 2776 5078 occurrat.
2807 5020 3175 5089 Vosmetipsos
3213 5018 3458 5086 probate,
3487 5024 3540 5068 et
3569 5013 3712 5066 vide-

2135 5116 2263 5172 bitis
2297 5118 2505 5185 quoties
2532 5118 2597 5168 ad
2637 5112 2941 5168 istiusmodi
2980 5108 3232 5166 certastis
3280 5107 3538 5177 auspicia,
3568 5118 3706 5173 quo-

2140 5207 2239 5261 ties
2272 5216 2413 5259 mota
2446 5216 2532 5261 est
2561 5201 3018 5274 concupiscentia,
3062 5202 3156 5255 sed
3187 5206 3241 5253 et
3262 5197 3521 5252 memoria
3554 5194 3647 5247 Dei
3688 5210 3702 5245 :

2139 5309 2194 5354 et
2218 5306 2335 5352 erat
2360 5306 2654 5363 certamen,
2680 5306 2732 5351 et
2756 5296 3045 5360 contentio,
3070 5301 3124 5349 et
3144 5305 3352 5346 cursus.
3388 5288 3453 5343 Et
3478 5287 3617 5342 sicut
3647 5285 3701 5339 in

2143 5387 2409 5460 palaestris
2439 5386 2578 5442 alius
2607 5384 2897 5456 aliquando
2949 5382 3197 5453 superior
3225 5377 3451 5434 efﬁcitur
3495 5376 3621 5441 alio,
3647 5386 3706 5430 et

2202 5677 2312 5748 (89)
2342 5675 2443 5731 Ms.
2467 5675 2598 5729 sicut
2626 5670 2817 5743 Jouph
2844 5686 2944 5726 non
2972 5670 3164 5725 ridente
3186 5640 3426 5721 Domino.
