  <div class='ocr_page' id='page_1' title='image "/cluster/home/n/w/nwhite01/storage/ocr_20150623/24/hvd.32044073501801/604.png"; bbox 0 0 4054 6210; ppageno 0'>
   <div class='ocr_carea' id='block_1_1' title="bbox 312 292 455 349">
    <p class='ocr_par' dir='ltr' id='par_1_1' title="bbox 312 292 455 349">
     <span class='ocr_line' id='line_1_1' title="bbox 312 292 455 349; baseline -0.014 0"><span class='ocrx_word' id='word_1_1' title='bbox 312 292 455 349; x_wconf 76' lang='grc'><strong>1189</strong></span> 
     </span>
    </p>
   </div>
   <div class='ocr_carea' id='block_1_2' title="bbox 1354 273 2438 333">
    <p class='ocr_par' dir='ltr' id='par_1_2' title="bbox 1354 273 2438 333">
     <span class='ocr_line' id='line_1_2' title="bbox 1354 273 2438 333; baseline -0.002 -2"><span class='ocrx_word' id='word_1_2' title='bbox 1354 278 1439 332; x_wconf 84' lang='lat' dir='ltr'><strong>DE</strong></span> <span class='ocrx_word' id='word_1_3' title='bbox 1478 274 1817 333; x_wconf 70' lang='lat' dir='ltr'><strong>OPERIBUS</strong></span> <span class='ocrx_word' id='word_1_4' title='bbox 1854 274 2051 329; x_wconf 77' lang='lat' dir='ltr'><strong>BONIS</strong></span> <span class='ocrx_word' id='word_1_5' title='bbox 2088 273 2174 328; x_wconf 83' lang='lat' dir='ltr'><strong>ET</strong></span> <span class='ocrx_word' id='word_1_6' title='bbox 2214 274 2438 331; x_wconf 71' lang='lat' dir='ltr'><strong>MALIS.</strong></span> 
     </span>
    </p>
   </div>
   <div class='ocr_carea' id='block_1_3' title="bbox 3384 283 3524 339">
    <p class='ocr_par' dir='ltr' id='par_1_3' title="bbox 3384 283 3524 339">
     <span class='ocr_line' id='line_1_3' title="bbox 3384 283 3524 339; baseline 0.021 -3"><span class='ocrx_word' id='word_1_7' title='bbox 3384 283 3524 339; x_wconf 79' lang='grc'><strong>1190</strong></span> 
     </span>
    </p>
   </div>
   <div class='ocr_carea' id='block_1_4' title="bbox 314 390 3529 480">
    <p class='ocr_par' dir='ltr' id='par_1_4' title="bbox 314 390 3529 480">
     <span class='ocr_line' id='line_1_4' title="bbox 314 390 3529 480; baseline -0.006 -15"><span class='ocrx_word' id='word_1_8' title='bbox 314 407 601 480; x_wconf 87' lang='lat' dir='ltr'><strong>aliquando</strong></span> <span class='ocrx_word' id='word_1_9' title='bbox 622 403 842 461; x_wconf 80' lang='lat' dir='ltr'><strong>inferior</strong></span> <span class='ocrx_word' id='word_1_10' title='bbox 866 401 1028 469; x_wconf 84' lang='lat' dir='ltr'><strong>iacet.</strong></span> <span class='ocrx_word' id='word_1_11' title='bbox 1053 408 1106 453; x_wconf 88' lang='lat' dir='ltr'><strong>et</strong></span> <span class='ocrx_word' id='word_1_12' title='bbox 1136 397 1188 453; x_wconf 92' lang='lat' dir='ltr'><strong>in</strong></span> <span class='ocrx_word' id='word_1_13' title='bbox 1216 397 1329 467; x_wconf 90' lang='lat' dir='ltr'><strong>ipsa</strong></span> <span class='ocrx_word' id='word_1_14' title='bbox 1359 394 1745 453; x_wconf 71' lang='lat' dir='ltr'><strong>colluctatione</strong></span> <span class='ocrx_word' id='word_1_15' title='bbox 1766 394 1874 448; x_wconf 88' lang='lat' dir='ltr'><strong>fre-</strong></span> <span class='ocrx_word' id='word_1_16' title='bbox 1904 398 1947 455; x_wconf 82' lang='grc' dir='ltr'><strong>Α</strong></span> <span class='ocrx_word' id='word_1_17' title='bbox 1977 393 2062 446; x_wconf 90' lang='lat' dir='ltr'><strong>nia</strong></span> <span class='ocrx_word' id='word_1_18' title='bbox 2129 392 2457 461; x_wconf 84' lang='lat' dir='ltr'><strong>dispendium</strong></span> <span class='ocrx_word' id='word_1_19' title='bbox 2505 390 2900 447; x_wconf 90' lang='lat' dir='ltr'><strong>obumbratum.</strong></span> <span class='ocrx_word' id='word_1_20' title='bbox 2956 392 3054 447; x_wconf 85' lang='lat' dir='ltr'><strong>Ubi</strong></span> <span class='ocrx_word' id='word_1_21' title='bbox 3107 404 3190 450; x_wconf 89' lang='lat' dir='ltr'><strong>est</strong></span> <span class='ocrx_word' id='word_1_22' title='bbox 3238 397 3529 455; x_wconf 75' lang='lat' dir='ltr'><strong>hesternos</strong></span> 
     </span>
    </p>
   </div>
   <div class='ocr_carea' id='block_1_5' title="bbox 312 486 1869 574">
    <p class='ocr_par' dir='ltr' id='par_1_5' title="bbox 312 486 1869 574">
     <span class='ocr_line' id='line_1_5' title="bbox 312 486 1869 574; baseline -0.012 -17"><span class='ocrx_word' id='word_1_23' title='bbox 312 510 540 574; x_wconf 86' lang='lat' dir='ltr'><strong>quenter</strong></span> <span class='ocrx_word' id='word_1_24' title='bbox 582 496 863 554; x_wconf 80' lang='lat' dir='ltr'><strong>conversio</strong></span> <span class='ocrx_word' id='word_1_25' title='bbox 914 500 997 547; x_wconf 91' lang='lat' dir='ltr'><strong>est</strong></span> <span class='ocrx_word' id='word_1_26' title='bbox 1038 490 1208 555; x_wconf 66' lang='lat' dir='ltr'><strong>facta;</strong></span> <span class='ocrx_word' id='word_1_27' title='bbox 1261 492 1331 544; x_wconf 85' lang='lat' dir='ltr'><strong>ita</strong></span> <span class='ocrx_word' id='word_1_28' title='bbox 1362 497 1416 544; x_wconf 91' lang='lat' dir='ltr'><strong>et</strong></span> <span class='ocrx_word' id='word_1_29' title='bbox 1450 503 1642 544; x_wconf 89' lang='lat' dir='ltr'><strong>sensus</strong></span> <span class='ocrx_word' id='word_1_30' title='bbox 1676 486 1869 555; x_wconf 62' lang='lat' dir='ltr'><strong>saepius</strong></span> 
     </span>
    </p>
   </div>
   <div class='ocr_carea' id='block_1_6' title="bbox 314 576 1868 658">
    <p class='ocr_par' dir='ltr' id='par_1_6' title="bbox 314 576 1868 658">
     <span class='ocr_line' id='line_1_6' title="bbox 314 576 1868 658; baseline -0.013 -8"><span class='ocrx_word' id='word_1_31' title='bbox 314 608 439 650; x_wconf 87' lang='lat' dir='ltr'><strong>cum</strong></span> <span class='ocrx_word' id='word_1_32' title='bbox 468 585 895 658; x_wconf 88' lang='lat' dir='ltr'><strong>concupiscentia</strong></span> <span class='ocrx_word' id='word_1_33' title='bbox 923 582 1157 637; x_wconf 89' lang='lat' dir='ltr'><strong>luctatus</strong></span> <span class='ocrx_word' id='word_1_34' title='bbox 1194 589 1276 635; x_wconf 90' lang='lat' dir='ltr'><strong>est</strong></span> <span class='ocrx_word' id='word_1_35' title='bbox 1306 580 1359 633; x_wconf 91' lang='lat' dir='ltr'><strong>in</strong></span> <span class='ocrx_word' id='word_1_36' title='bbox 1385 578 1614 644; x_wconf 86' lang='lat' dir='ltr'><strong>lectulis,</strong></span> <span class='ocrx_word' id='word_1_37' title='bbox 1645 577 1697 632; x_wconf 90' lang='lat' dir='ltr'><strong>in</strong></span> <span class='ocrx_word' id='word_1_38' title='bbox 1732 576 1868 643; x_wconf 88' lang='lat' dir='ltr'><strong>foro,</strong></span> 
     </span>
    </p>
   </div>
   <div class='ocr_carea' id='block_1_7' title="bbox 318 668 1872 746">
    <p class='ocr_par' dir='ltr' id='par_1_7' title="bbox 318 668 1872 746">
     <span class='ocr_line' id='line_1_7' title="bbox 318 668 1872 746; baseline -0.009 -8"><span class='ocrx_word' id='word_1_39' title='bbox 318 682 371 738; x_wconf 93' lang='lat' dir='ltr'><strong>in</strong></span> <span class='ocrx_word' id='word_1_40' title='bbox 400 681 583 746; x_wconf 86' lang='lat' dir='ltr'><strong>domo,</strong></span> <span class='ocrx_word' id='word_1_41' title='bbox 618 679 669 733; x_wconf 93' lang='lat' dir='ltr'><strong>in</strong></span> <span class='ocrx_word' id='word_1_42' title='bbox 702 674 943 739; x_wconf 79' lang='lat' dir='ltr'><strong>theatris,</strong></span> <span class='ocrx_word' id='word_1_43' title='bbox 976 674 1029 727; x_wconf 87' lang='lat' dir='ltr'><strong>in</strong></span> <span class='ocrx_word' id='word_1_44' title='bbox 1073 671 1440 742; x_wconf 86' lang='lat' dir='ltr'><strong>lupanaribus.</strong></span> <span class='ocrx_word' id='word_1_45' title='bbox 1484 670 1548 724; x_wconf 87' lang='lat' dir='ltr'><strong>Et</strong></span> <span class='ocrx_word' id='word_1_46' title='bbox 1575 670 1689 725; x_wconf 76' lang='lat' dir='ltr'><strong>ham</strong></span> <span class='ocrx_word' id='word_1_47' title='bbox 1741 668 1872 724; x_wconf 80' lang='lat' dir='ltr'><strong>facit</strong></span> 
     </span>
    </p>
   </div>
   <div class='ocr_carea' id='block_1_8' title="bbox 318 759 1869 843">
    <p class='ocr_par' dir='ltr' id='par_1_8' title="bbox 318 759 1869 843">
     <span class='ocr_line' id='line_1_8' title="bbox 318 759 1869 843; baseline -0.011 -14"><span class='ocrx_word' id='word_1_48' title='bbox 318 788 440 843; x_wconf 69' lang='lat' dir='ltr'><strong>qua:</strong></span> <span class='ocrx_word' id='word_1_49' title='bbox 484 781 539 827; x_wconf 90' lang='lat' dir='ltr'><strong>et</strong></span> <span class='ocrx_word' id='word_1_50' title='bbox 576 767 743 825; x_wconf 91' lang='lat' dir='ltr'><strong>oculis</strong></span> <span class='ocrx_word' id='word_1_51' title='bbox 778 765 1019 819; x_wconf 82' lang='lat' dir='ltr'><strong>videmus</strong></span> <span class='ocrx_word' id='word_1_52' title='bbox 1054 763 1377 817; x_wconf 90' lang='lat' dir='ltr'><strong>visibiliter:</strong></span> <span class='ocrx_word' id='word_1_53' title='bbox 1413 762 1581 815; x_wconf 89' lang='lat' dir='ltr'><strong>tenuit</strong></span> <span class='ocrx_word' id='word_1_54' title='bbox 1610 759 1869 829; x_wconf 88' lang='lat' dir='ltr'><strong>concupi-</strong></span> 
     </span>
    </p>
   </div>
   <div class='ocr_carea' id='block_1_9' title="bbox 318 851 1871 927">
    <p class='ocr_par' dir='ltr' id='par_1_9' title="bbox 318 851 1871 927">
     <span class='ocr_line' id='line_1_9' title="bbox 318 851 1871 927; baseline -0.01 -7"><span class='ocrx_word' id='word_1_55' title='bbox 318 865 549 927; x_wconf 87' lang='lat' dir='ltr'><strong>scentia,</strong></span> <span class='ocrx_word' id='word_1_56' title='bbox 583 868 634 913; x_wconf 90' lang='lat' dir='ltr'><strong>et</strong></span> <span class='ocrx_word' id='word_1_57' title='bbox 668 854 868 927; x_wconf 87' lang='lat' dir='ltr'><strong>pepulit</strong></span> <span class='ocrx_word' id='word_1_58' title='bbox 898 870 1135 919; x_wconf 82' lang='lat' dir='ltr'><strong>sensum,</strong></span> <span class='ocrx_word' id='word_1_59' title='bbox 1169 865 1222 909; x_wconf 92' lang='lat' dir='ltr'><strong>et</strong></span> <span class='ocrx_word' id='word_1_60' title='bbox 1257 852 1453 908; x_wconf 87' lang='lat' dir='ltr'><strong>occidit</strong></span> <span class='ocrx_word' id='word_1_61' title='bbox 1492 851 1782 921; x_wconf 90' lang='lat' dir='ltr'><strong>cogitatus,</strong></span> <span class='ocrx_word' id='word_1_62' title='bbox 1817 857 1871 905; x_wconf 91' lang='lat' dir='ltr'><strong>et</strong></span> 
     </span>
    </p>
   </div>
   <div class='ocr_carea' id='block_1_10' title="bbox 320 944 1869 1028">
    <p class='ocr_par' dir='ltr' id='par_1_10' title="bbox 320 944 1869 1028">
     <span class='ocr_line' id='line_1_10' title="bbox 320 944 1869 1028; baseline -0.012 -14"><span class='ocrx_word' id='word_1_63' title='bbox 320 951 655 1028; x_wconf 77' lang='lat' dir='ltr'><strong>Superposuit</strong></span> <span class='ocrx_word' id='word_1_64' title='bbox 710 964 770 1004; x_wconf 92' lang='lat' dir='ltr'><strong>se</strong></span> <span class='ocrx_word' id='word_1_65' title='bbox 808 950 1256 1017; x_wconf 86' lang='lat' dir='ltr'><strong>concupiscentia.</strong></span> <span class='ocrx_word' id='word_1_66' title='bbox 1305 948 1499 1003; x_wconf 86' lang='lat' dir='ltr'><strong>lterum</strong></span> <span class='ocrx_word' id='word_1_67' title='bbox 1543 954 1723 999; x_wconf 87' lang='lat' dir='ltr'><strong>autem</strong></span> <span class='ocrx_word' id='word_1_68' title='bbox 1766 944 1869 997; x_wconf 91' lang='lat' dir='ltr'><strong>vim</strong></span> 
     </span>
    </p>
   </div>
   <div class='ocr_carea' id='block_1_11' title="bbox 323 1030 1871 1103">
    <p class='ocr_par' dir='ltr' id='par_1_11' title="bbox 323 1030 1871 1103">
     <span class='ocr_line' id='line_1_11' title="bbox 323 1030 1871 1103; baseline -0.012 -2"><span class='ocrx_word' id='word_1_69' title='bbox 323 1046 521 1101; x_wconf 78' lang='lat' dir='ltr'><strong>faciens</strong></span> <span class='ocrx_word' id='word_1_70' title='bbox 565 1053 761 1094; x_wconf 85' lang='lat' dir='ltr'><strong>sensus</strong></span> <span class='ocrx_word' id='word_1_71' title='bbox 804 1046 1079 1092; x_wconf 87' lang='lat' dir='ltr'><strong>correctus</strong></span> <span class='ocrx_word' id='word_1_72' title='bbox 1132 1045 1230 1094; x_wconf 85' lang='lat' dir='ltr'><strong>est.</strong></span> <span class='ocrx_word' id='word_1_73' title='bbox 1292 1045 1343 1089; x_wconf 90' lang='lat' dir='ltr'><strong>et</strong></span> <span class='ocrx_word' id='word_1_74' title='bbox 1388 1034 1666 1103; x_wconf 90' lang='lat' dir='ltr'><strong>superbior</strong></span> <span class='ocrx_word' id='word_1_75' title='bbox 1697 1030 1871 1084; x_wconf 87' lang='lat' dir='ltr'><strong>factus</strong></span> 
     </span>
    </p>
   </div>
   <div class='ocr_carea' id='block_1_12' title="bbox 322 1124 1873 1203">
    <p class='ocr_par' dir='ltr' id='par_1_12' title="bbox 322 1124 1873 1203">
     <span class='ocr_line' id='line_1_12' title="bbox 322 1124 1873 1203; baseline -0.012 -11"><span class='ocrx_word' id='word_1_76' title='bbox 322 1145 422 1200; x_wconf 89' lang='lat' dir='ltr'><strong>est,</strong></span> <span class='ocrx_word' id='word_1_77' title='bbox 452 1130 723 1203; x_wconf 82' lang='lat' dir='ltr'><strong>superavit</strong></span> <span class='ocrx_word' id='word_1_78' title='bbox 755 1126 1074 1183; x_wconf 86' lang='lat' dir='ltr'><strong>desiderium</strong></span> <span class='ocrx_word' id='word_1_79' title='bbox 1117 1126 1455 1181; x_wconf 87' lang='lat' dir='ltr'><strong>libidinosum</strong></span> <span class='ocrx_word' id='word_1_80' title='bbox 1487 1139 1502 1177; x_wconf 89' lang='lat'><strong>:</strong></span> <span class='ocrx_word' id='word_1_81' title='bbox 1536 1124 1724 1178; x_wconf 92' lang='lat' dir='ltr'><strong>horum</strong></span> <span class='ocrx_word' id='word_1_82' title='bbox 1757 1136 1873 1175; x_wconf 87' lang='lat' dir='ltr'><strong>om-</strong></span> 
     </span>
    </p>
   </div>
   <div class='ocr_carea' id='block_1_13' title="bbox 321 1216 1872 1293">
    <p class='ocr_par' dir='ltr' id='par_1_13' title="bbox 321 1216 1872 1293">
     <span class='ocr_line' id='line_1_13' title="bbox 321 1216 1872 1293; baseline -0.01 -11"><span class='ocrx_word' id='word_1_83' title='bbox 321 1229 465 1283; x_wconf 91' lang='lat' dir='ltr'><strong>nium</strong></span> <span class='ocrx_word' id='word_1_84' title='bbox 492 1222 917 1293; x_wconf 83' lang='lat' dir='ltr'><strong>experimentum</strong></span> <span class='ocrx_word' id='word_1_85' title='bbox 946 1219 1081 1287; x_wconf 89' lang='lat' dir='ltr'><strong>apud</strong></span> <span class='ocrx_word' id='word_1_86' title='bbox 1110 1234 1205 1273; x_wconf 92' lang='lat' dir='ltr'><strong>vos</strong></span> <span class='ocrx_word' id='word_1_87' title='bbox 1236 1227 1341 1272; x_wconf 90' lang='lat' dir='ltr'><strong>est.</strong></span> <span class='ocrx_word' id='word_1_88' title='bbox 1373 1217 1535 1271; x_wconf 89' lang='lat' dir='ltr'><strong>Scitis</strong></span> <span class='ocrx_word' id='word_1_89' title='bbox 1563 1216 1705 1269; x_wconf 90' lang='lat' dir='ltr'><strong>enim</strong></span> <span class='ocrx_word' id='word_1_90' title='bbox 1734 1227 1872 1283; x_wconf 83' lang='lat' dir='ltr'><strong>quo-</strong></span> 
     </span>
    </p>
   </div>
   <div class='ocr_carea' id='block_1_14' title="bbox 322 1303 1873 1381">
    <p class='ocr_par' dir='ltr' id='par_1_14' title="bbox 322 1303 1873 1381">
     <span class='ocr_line' id='line_1_14' title="bbox 322 1303 1873 1381; baseline -0.008 -10"><span class='ocrx_word' id='word_1_91' title='bbox 322 1316 422 1371; x_wconf 90' lang='lat' dir='ltr'><strong>ties</strong></span> <span class='ocrx_word' id='word_1_92' title='bbox 472 1315 537 1368; x_wconf 89' lang='lat' dir='ltr'><strong>ad</strong></span> <span class='ocrx_word' id='word_1_93' title='bbox 579 1310 1091 1381; x_wconf 88' lang='lat' dir='ltr'><strong>concupiscentiam,</strong></span> <span class='ocrx_word' id='word_1_94' title='bbox 1121 1308 1329 1378; x_wconf 88' lang='lat' dir='ltr'><strong>quoties</strong></span> <span class='ocrx_word' id='word_1_95' title='bbox 1369 1307 1434 1361; x_wconf 91' lang='lat' dir='ltr'><strong>ad</strong></span> <span class='ocrx_word' id='word_1_96' title='bbox 1462 1306 1733 1361; x_wconf 86' lang='lat' dir='ltr'><strong>libidinem</strong></span> <span class='ocrx_word' id='word_1_97' title='bbox 1758 1303 1873 1358; x_wconf 85' lang='lat' dir='ltr'><strong>ille-</strong></span> 
     </span>
    </p>
   </div>
   <div class='ocr_carea' id='block_1_15' title="bbox 319 1397 1869 1473">
    <p class='ocr_par' dir='ltr' id='par_1_15' title="bbox 319 1397 1869 1473">
     <span class='ocr_line' id='line_1_15' title="bbox 319 1397 1869 1473; baseline -0.009 -10"><span class='ocrx_word' id='word_1_98' title='bbox 319 1409 391 1463; x_wconf 90' lang='lat' dir='ltr'><strong>cti</strong></span> <span class='ocrx_word' id='word_1_99' title='bbox 425 1407 577 1469; x_wconf 88' lang='lat' dir='ltr'><strong>estis,</strong></span> <span class='ocrx_word' id='word_1_100' title='bbox 604 1404 814 1473; x_wconf 89' lang='lat' dir='ltr'><strong>quoties</strong></span> <span class='ocrx_word' id='word_1_101' title='bbox 843 1402 908 1455; x_wconf 90' lang='lat' dir='ltr'><strong>ad</strong></span> <span class='ocrx_word' id='word_1_102' title='bbox 936 1399 1241 1467; x_wconf 86' lang='lat' dir='ltr'><strong>avaritiam,</strong></span> <span class='ocrx_word' id='word_1_103' title='bbox 1270 1399 1483 1469; x_wconf 87' lang='lat' dir='ltr'><strong>quoties</strong></span> <span class='ocrx_word' id='word_1_104' title='bbox 1507 1398 1573 1452; x_wconf 92' lang='lat' dir='ltr'><strong>ad</strong></span> <span class='ocrx_word' id='word_1_105' title='bbox 1602 1397 1869 1463; x_wconf 90' lang='lat' dir='ltr'><strong>fraudem,</strong></span> 
     </span>
    </p>
   </div>
   <div class='ocr_carea' id='block_1_16' title="bbox 321 1488 1871 1569">
    <p class='ocr_par' dir='ltr' id='par_1_16' title="bbox 321 1488 1871 1569">
     <span class='ocr_line' id='line_1_16' title="bbox 321 1488 1871 1569; baseline -0.008 -16"><span class='ocrx_word' id='word_1_106' title='bbox 321 1500 531 1569; x_wconf 88' lang='lat' dir='ltr'><strong>quoties</strong></span> <span class='ocrx_word' id='word_1_107' title='bbox 559 1496 623 1549; x_wconf 90' lang='lat' dir='ltr'><strong>ad</strong></span> <span class='ocrx_word' id='word_1_108' title='bbox 659 1497 816 1561; x_wconf 87' lang='lat' dir='ltr'><strong>iram,</strong></span> <span class='ocrx_word' id='word_1_109' title='bbox 849 1493 1057 1562; x_wconf 89' lang='lat' dir='ltr'><strong>quoties</strong></span> <span class='ocrx_word' id='word_1_110' title='bbox 1092 1492 1157 1547; x_wconf 91' lang='lat' dir='ltr'><strong>ad</strong></span> <span class='ocrx_word' id='word_1_111' title='bbox 1204 1490 1620 1559; x_wconf 83' lang='lat' dir='ltr'><strong>indignationem</strong></span> <span class='ocrx_word' id='word_1_112' title='bbox 1656 1505 1670 1541; x_wconf 89' lang='lat'><strong>:</strong></span> <span class='ocrx_word' id='word_1_113' title='bbox 1706 1488 1871 1542; x_wconf 85' lang='lat' dir='ltr'><strong>decli—</strong></span> 
     </span>
    </p>
   </div>
   <div class='ocr_carea' id='block_1_17' title="bbox 320 1582 1873 1654">
    <p class='ocr_par' dir='ltr' id='par_1_17' title="bbox 320 1582 1873 1654">
     <span class='ocr_line' id='line_1_17' title="bbox 320 1582 1873 1654; baseline -0.006 -12"><span class='ocrx_word' id='word_1_114' title='bbox 320 1590 404 1645; x_wconf 86' lang='lat' dir='ltr'><strong>vis</strong></span> <span class='ocrx_word' id='word_1_115' title='bbox 424 1590 566 1645; x_wconf 91' lang='lat' dir='ltr'><strong>enim</strong></span> <span class='ocrx_word' id='word_1_116' title='bbox 591 1604 716 1643; x_wconf 91' lang='lat' dir='ltr'><strong>caro</strong></span> <span class='ocrx_word' id='word_1_117' title='bbox 748 1587 813 1641; x_wconf 90' lang='lat' dir='ltr'><strong>ad</strong></span> <span class='ocrx_word' id='word_1_118' title='bbox 845 1588 945 1640; x_wconf 90' lang='lat' dir='ltr'><strong>ista</strong></span> <span class='ocrx_word' id='word_1_119' title='bbox 969 1594 1050 1639; x_wconf 90' lang='lat' dir='ltr'><strong>est</strong></span> <span class='ocrx_word' id='word_1_120' title='bbox 1078 1585 1228 1649; x_wconf 91' lang='lat' dir='ltr'><strong>vitia,</strong></span> <span class='ocrx_word' id='word_1_121' title='bbox 1251 1594 1303 1639; x_wconf 91' lang='lat' dir='ltr'><strong>et</strong></span> <span class='ocrx_word' id='word_1_122' title='bbox 1335 1584 1498 1654; x_wconf 89' lang='lat' dir='ltr'><strong>ipsius</strong></span> <span class='ocrx_word' id='word_1_123' title='bbox 1518 1582 1698 1636; x_wconf 91' lang='lat' dir='ltr'><strong>carnis</strong></span> <span class='ocrx_word' id='word_1_124' title='bbox 1728 1596 1873 1635; x_wconf 86' lang='lat' dir='ltr'><strong>mea-</strong></span> 
     </span>
    </p>
   </div>
   <div class='ocr_carea' id='block_1_18' title="bbox 325 1672 1871 1746">
    <p class='ocr_par' dir='ltr' id='par_1_18' title="bbox 325 1672 1871 1746">
     <span class='ocr_line' id='line_1_18' title="bbox 325 1672 1871 1746; baseline -0.008 -11"><span class='ocrx_word' id='word_1_125' title='bbox 325 1690 429 1736; x_wconf 93' lang='lat' dir='ltr'><strong>tus.</strong></span> <span class='ocrx_word' id='word_1_126' title='bbox 456 1679 633 1734; x_wconf 81' lang='lat' dir='ltr'><strong>Vincit</strong></span> <span class='ocrx_word' id='word_1_127' title='bbox 672 1688 848 1734; x_wconf 87' lang='lat' dir='ltr'><strong>autem</strong></span> <span class='ocrx_word' id='word_1_128' title='bbox 876 1678 990 1731; x_wconf 78' lang='lat' dir='ltr'><strong>haec</strong></span> <span class='ocrx_word' id='word_1_129' title='bbox 1016 1677 1281 1746; x_wconf 89' lang='lat' dir='ltr'><strong>cogitatus</strong></span> <span class='ocrx_word' id='word_1_130' title='bbox 1307 1676 1604 1730; x_wconf 86' lang='lat' dir='ltr'><strong>colluctans</strong></span> <span class='ocrx_word' id='word_1_131' title='bbox 1635 1688 1730 1742; x_wconf 90' lang='lat' dir='ltr'><strong>per</strong></span> <span class='ocrx_word' id='word_1_132' title='bbox 1761 1672 1871 1742; x_wconf 88' lang='lat' dir='ltr'><strong>spi-</strong></span> 
     </span>
    </p>
   </div>
   <div class='ocr_carea' id='block_1_19' title="bbox 1973 482 3530 560">
    <p class='ocr_par' dir='ltr' id='par_1_19' title="bbox 1973 482 3530 560">
     <span class='ocr_line' id='line_1_19' title="bbox 1973 482 3530 560; baseline 0.007 -23"><span class='ocrx_word' id='word_1_133' title='bbox 1973 483 2107 550; x_wconf 89' lang='lat' dir='ltr'><strong>dies,</strong></span> <span class='ocrx_word' id='word_1_134' title='bbox 2162 493 2217 537; x_wconf 88' lang='lat' dir='ltr'><strong>ut</strong></span> <span class='ocrx_word' id='word_1_135' title='bbox 2248 484 2321 537; x_wconf 91' lang='lat' dir='ltr'><strong>sis</strong></span> <span class='ocrx_word' id='word_1_136' title='bbox 2360 482 2617 538; x_wconf 90' lang='lat' dir='ltr'><strong>sollicitus</strong></span> <span class='ocrx_word' id='word_1_137' title='bbox 2663 483 2727 537; x_wconf 92' lang='lat' dir='ltr'><strong>de</strong></span> <span class='ocrx_word' id='word_1_138' title='bbox 2778 485 3075 539; x_wconf 86' lang='lat' dir='ltr'><strong>hodierno?</strong></span> <span class='ocrx_word' id='word_1_139' title='bbox 3110 487 3194 541; x_wconf 92' lang='lat' dir='ltr'><strong>ubi</strong></span> <span class='ocrx_word' id='word_1_140' title='bbox 3250 500 3374 545; x_wconf 92' lang='lat' dir='ltr'><strong>sunt</strong></span> <span class='ocrx_word' id='word_1_141' title='bbox 3410 505 3530 560; x_wconf 66' lang='lat' dir='ltr'><strong>quas</strong></span> 
     </span>
    </p>
   </div>
   <div class='ocr_carea' id='block_1_20' title="bbox 1974 572 3531 650">
    <p class='ocr_par' dir='ltr' id='par_1_20' title="bbox 1974 572 3531 650">
     <span class='ocr_line' id='line_1_20' title="bbox 1974 572 3531 650; baseline 0.006 -24"><span class='ocrx_word' id='word_1_142' title='bbox 1974 572 2089 626; x_wconf 91' lang='lat' dir='ltr'><strong>heri</strong></span> <span class='ocrx_word' id='word_1_143' title='bbox 2136 572 2188 628; x_wconf 91' lang='lat' dir='ltr'><strong>in</strong></span> <span class='ocrx_word' id='word_1_144' title='bbox 2241 582 2478 627; x_wconf 91' lang='lat' dir='ltr'><strong>ventrem</strong></span> <span class='ocrx_word' id='word_1_145' title='bbox 2513 572 2672 626; x_wconf 90' lang='lat' dir='ltr'><strong>missa</strong></span> <span class='ocrx_word' id='word_1_146' title='bbox 2723 582 2866 640; x_wconf 89' lang='lat' dir='ltr'><strong>sunt,</strong></span> <span class='ocrx_word' id='word_1_147' title='bbox 2912 583 2971 628; x_wconf 92' lang='lat' dir='ltr'><strong>ut</strong></span> <span class='ocrx_word' id='word_1_148' title='bbox 3023 575 3210 631; x_wconf 88' lang='lat' dir='ltr'><strong>iterum</strong></span> <span class='ocrx_word' id='word_1_149' title='bbox 3262 595 3531 650; x_wconf 64' lang='lat' dir='ltr'><strong>prarpares</strong></span> 
     </span>
    </p>
   </div>
   <div class='ocr_carea' id='block_1_21' title="bbox 1972 662 3525 733">
    <p class='ocr_par' dir='ltr' id='par_1_21' title="bbox 1972 662 3525 733">
     <span class='ocr_line' id='line_1_21' title="bbox 1972 662 3525 733; baseline 0.008 -16"><span class='ocrx_word' id='word_1_150' title='bbox 1972 663 2176 717; x_wconf 84' lang='lat' dir='ltr'><strong>multa?</strong></span> <span class='ocrx_word' id='word_1_151' title='bbox 2200 662 2389 733; x_wconf 80' lang='lat' dir='ltr'><strong>Figura</strong></span> <span class='ocrx_word' id='word_1_152' title='bbox 2421 672 2501 719; x_wconf 88' lang='lat' dir='ltr'><strong>est</strong></span> <span class='ocrx_word' id='word_1_153' title='bbox 2526 679 2761 733; x_wconf 60' lang='lat' dir='ltr'><strong>praesens</strong></span> <span class='ocrx_word' id='word_1_154' title='bbox 2788 665 3062 731; x_wconf 61' lang='lat' dir='ltr'><strong>sceeulum,</strong></span> <span class='ocrx_word' id='word_1_155' title='bbox 3093 676 3145 720; x_wconf 93' lang='lat' dir='ltr'><strong>et</strong></span> <span class='ocrx_word' id='word_1_156' title='bbox 3172 683 3273 723; x_wconf 88' lang='lat' dir='ltr'><strong>non</strong></span> <span class='ocrx_word' id='word_1_157' title='bbox 3298 673 3525 730; x_wconf 90' lang='lat' dir='ltr'><strong>veritas:</strong></span> 
     </span>
    </p>
   </div>
   <div class='ocr_carea' id='block_1_22' title="bbox 1975 754 3529 833">
    <p class='ocr_par' dir='ltr' id='par_1_22' title="bbox 1975 754 3529 833">
     <span class='ocr_line' id='line_1_22' title="bbox 1975 754 3529 833; baseline 0.007 -25"><span class='ocrx_word' id='word_1_158' title='bbox 1975 757 2177 809; x_wconf 73' lang='lat' dir='ltr'><strong>umbrae</strong></span> <span class='ocrx_word' id='word_1_159' title='bbox 2220 754 2459 810; x_wconf 85' lang='lat' dir='ltr'><strong>volantes</strong></span> <span class='ocrx_word' id='word_1_160' title='bbox 2503 766 2646 810; x_wconf 86' lang='lat' dir='ltr'><strong>sunt.</strong></span> <span class='ocrx_word' id='word_1_161' title='bbox 2688 755 2823 822; x_wconf 85' lang='lat' dir='ltr'><strong>Quid</strong></span> <span class='ocrx_word' id='word_1_162' title='bbox 2884 757 3119 813; x_wconf 84' lang='lat' dir='ltr'><strong>velocius</strong></span> <span class='ocrx_word' id='word_1_163' title='bbox 3169 761 3279 816; x_wconf 88' lang='lat' dir='ltr'><strong>sole</strong></span> <span class='ocrx_word' id='word_1_164' title='bbox 3335 765 3389 818; x_wconf 93' lang='lat' dir='ltr'><strong>in</strong></span> <span class='ocrx_word' id='word_1_165' title='bbox 3424 780 3529 833; x_wconf 92' lang='lat' dir='ltr'><strong>quo</strong></span> 
     </span>
    </p>
   </div>
   <div class='ocr_carea' id='block_1_23' title="bbox 1976 846 3526 920">
    <p class='ocr_par' dir='ltr' id='par_1_23' title="bbox 1976 846 3526 920">
     <span class='ocr_line' id='line_1_23' title="bbox 1976 846 3526 920; baseline 0.006 -21"><span class='ocrx_word' id='word_1_166' title='bbox 1976 855 2315 901; x_wconf 85' lang='lat' dir='ltr'><strong>mensuratur</strong></span> <span class='ocrx_word' id='word_1_167' title='bbox 2344 846 2450 900; x_wconf 91' lang='lat' dir='ltr'><strong>vita</strong></span> <span class='ocrx_word' id='word_1_168' title='bbox 2474 847 2496 900; x_wconf 87' lang='lat'><strong>?</strong></span> <span class='ocrx_word' id='word_1_169' title='bbox 2524 847 2801 917; x_wconf 81' lang='lat' dir='ltr'><strong>Evigilate,</strong></span> <span class='ocrx_word' id='word_1_170' title='bbox 2834 847 2975 916; x_wconf 83' lang='lat' dir='ltr'><strong>iusti,</strong></span> <span class='ocrx_word' id='word_1_171' title='bbox 3002 858 3056 902; x_wconf 91' lang='lat' dir='ltr'><strong>et</strong></span> <span class='ocrx_word' id='word_1_172' title='bbox 3094 851 3257 904; x_wconf 90' lang='lat' dir='ltr'><strong>nolite</strong></span> <span class='ocrx_word' id='word_1_173' title='bbox 3282 868 3526 920; x_wconf 88' lang='lat' dir='ltr'><strong>peccare.</strong></span> 
     </span>
    </p>
   </div>
   <div class='ocr_carea' id='block_1_24' title="bbox 1975 938 3527 1009">
    <p class='ocr_par' dir='ltr' id='par_1_24' title="bbox 1975 938 3527 1009">
     <span class='ocr_line' id='line_1_24' title="bbox 1975 938 3527 1009; baseline 0.004 -16"><span class='ocrx_word' id='word_1_174' title='bbox 1975 938 2256 993; x_wconf 87' lang='lat' dir='ltr'><strong>Peccatum</strong></span> <span class='ocrx_word' id='word_1_175' title='bbox 2309 947 2489 993; x_wconf 91' lang='lat' dir='ltr'><strong>autem</strong></span> <span class='ocrx_word' id='word_1_176' title='bbox 2535 940 2760 994; x_wconf 88' lang='lat' dir='ltr'><strong>ellicitur</strong></span> <span class='ocrx_word' id='word_1_177' title='bbox 2798 940 2866 994; x_wconf 92' lang='lat' dir='ltr'><strong>ob</strong></span> <span class='ocrx_word' id='word_1_178' title='bbox 2912 943 3268 1009; x_wconf 79' lang='lat' dir='ltr'><strong>ignorantiam</strong></span> <span class='ocrx_word' id='word_1_179' title='bbox 3300 943 3414 999; x_wconf 88' lang='lat' dir='ltr'><strong>Dei.</strong></span> <span class='ocrx_word' id='word_1_180' title='bbox 3471 946 3527 999; x_wconf 90' lang='lat' dir='ltr'><strong>Si</strong></span> 
     </span>
    </p>
   </div>
   <div class='ocr_carea' id='block_1_25' title="bbox 1975 1028 3528 1100">
    <p class='ocr_par' dir='ltr' id='par_1_25' title="bbox 1975 1028 3528 1100">
     <span class='ocr_line' id='line_1_25' title="bbox 1975 1028 3528 1100; baseline 0.006 -19"><span class='ocrx_word' id='word_1_181' title='bbox 1975 1028 2118 1081; x_wconf 91' lang='lat' dir='ltr'><strong>enim</strong></span> <span class='ocrx_word' id='word_1_182' title='bbox 2175 1028 2386 1097; x_wconf 80' lang='lat' dir='ltr'><strong>agnitus</strong></span> <span class='ocrx_word' id='word_1_183' title='bbox 2419 1029 2584 1083; x_wconf 89' lang='lat' dir='ltr'><strong>fuerit</strong></span> <span class='ocrx_word' id='word_1_184' title='bbox 2633 1030 2771 1085; x_wconf 90' lang='lat' dir='ltr'><strong>Dens</strong></span> <span class='ocrx_word' id='word_1_185' title='bbox 2804 1032 2893 1100; x_wconf 91' lang='lat' dir='ltr'><strong>qui</strong></span> <span class='ocrx_word' id='word_1_186' title='bbox 2928 1032 3106 1085; x_wconf 86' lang='lat' dir='ltr'><strong>omnia</strong></span> <span class='ocrx_word' id='word_1_187' title='bbox 3149 1034 3404 1098; x_wconf 87' lang='lat' dir='ltr'><strong>intuetur,</strong></span> <span class='ocrx_word' id='word_1_188' title='bbox 3444 1051 3528 1090; x_wconf 86' lang='lat' dir='ltr'><strong>re-</strong></span> 
     </span>
    </p>
   </div>
   <div class='ocr_carea' id='block_1_26' title="bbox 1975 1119 3529 1192">
    <p class='ocr_par' dir='ltr' id='par_1_26' title="bbox 1975 1119 3529 1192">
     <span class='ocr_line' id='line_1_26' title="bbox 1975 1119 3529 1192; baseline 0.005 -19"><span class='ocrx_word' id='word_1_189' title='bbox 1975 1119 2273 1187; x_wconf 88' lang='lat' dir='ltr'><strong>percutitur</strong></span> <span class='ocrx_word' id='word_1_190' title='bbox 2304 1134 2463 1174; x_wconf 89' lang='lat' dir='ltr'><strong>omne</strong></span> <span class='ocrx_word' id='word_1_191' title='bbox 2505 1130 2805 1188; x_wconf 88' lang='lat' dir='ltr'><strong>peccatum.</strong></span> <span class='ocrx_word' id='word_1_192' title='bbox 2864 1124 2969 1177; x_wconf 90' lang='lat' dir='ltr'><strong>Deo</strong></span> <span class='ocrx_word' id='word_1_193' title='bbox 2998 1125 3140 1177; x_wconf 91' lang='lat' dir='ltr'><strong>enim</strong></span> <span class='ocrx_word' id='word_1_194' title='bbox 3178 1136 3438 1192; x_wconf 71' lang='lat' dir='ltr'><strong>prtesente</strong></span> <span class='ocrx_word' id='word_1_195' title='bbox 3480 1137 3529 1181; x_wconf 91' lang='lat' dir='ltr'><strong>et</strong></span> 
     </span>
    </p>
   </div>
   <div class='ocr_carea' id='block_1_27' title="bbox 1975 1211 3529 1289">
    <p class='ocr_par' dir='ltr' id='par_1_27' title="bbox 1975 1211 3529 1289">
     <span class='ocr_line' id='line_1_27' title="bbox 1975 1211 3529 1289; baseline 0.009 -29"><span class='ocrx_word' id='word_1_196' title='bbox 1975 1211 2191 1265; x_wconf 88' lang='lat' dir='ltr'><strong>vidente</strong></span> <span class='ocrx_word' id='word_1_197' title='bbox 2221 1211 2341 1279; x_wconf 89' lang='lat' dir='ltr'><strong>quis</strong></span> <span class='ocrx_word' id='word_1_198' title='bbox 2364 1212 2493 1267; x_wconf 87' lang='lat' dir='ltr'><strong>velit</strong></span> <span class='ocrx_word' id='word_1_199' title='bbox 2540 1211 2747 1266; x_wconf 87' lang='lat' dir='ltr'><strong>furari?</strong></span> <span class='ocrx_word' id='word_1_200' title='bbox 2772 1212 2870 1279; x_wconf 85' lang='lat' dir='ltr'><strong>Qui</strong></span> <span class='ocrx_word' id='word_1_201' title='bbox 2900 1224 3077 1270; x_wconf 89' lang='lat' dir='ltr'><strong>autem</strong></span> <span class='ocrx_word' id='word_1_202' title='bbox 3109 1218 3346 1285; x_wconf 89' lang='lat' dir='ltr'><strong>furatur,</strong></span> <span class='ocrx_word' id='word_1_203' title='bbox 3384 1221 3529 1289; x_wconf 89' lang='lat' dir='ltr'><strong>prius</strong></span> 
     </span>
    </p>
   </div>
   <div class='ocr_carea' id='block_1_28' title="bbox 1979 1302 3530 1373">
    <p class='ocr_par' dir='ltr' id='par_1_28' title="bbox 1979 1302 3530 1373">
     <span class='ocr_line' id='line_1_28' title="bbox 1979 1302 3530 1373; baseline 0.008 -17"><span class='ocrx_word' id='word_1_204' title='bbox 1979 1302 2435 1373; x_wconf 87' lang='lat' dir='ltr'><strong>irreligiositatem</strong></span> <span class='ocrx_word' id='word_1_205' title='bbox 2471 1304 2723 1372; x_wconf 84' lang='lat' dir='ltr'><strong>admittit,</strong></span> <span class='ocrx_word' id='word_1_206' title='bbox 2754 1312 2808 1359; x_wconf 86' lang='lat' dir='ltr'><strong>et</strong></span> <span class='ocrx_word' id='word_1_207' title='bbox 2849 1307 2921 1360; x_wconf 91' lang='lat' dir='ltr'><strong>ita</strong></span> <span class='ocrx_word' id='word_1_208' title='bbox 2971 1317 3147 1363; x_wconf 87' lang='lat' dir='ltr'><strong>nocet.</strong></span> <span class='ocrx_word' id='word_1_209' title='bbox 3187 1310 3243 1365; x_wconf 93' lang='lat' dir='ltr'><strong>Si</strong></span> <span class='ocrx_word' id='word_1_210' title='bbox 3273 1313 3415 1365; x_wconf 91' lang='lat' dir='ltr'><strong>enim</strong></span> <span class='ocrx_word' id='word_1_211' title='bbox 3446 1327 3530 1369; x_wconf 83' lang='lat' dir='ltr'><strong>co-</strong></span> 
     </span>
    </p>
   </div>
   <div class='ocr_carea' id='block_1_29' title="bbox 1976 1396 3530 1471">
    <p class='ocr_par' dir='ltr' id='par_1_29' title="bbox 1976 1396 3530 1471">
     <span class='ocr_line' id='line_1_29' title="bbox 1976 1396 3530 1471; baseline 0.006 -23"><span class='ocrx_word' id='word_1_212' title='bbox 1976 1396 2198 1463; x_wconf 84' lang='lat' dir='ltr'><strong>gitasset</strong></span> <span class='ocrx_word' id='word_1_213' title='bbox 2245 1396 2375 1451; x_wconf 88' lang='lat' dir='ltr'><strong>Cain</strong></span> <span class='ocrx_word' id='word_1_214' title='bbox 2418 1397 2541 1466; x_wconf 89' lang='lat' dir='ltr'><strong>quia</strong></span> <span class='ocrx_word' id='word_1_215' title='bbox 2572 1399 2716 1454; x_wconf 87' lang='lat' dir='ltr'><strong>videt</strong></span> <span class='ocrx_word' id='word_1_216' title='bbox 2745 1401 2905 1463; x_wconf 88' lang='lat' dir='ltr'><strong>Deus,</strong></span> <span class='ocrx_word' id='word_1_217' title='bbox 2949 1417 3218 1471; x_wconf 88' lang='lat' dir='ltr'><strong>nunquam</strong></span> <span class='ocrx_word' id='word_1_218' title='bbox 3247 1403 3530 1457; x_wconf 89' lang='lat' dir='ltr'><strong>occidisset</strong></span> 
     </span>
    </p>
   </div>
   <div class='ocr_carea' id='block_1_30' title="bbox 1976 1484 3530 1557">
    <p class='ocr_par' dir='ltr' id='par_1_30' title="bbox 1976 1484 3530 1557">
     <span class='ocr_line' id='line_1_30' title="bbox 1976 1484 3530 1557; baseline 0.006 -20"><span class='ocrx_word' id='word_1_219' title='bbox 1976 1484 2127 1551; x_wconf 85' lang='lat' dir='ltr'><strong>Abel,</strong></span> <span class='ocrx_word' id='word_1_220' title='bbox 2159 1501 2315 1555; x_wconf 91' lang='lat' dir='ltr'><strong>quem</strong></span> <span class='ocrx_word' id='word_1_221' title='bbox 2362 1497 2416 1541; x_wconf 91' lang='lat' dir='ltr'><strong>et</strong></span> <span class='ocrx_word' id='word_1_222' title='bbox 2448 1487 2734 1557; x_wconf 80' lang='lat' dir='ltr'><strong>abnegavit</strong></span> <span class='ocrx_word' id='word_1_223' title='bbox 2780 1490 3019 1545; x_wconf 80' lang='lat' dir='ltr'><strong>fratrem.</strong></span> <span class='ocrx_word' id='word_1_224' title='bbox 3047 1491 3104 1545; x_wconf 90' lang='lat' dir='ltr'><strong>Si</strong></span> <span class='ocrx_word' id='word_1_225' title='bbox 3132 1492 3389 1547; x_wconf 86' lang='lat' dir='ltr'><strong>vidissent</strong></span> <span class='ocrx_word' id='word_1_226' title='bbox 3422 1494 3530 1547; x_wconf 86' lang='lat' dir='ltr'><strong>Eva</strong></span> 
     </span>
    </p>
   </div>
   <div class='ocr_carea' id='block_1_31' title="bbox 1977 1576 3531 1651">
    <p class='ocr_par' dir='ltr' id='par_1_31' title="bbox 1977 1576 3531 1651">
     <span class='ocr_line' id='line_1_31' title="bbox 1977 1576 3531 1651; baseline 0.004 -21"><span class='ocrx_word' id='word_1_227' title='bbox 1977 1586 2030 1630; x_wconf 92' lang='lat' dir='ltr'><strong>et</strong></span> <span class='ocrx_word' id='word_1_228' title='bbox 2074 1576 2242 1631; x_wconf 85' lang='lat' dir='ltr'><strong>Adam</strong></span> <span class='ocrx_word' id='word_1_229' title='bbox 2273 1578 2458 1642; x_wconf 90' lang='lat' dir='ltr'><strong>Deum,</strong></span> <span class='ocrx_word' id='word_1_230' title='bbox 2508 1593 2612 1633; x_wconf 92' lang='lat' dir='ltr'><strong>non</strong></span> <span class='ocrx_word' id='word_1_231' title='bbox 2656 1581 2917 1634; x_wconf 88' lang='lat' dir='ltr'><strong>vidissent</strong></span> <span class='ocrx_word' id='word_1_232' title='bbox 2978 1583 3243 1638; x_wconf 87' lang='lat' dir='ltr'><strong>arborem.</strong></span> <span class='ocrx_word' id='word_1_233' title='bbox 3284 1582 3531 1651; x_wconf 84' lang='lat' dir='ltr'><strong>Nunquid</strong></span> 
     </span>
    </p>
   </div>
   <div class='ocr_carea' id='block_1_32' title="bbox 1981 1670 3533 1736">
    <p class='ocr_par' dir='ltr' id='par_1_32' title="bbox 1981 1670 3533 1736">
     <span class='ocr_line' id='line_1_32' title="bbox 1981 1670 3533 1736; baseline 0.005 -15"><span class='ocrx_word' id='word_1_234' title='bbox 1981 1682 2264 1736; x_wconf 81' lang='lat' dir='ltr'><strong>possumus</strong></span> <span class='ocrx_word' id='word_1_235' title='bbox 2309 1670 2362 1723; x_wconf 92' lang='lat' dir='ltr'><strong>in</strong></span> <span class='ocrx_word' id='word_1_236' title='bbox 2390 1671 2521 1726; x_wconf 90' lang='lat' dir='ltr'><strong>duas</strong></span> <span class='ocrx_word' id='word_1_237' title='bbox 2545 1671 2708 1725; x_wconf 82' lang='lat' dir='ltr'><strong>facies</strong></span> <span class='ocrx_word' id='word_1_238' title='bbox 2740 1674 2898 1726; x_wconf 87' lang='lat' dir='ltr'><strong>simul</strong></span> <span class='ocrx_word' id='word_1_239' title='bbox 2936 1675 3104 1728; x_wconf 90' lang='lat' dir='ltr'><strong>visum</strong></span> <span class='ocrx_word' id='word_1_240' title='bbox 3131 1676 3406 1730; x_wconf 85' lang='lat' dir='ltr'><strong>intendere</strong></span> <span class='ocrx_word' id='word_1_241' title='bbox 3438 1692 3533 1729; x_wconf 89' lang='lat' dir='ltr'><strong>no-</strong></span> 
     </span>
    </p>
   </div>
   <div class='ocr_carea' id='block_1_33' title="bbox 326 1755 3532 1838">
    <p class='ocr_par' dir='ltr' id='par_1_33' title="bbox 326 1755 3532 1838">
     <span class='ocr_line' id='line_1_33' title="bbox 326 1755 3532 1838; baseline -0.002 -10"><span class='ocrx_word' id='word_1_242' title='bbox 326 1773 508 1828; x_wconf 87' lang='lat' dir='ltr'><strong>ritum.</strong></span> <span class='ocrx_word' id='word_1_243' title='bbox 539 1770 614 1825; x_wconf 88' lang='lat' dir='ltr'><strong>Ita</strong></span> <span class='ocrx_word' id='word_1_244' title='bbox 651 1755 1030 1838; x_wconf 58' lang='lat' dir='ltr'><strong>nonnunquam</strong></span> <span class='ocrx_word' id='word_1_245' title='bbox 1064 1768 1308 1821; x_wconf 88' lang='lat' dir='ltr'><strong>videmus</strong></span> <span class='ocrx_word' id='word_1_246' title='bbox 1334 1779 1619 1836; x_wconf 83' lang='lat' dir='ltr'><strong>pauperem</strong></span> <span class='ocrx_word' id='word_1_247' title='bbox 1649 1782 1662 1819; x_wconf 93' lang='lat'>:</span> <span class='ocrx_word' id='word_1_248' title='bbox 1698 1772 1753 1817; x_wconf 86' lang='lat' dir='ltr'><strong>et</strong></span> <span class='ocrx_word' id='word_1_249' title='bbox 1779 1763 1875 1816; x_wconf 89' lang='lat' dir='ltr'><strong>mi-</strong></span> <span class='ocrx_word' id='word_1_250' title='bbox 1909 1758 1950 1812; x_wconf 89' lang='grc' dir='ltr'><strong>Β</strong></span> <span class='ocrx_word' id='word_1_251' title='bbox 1975 1763 2190 1815; x_wconf 89' lang='lat' dir='ltr'><strong>strnm?</strong></span> <span class='ocrx_word' id='word_1_252' title='bbox 2219 1761 2322 1817; x_wconf 88' lang='lat' dir='ltr'><strong>Sed</strong></span> <span class='ocrx_word' id='word_1_253' title='bbox 2349 1779 2453 1818; x_wconf 91' lang='lat' dir='ltr'><strong>non</strong></span> <span class='ocrx_word' id='word_1_254' title='bbox 2476 1764 2697 1833; x_wconf 85' lang='lat' dir='ltr'><strong>suscipit</strong></span> <span class='ocrx_word' id='word_1_255' title='bbox 2717 1764 2921 1819; x_wconf 89' lang='lat' dir='ltr'><strong>oculus.</strong></span> <span class='ocrx_word' id='word_1_256' title='bbox 2953 1764 3069 1819; x_wconf 82' lang='lat' dir='ltr'><strong>Non</strong></span> <span class='ocrx_word' id='word_1_257' title='bbox 3107 1781 3383 1834; x_wconf 84' lang='lat' dir='ltr'><strong>possumus</strong></span> <span class='ocrx_word' id='word_1_258' title='bbox 3405 1783 3532 1836; x_wconf 88' lang='lat' dir='ltr'><strong>ergo</strong></span> 
     </span>
    </p>
   </div>
   <div class='ocr_carea' id='block_1_34' title="bbox 326 1856 1873 1930">
    <p class='ocr_par' dir='ltr' id='par_1_34' title="bbox 326 1856 1873 1930">
     <span class='ocr_line' id='line_1_34' title="bbox 326 1856 1873 1930; baseline -0.006 -12"><span class='ocrx_word' id='word_1_259' title='bbox 326 1862 613 1918; x_wconf 87' lang='lat' dir='ltr'><strong>sericordia</strong></span> <span class='ocrx_word' id='word_1_260' title='bbox 647 1861 857 1930; x_wconf 82' lang='lat' dir='ltr'><strong>quidem</strong></span> <span class='ocrx_word' id='word_1_261' title='bbox 903 1857 1093 1922; x_wconf 86' lang='lat' dir='ltr'><strong>ﬂectit,</strong></span> <span class='ocrx_word' id='word_1_262' title='bbox 1124 1856 1346 1911; x_wconf 88' lang='lat' dir='ltr'><strong>avaritia</strong></span> <span class='ocrx_word' id='word_1_263' title='bbox 1394 1866 1571 1910; x_wconf 88' lang='lat' dir='ltr'><strong>autem</strong></span> <span class='ocrx_word' id='word_1_264' title='bbox 1622 1864 1873 1919; x_wconf 84' lang='lat' dir='ltr'><strong>revocat;</strong></span> 
     </span>
    </p>
   </div>
   <div class='ocr_carea' id='block_1_35' title="bbox 326 1944 1872 2016">
    <p class='ocr_par' dir='ltr' id='par_1_35' title="bbox 326 1944 1872 2016">
     <span class='ocr_line' id='line_1_35' title="bbox 326 1944 1872 2016; baseline -0.003 -13"><span class='ocrx_word' id='word_1_265' title='bbox 326 1956 380 2003; x_wconf 88' lang='lat' dir='ltr'><strong>et</strong></span> <span class='ocrx_word' id='word_1_266' title='bbox 404 1949 646 2004; x_wconf 90' lang='lat' dir='ltr'><strong>volumus</strong></span> <span class='ocrx_word' id='word_1_267' title='bbox 661 1956 1009 2016; x_wconf 90' lang='lat' dir='ltr'><strong>agnoscentes</strong></span> <span class='ocrx_word' id='word_1_268' title='bbox 1033 1960 1153 1999; x_wconf 90' lang='lat' dir='ltr'><strong>cum</strong></span> <span class='ocrx_word' id='word_1_269' title='bbox 1177 1959 1341 2015; x_wconf 87' lang='lat' dir='ltr'><strong>gener</strong></span> <span class='ocrx_word' id='word_1_270' title='bbox 1358 1954 1439 1999; x_wconf 90' lang='lat' dir='ltr'><strong>est</strong></span> <span class='ocrx_word' id='word_1_271' title='bbox 1461 1945 1701 1999; x_wconf 89' lang='lat' dir='ltr'><strong>misereri</strong></span> <span class='ocrx_word' id='word_1_272' title='bbox 1728 1944 1836 2016; x_wconf 81' lang='lat'><strong>(90)</strong></span> <span class='ocrx_word' id='word_1_273' title='bbox 1856 1960 1872 2007; x_wconf 89' lang='lat'><strong>;</strong></span> 
     </span>
    </p>
   </div>
   <div class='ocr_carea' id='block_1_36' title="bbox 328 2036 1875 2108">
    <p class='ocr_par' dir='ltr' id='par_1_36' title="bbox 328 2036 1875 2108">
     <span class='ocr_line' id='line_1_36' title="bbox 328 2036 1875 2108; baseline -0.004 -14"><span class='ocrx_word' id='word_1_274' title='bbox 328 2040 381 2094; x_wconf 89' lang='lat' dir='ltr'><strong>id</strong></span> <span class='ocrx_word' id='word_1_275' title='bbox 411 2048 590 2093; x_wconf 87' lang='lat' dir='ltr'><strong>autem</strong></span> <span class='ocrx_word' id='word_1_276' title='bbox 627 2039 768 2108; x_wconf 89' lang='lat' dir='ltr'><strong>quod</strong></span> <span class='ocrx_word' id='word_1_277' title='bbox 814 2038 1044 2091; x_wconf 88' lang='lat' dir='ltr'><strong>alienum</strong></span> <span class='ocrx_word' id='word_1_278' title='bbox 1074 2048 1157 2091; x_wconf 88' lang='lat' dir='ltr'><strong>est</strong></span> <span class='ocrx_word' id='word_1_279' title='bbox 1190 2052 1293 2090; x_wconf 93' lang='lat' dir='ltr'><strong>non</strong></span> <span class='ocrx_word' id='word_1_280' title='bbox 1322 2037 1469 2090; x_wconf 90' lang='lat' dir='ltr'><strong>sinit.</strong></span> <span class='ocrx_word' id='word_1_281' title='bbox 1500 2036 1577 2089; x_wconf 89' lang='lat' dir='ltr'><strong>Ita</strong></span> <span class='ocrx_word' id='word_1_282' title='bbox 1601 2046 1875 2091; x_wconf 86' lang='lat' dir='ltr'><strong>certamen</strong></span> 
     </span>
    </p>
   </div>
   <div class='ocr_carea' id='block_1_37' title="bbox 325 2123 1879 2190">
    <p class='ocr_par' dir='ltr' id='par_1_37' title="bbox 325 2123 1879 2190">
     <span class='ocr_line' id='line_1_37' title="bbox 325 2123 1879 2190; baseline -0.006 -7"><span class='ocrx_word' id='word_1_283' title='bbox 325 2138 408 2183; x_wconf 88' lang='lat' dir='ltr'><strong>est</strong></span> <span class='ocrx_word' id='word_1_284' title='bbox 440 2128 724 2181; x_wconf 84' lang='lat' dir='ltr'><strong>maximum</strong></span> <span class='ocrx_word' id='word_1_285' title='bbox 750 2128 799 2179; x_wconf 92' lang='lat' dir='ltr'><strong>in</strong></span> <span class='ocrx_word' id='word_1_286' title='bbox 831 2126 1125 2180; x_wconf 91' lang='lat' dir='ltr'><strong>istiusmodi</strong></span> <span class='ocrx_word' id='word_1_287' title='bbox 1150 2124 1390 2190; x_wconf 89' lang='lat' dir='ltr'><strong>actibus;</strong></span> <span class='ocrx_word' id='word_1_288' title='bbox 1423 2124 1488 2177; x_wconf 93' lang='lat' dir='ltr'><strong>de</strong></span> <span class='ocrx_word' id='word_1_289' title='bbox 1519 2125 1626 2177; x_wconf 90' lang='lat' dir='ltr'><strong>Deo</strong></span> <span class='ocrx_word' id='word_1_290' title='bbox 1654 2123 1795 2177; x_wconf 91' lang='lat' dir='ltr'><strong>enim</strong></span> <span class='ocrx_word' id='word_1_291' title='bbox 1825 2131 1879 2176; x_wconf 89' lang='lat' dir='ltr'><strong>et</strong></span> 
     </span>
    </p>
   </div>
   <div class='ocr_carea' id='block_1_38' title="bbox 329 2209 1879 2281">
    <p class='ocr_par' dir='ltr' id='par_1_38' title="bbox 329 2209 1879 2281">
     <span class='ocr_line' id='line_1_38' title="bbox 329 2209 1879 2281; baseline -0.006 -8"><span class='ocrx_word' id='word_1_292' title='bbox 329 2219 394 2273; x_wconf 89' lang='lat' dir='ltr'><strong>de</strong></span> <span class='ocrx_word' id='word_1_293' title='bbox 425 2232 727 2275; x_wconf 90' lang='lat' dir='ltr'><strong>mammona</strong></span> <span class='ocrx_word' id='word_1_294' title='bbox 780 2225 1048 2271; x_wconf 87' lang='lat' dir='ltr'><strong>certamen</strong></span> <span class='ocrx_word' id='word_1_295' title='bbox 1085 2215 1331 2277; x_wconf 88' lang='lat' dir='ltr'><strong>habetur,</strong></span> <span class='ocrx_word' id='word_1_296' title='bbox 1364 2212 1487 2281; x_wconf 89' lang='lat' dir='ltr'><strong>quia</strong></span> <span class='ocrx_word' id='word_1_297' title='bbox 1527 2219 1581 2265; x_wconf 90' lang='lat' dir='ltr'><strong>et</strong></span> <span class='ocrx_word' id='word_1_298' title='bbox 1624 2209 1879 2265; x_wconf 87' lang='lat' dir='ltr'><strong>Dominus</strong></span> 
     </span>
    </p>
   </div>
   <div class='ocr_carea' id='block_1_39' title="bbox 330 2302 1877 2379">
    <p class='ocr_par' dir='ltr' id='par_1_39' title="bbox 330 2302 1877 2379">
     <span class='ocr_line' id='line_1_39' title="bbox 330 2302 1877 2379; baseline -0.005 -16"><span class='ocrx_word' id='word_1_299' title='bbox 330 2310 445 2379; x_wconf 88' lang='lat' dir='ltr'><strong>ipse</strong></span> <span class='ocrx_word' id='word_1_300' title='bbox 474 2309 604 2363; x_wconf 87' lang='lat' dir='ltr'><strong>dicit</strong></span> <span class='ocrx_word' id='word_1_301' title='bbox 633 2331 645 2364; x_wconf 89' lang='lat'><strong>:</strong></span> <span class='ocrx_word' id='word_1_302' title='bbox 689 2306 855 2361; x_wconf 86' lang='lat' dir='ltr'><strong>Nemo</strong></span> <span class='ocrx_word' id='word_1_303' title='bbox 888 2317 1047 2375; x_wconf 76' lang='lat' dir='ltr'><strong>potest</strong></span> <span class='ocrx_word' id='word_1_304' title='bbox 1093 2308 1289 2360; x_wconf 82' lang='lat' dir='ltr'><strong>duobus</strong></span> <span class='ocrx_word' id='word_1_305' title='bbox 1334 2305 1557 2357; x_wconf 81' lang='lat' dir='ltr'><strong>dominis</strong></span> <span class='ocrx_word' id='word_1_306' title='bbox 1588 2304 1776 2357; x_wconf 73' lang='lat' dir='ltr'><strong>servire</strong></span> <span class='ocrx_word' id='word_1_307' title='bbox 1799 2302 1877 2369; x_wconf 84' lang='grc'><strong>³⁸;</strong></span> 
     </span>
    </p>
   </div>
   <div class='ocr_carea' id='block_1_40' title="bbox 330 2395 1879 2471">
    <p class='ocr_par' dir='ltr' id='par_1_40' title="bbox 330 2395 1879 2471">
     <span class='ocr_line' id='line_1_40' title="bbox 330 2395 1879 2471; baseline -0.004 -16"><span class='ocrx_word' id='word_1_308' title='bbox 330 2408 386 2456; x_wconf 87' lang='lat' dir='ltr'><strong>et</strong></span> <span class='ocrx_word' id='word_1_309' title='bbox 415 2400 637 2471; x_wconf 85' lang='lat' dir='ltr'><strong>opponit</strong></span> <span class='ocrx_word' id='word_1_310' title='bbox 670 2414 1026 2453; x_wconf 89' lang='lat' dir='ltr'><strong>mammonam</strong></span> <span class='ocrx_word' id='word_1_311' title='bbox 1060 2398 1248 2450; x_wconf 67' lang='lat' dir='ltr'><strong>anima:</strong></span> <span class='ocrx_word' id='word_1_312' title='bbox 1277 2396 1329 2448; x_wconf 91' lang='lat' dir='ltr'><strong>in</strong></span> <span class='ocrx_word' id='word_1_313' title='bbox 1370 2395 1478 2449; x_wconf 92' lang='lat' dir='ltr'><strong>Deo</strong></span> <span class='ocrx_word' id='word_1_314' title='bbox 1506 2395 1741 2460; x_wconf 88' lang='lat' dir='ltr'><strong>viventi;</strong></span> <span class='ocrx_word' id='word_1_315' title='bbox 1774 2410 1879 2449; x_wconf 92' lang='lat' dir='ltr'><strong>non</strong></span> 
     </span>
    </p>
   </div>
   <div class='ocr_carea' id='block_1_41' title="bbox 330 2486 1879 2560">
    <p class='ocr_par' dir='ltr' id='par_1_41' title="bbox 330 2486 1879 2560">
     <span class='ocr_line' id='line_1_41' title="bbox 330 2486 1879 2560; baseline -0.001 -16"><span class='ocrx_word' id='word_1_316' title='bbox 330 2491 455 2560; x_wconf 87' lang='lat' dir='ltr'><strong>quia</strong></span> <span class='ocrx_word' id='word_1_317' title='bbox 484 2490 895 2544; x_wconf 88' lang='lat' dir='ltr'><strong>commutatione</strong></span> <span class='ocrx_word' id='word_1_318' title='bbox 925 2488 1119 2556; x_wconf 85' lang='lat' dir='ltr'><strong>aliqua,</strong></span> <span class='ocrx_word' id='word_1_319' title='bbox 1152 2487 1246 2541; x_wconf 89' lang='lat' dir='ltr'><strong>sed</strong></span> <span class='ocrx_word' id='word_1_320' title='bbox 1275 2487 1398 2554; x_wconf 84' lang='lat' dir='ltr'><strong>quia</strong></span> <span class='ocrx_word' id='word_1_321' title='bbox 1422 2486 1645 2540; x_wconf 83' lang='lat' dir='ltr'><strong>ellicitur</strong></span> <span class='ocrx_word' id='word_1_322' title='bbox 1665 2488 1716 2540; x_wconf 92' lang='lat' dir='ltr'><strong>id</strong></span> <span class='ocrx_word' id='word_1_323' title='bbox 1740 2488 1879 2557; x_wconf 84' lang='lat' dir='ltr'><strong>quod</strong></span> 
     </span>
    </p>
   </div>
   <div class='ocr_carea' id='block_1_42' title="bbox 330 2578 1879 2651">
    <p class='ocr_par' dir='ltr' id='par_1_42' title="bbox 330 2578 1879 2651">
     <span class='ocr_line' id='line_1_42' title="bbox 330 2578 1879 2651; baseline -0.002 -15"><span class='ocrx_word' id='word_1_324' title='bbox 330 2581 446 2636; x_wconf 78' lang='lat' dir='ltr'><strong>ﬁeri</strong></span> <span class='ocrx_word' id='word_1_325' title='bbox 475 2596 580 2635; x_wconf 87' lang='lat' dir='ltr'><strong>non</strong></span> <span class='ocrx_word' id='word_1_326' title='bbox 607 2580 841 2635; x_wconf 89' lang='lat' dir='ltr'><strong>deberet.</strong></span> <span class='ocrx_word' id='word_1_327' title='bbox 873 2580 1010 2651; x_wconf 84' lang='lat' dir='ltr'><strong>Ergo</strong></span> <span class='ocrx_word' id='word_1_328' title='bbox 1040 2588 1301 2648; x_wconf 85' lang='lat' dir='ltr'><strong>martyres</strong></span> <span class='ocrx_word' id='word_1_329' title='bbox 1343 2578 1636 2632; x_wconf 88' lang='lat' dir='ltr'><strong>elliciamur</strong></span> <span class='ocrx_word' id='word_1_330' title='bbox 1674 2578 1787 2643; x_wconf 90' lang='lat' dir='ltr'><strong>Dei,</strong></span> <span class='ocrx_word' id='word_1_331' title='bbox 1827 2586 1879 2633; x_wconf 89' lang='lat' dir='ltr'><strong>et</strong></span> 
     </span>
    </p>
   </div>
   <div class='ocr_carea' id='block_1_43' title="bbox 334 2668 1880 2739">
    <p class='ocr_par' dir='ltr' id='par_1_43' title="bbox 334 2668 1880 2739">
     <span class='ocr_line' id='line_1_43' title="bbox 334 2668 1880 2739; baseline -0.001 -16"><span class='ocrx_word' id='word_1_332' title='bbox 334 2686 438 2724; x_wconf 91' lang='lat' dir='ltr'><strong>non</strong></span> <span class='ocrx_word' id='word_1_333' title='bbox 468 2685 652 2739; x_wconf 88' lang='lat' dir='ltr'><strong>parum</strong></span> <span class='ocrx_word' id='word_1_334' title='bbox 683 2683 926 2736; x_wconf 86' lang='lat' dir='ltr'><strong>putemus</strong></span> <span class='ocrx_word' id='word_1_335' title='bbox 948 2672 1085 2739; x_wconf 90' lang='lat' dir='ltr'><strong>quod</strong></span> <span class='ocrx_word' id='word_1_336' title='bbox 1110 2671 1185 2722; x_wconf 84' lang='lat' dir='ltr'><strong>ait</strong></span> <span class='ocrx_word' id='word_1_337' title='bbox 1214 2687 1227 2722; x_wconf 91' lang='lat'>:</span> <span class='ocrx_word' id='word_1_338' title='bbox 1252 2668 1547 2736; x_wconf 80' lang='lat' dir='ltr'><strong>Confitebor</strong></span> <span class='ocrx_word' id='word_1_339' title='bbox 1571 2677 1619 2721; x_wconf 84' lang='lat' dir='ltr'><strong>et</strong></span> <span class='ocrx_word' id='word_1_340' title='bbox 1644 2684 1733 2737; x_wconf 85' lang='lat' dir='ltr'><strong>ego</strong></span> <span class='ocrx_word' id='word_1_341' title='bbox 1763 2684 1880 2722; x_wconf 87' lang='lat' dir='ltr'><strong>eum</strong></span> 
     </span>
    </p>
   </div>
   <div class='ocr_carea' id='block_1_44' title="bbox 334 2759 1882 2829">
    <p class='ocr_par' dir='ltr' id='par_1_44' title="bbox 334 2759 1882 2829">
     <span class='ocr_line' id='line_1_44' title="bbox 334 2759 1882 2829; baseline 0.001 -17"><span class='ocrx_word' id='word_1_342' title='bbox 334 2775 509 2813; x_wconf 85' lang='lat' dir='ltr'><strong>coram</strong></span> <span class='ocrx_word' id='word_1_343' title='bbox 541 2759 695 2813; x_wconf 87' lang='lat' dir='ltr'><strong>Patre</strong></span> <span class='ocrx_word' id='word_1_344' title='bbox 724 2776 833 2812; x_wconf 90' lang='lat' dir='ltr'><strong>meo</strong></span> <span class='ocrx_word' id='word_1_345' title='bbox 862 2763 949 2829; x_wconf 83' lang='lat' dir='ltr'><strong>qui</strong></span> <span class='ocrx_word' id='word_1_346' title='bbox 986 2774 1059 2813; x_wconf 80' lang='lat' dir='ltr'><strong>est</strong></span> <span class='ocrx_word' id='word_1_347' title='bbox 1088 2760 1138 2813; x_wconf 86' lang='lat' dir='ltr'><strong>in</strong></span> <span class='ocrx_word' id='word_1_348' title='bbox 1170 2760 1308 2813; x_wconf 67' lang='lat' dir='ltr'><strong>aclis</strong></span> <span class='ocrx_word' id='word_1_349' title='bbox 1332 2760 1396 2813; x_wconf 81' lang='lat'><strong>”.</strong></span> <span class='ocrx_word' id='word_1_350' title='bbox 1450 2759 1552 2813; x_wconf 90' lang='lat' dir='ltr'><strong>Ista</strong></span> <span class='ocrx_word' id='word_1_351' title='bbox 1590 2760 1731 2813; x_wconf 91' lang='lat' dir='ltr'><strong>enim</strong></span> <span class='ocrx_word' id='word_1_352' title='bbox 1765 2774 1882 2826; x_wconf 64' lang='lat' dir='ltr'><strong>quae</strong></span> 
     </span>
    </p>
   </div>
   <div class='ocr_carea' id='block_1_45' title="bbox 338 2851 1879 2921">
    <p class='ocr_par' dir='ltr' id='par_1_45' title="bbox 338 2851 1879 2921">
     <span class='ocr_line' id='line_1_45' title="bbox 338 2851 1879 2921; baseline -0.001 -16"><span class='ocrx_word' id='word_1_353' title='bbox 338 2851 423 2906; x_wconf 92' lang='lat' dir='ltr'><strong>hic</strong></span> <span class='ocrx_word' id='word_1_354' title='bbox 462 2863 603 2916; x_wconf 90' lang='lat' dir='ltr'><strong>sunt,</strong></span> <span class='ocrx_word' id='word_1_355' title='bbox 630 2854 904 2906; x_wconf 87' lang='lat' dir='ltr'><strong>nobiscum</strong></span> <span class='ocrx_word' id='word_1_356' title='bbox 952 2868 1054 2907; x_wconf 91' lang='lat' dir='ltr'><strong>non</strong></span> <span class='ocrx_word' id='word_1_357' title='bbox 1080 2863 1332 2921; x_wconf 86' lang='lat' dir='ltr'><strong>pergent;</strong></span> <span class='ocrx_word' id='word_1_358' title='bbox 1374 2853 1421 2907; x_wconf 94' lang='lat' dir='ltr'><strong>si</strong></span> <span class='ocrx_word' id='word_1_359' title='bbox 1452 2863 1628 2906; x_wconf 87' lang='lat' dir='ltr'><strong>autem</strong></span> <span class='ocrx_word' id='word_1_360' title='bbox 1661 2853 1879 2918; x_wconf 88' lang='lat' dir='ltr'><strong>vadunt,</strong></span> 
     </span>
    </p>
   </div>
   <div class='ocr_carea' id='block_1_46' title="bbox 335 2944 1881 3014">
    <p class='ocr_par' dir='ltr' id='par_1_46' title="bbox 335 2944 1881 3014">
     <span class='ocr_line' id='line_1_46' title="bbox 335 2944 1881 3014; baseline 0.001 -18"><span class='ocrx_word' id='word_1_361' title='bbox 335 2944 683 2998; x_wconf 72' lang='lat' dir='ltr'><strong>convincatur</strong></span> <span class='ocrx_word' id='word_1_362' title='bbox 710 2959 921 3010; x_wconf 88' lang='lat' dir='ltr'><strong>sermo;</strong></span> <span class='ocrx_word' id='word_1_363' title='bbox 965 2961 1147 2999; x_wconf 89' lang='lat' dir='ltr'><strong>verum</strong></span> <span class='ocrx_word' id='word_1_364' title='bbox 1180 2946 1337 2999; x_wconf 88' lang='lat' dir='ltr'><strong>isthic</strong></span> <span class='ocrx_word' id='word_1_365' title='bbox 1369 2953 1613 3012; x_wconf 89' lang='lat' dir='ltr'><strong>manent;</strong></span> <span class='ocrx_word' id='word_1_366' title='bbox 1645 2960 1761 3014; x_wconf 63' lang='lat' dir='ltr'><strong>qua:</strong></span> <span class='ocrx_word' id='word_1_367' title='bbox 1785 2959 1881 2997; x_wconf 90' lang='lat' dir='ltr'><strong>au-</strong></span> 
     </span>
    </p>
   </div>
   <div class='ocr_carea' id='block_1_47' title="bbox 337 3036 1882 3105">
    <p class='ocr_par' dir='ltr' id='par_1_47' title="bbox 337 3036 1882 3105">
     <span class='ocr_line' id='line_1_47' title="bbox 337 3036 1882 3105; baseline 0.001 -16"><span class='ocrx_word' id='word_1_368' title='bbox 337 3045 443 3090; x_wconf 89' lang='lat' dir='ltr'><strong>tem</strong></span> <span class='ocrx_word' id='word_1_369' title='bbox 490 3051 555 3089; x_wconf 79' lang='lat' dir='ltr'><strong>ex</strong></span> <span class='ocrx_word' id='word_1_370' title='bbox 602 3036 728 3104; x_wconf 88' lang='lat' dir='ltr'><strong>ipsis</strong></span> <span class='ocrx_word' id='word_1_371' title='bbox 777 3046 901 3090; x_wconf 90' lang='lat' dir='ltr'><strong>sunt</strong></span> <span class='ocrx_word' id='word_1_372' title='bbox 942 3048 1184 3105; x_wconf 86' lang='lat' dir='ltr'><strong>peccata,</strong></span> <span class='ocrx_word' id='word_1_373' title='bbox 1234 3037 1506 3091; x_wconf 86' lang='lat' dir='ltr'><strong>nobiscum</strong></span> <span class='ocrx_word' id='word_1_374' title='bbox 1532 3047 1584 3091; x_wconf 89' lang='lat' dir='ltr'><strong>et</strong></span> <span class='ocrx_word' id='word_1_375' title='bbox 1636 3047 1760 3090; x_wconf 92' lang='lat' dir='ltr'><strong>ante</strong></span> <span class='ocrx_word' id='word_1_376' title='bbox 1786 3051 1882 3090; x_wconf 88' lang='lat' dir='ltr'><strong>nos</strong></span> 
     </span>
    </p>
   </div>
   <div class='ocr_carea' id='block_1_48' title="bbox 336 3126 1880 3197">
    <p class='ocr_par' dir='ltr' id='par_1_48' title="bbox 336 3126 1880 3197">
     <span class='ocr_line' id='line_1_48' title="bbox 336 3126 1880 3197; baseline -0.001 -15"><span class='ocrx_word' id='word_1_377' title='bbox 336 3137 581 3197; x_wconf 90' lang='lat' dir='ltr'><strong>pergunt.</strong></span> <span class='ocrx_word' id='word_1_378' title='bbox 624 3128 759 3194; x_wconf 83' lang='lat' dir='ltr'><strong>Quid</strong></span> <span class='ocrx_word' id='word_1_379' title='bbox 791 3129 856 3181; x_wconf 89' lang='lat' dir='ltr'><strong>ad</strong></span> <span class='ocrx_word' id='word_1_380' title='bbox 890 3129 1081 3181; x_wconf 88' lang='lat' dir='ltr'><strong>datnna</strong></span> <span class='ocrx_word' id='word_1_381' title='bbox 1121 3129 1510 3197; x_wconf 84' lang='lat' dir='ltr'><strong>pr0peramus?</strong></span> <span class='ocrx_word' id='word_1_382' title='bbox 1543 3127 1796 3182; x_wconf 84' lang='lat' dir='ltr'><strong>Venimus</strong></span> <span class='ocrx_word' id='word_1_383' title='bbox 1827 3126 1880 3181; x_wconf 93' lang='lat' dir='ltr'><strong>in</strong></span> 
     </span>
    </p>
   </div>
   <div class='ocr_carea' id='block_1_49' title="bbox 336 3219 1883 3285">
    <p class='ocr_par' dir='ltr' id='par_1_49' title="bbox 336 3219 1883 3285">
     <span class='ocr_line' id='line_1_49' title="bbox 336 3219 1883 3285; baseline -0.001 -12"><span class='ocrx_word' id='word_1_384' title='bbox 336 3222 475 3273; x_wconf 89' lang='lat' dir='ltr'><strong>hanc</strong></span> <span class='ocrx_word' id='word_1_385' title='bbox 505 3220 699 3285; x_wconf 84' lang='lat' dir='ltr'><strong>vitam;</strong></span> <span class='ocrx_word' id='word_1_386' title='bbox 756 3229 959 3274; x_wconf 86' lang='lat' dir='ltr'><strong>utamur</strong></span> <span class='ocrx_word' id='word_1_387' title='bbox 1020 3220 1235 3273; x_wconf 89' lang='lat' dir='ltr'><strong>lumine.</strong></span> <span class='ocrx_word' id='word_1_388' title='bbox 1271 3220 1406 3285; x_wconf 89' lang='lat' dir='ltr'><strong>Quid</strong></span> <span class='ocrx_word' id='word_1_389' title='bbox 1466 3230 1639 3273; x_wconf 86' lang='lat' dir='ltr'><strong>autem</strong></span> <span class='ocrx_word' id='word_1_390' title='bbox 1684 3219 1883 3285; x_wconf 70' lang='lat' dir='ltr'><strong>praebet</strong></span> 
     </span>
    </p>
   </div>
   <div class='ocr_carea' id='block_1_50' title="bbox 337 3310 1884 3380">
    <p class='ocr_par' dir='ltr' id='par_1_50' title="bbox 337 3310 1884 3380">
     <span class='ocr_line' id='line_1_50' title="bbox 337 3310 1884 3380; baseline -0.001 -17"><span class='ocrx_word' id='word_1_391' title='bbox 337 3310 511 3364; x_wconf 91' lang='lat' dir='ltr'><strong>lumen</strong></span> <span class='ocrx_word' id='word_1_392' title='bbox 546 3312 627 3366; x_wconf 90' lang='lat' dir='ltr'><strong>his</strong></span> <span class='ocrx_word' id='word_1_393' title='bbox 665 3312 754 3380; x_wconf 91' lang='lat' dir='ltr'><strong>qui</strong></span> <span class='ocrx_word' id='word_1_394' title='bbox 792 3312 988 3365; x_wconf 91' lang='lat' dir='ltr'><strong>habent</strong></span> <span class='ocrx_word' id='word_1_395' title='bbox 1015 3310 1240 3365; x_wconf 88' lang='lat' dir='ltr'><strong>oculos?</strong></span> <span class='ocrx_word' id='word_1_396' title='bbox 1291 3310 1669 3364; x_wconf 88' lang='lat' dir='ltr'><strong>Discretionem</strong></span> <span class='ocrx_word' id='word_1_397' title='bbox 1704 3310 1884 3377; x_wconf 88' lang='lat' dir='ltr'><strong>utique</strong></span> 
     </span>
    </p>
   </div>
   <div class='ocr_carea' id='block_1_51' title="bbox 338 3402 1885 3472">
    <p class='ocr_par' dir='ltr' id='par_1_51' title="bbox 338 3402 1885 3472">
     <span class='ocr_line' id='line_1_51' title="bbox 338 3402 1885 3472; baseline 0.001 -18"><span class='ocrx_word' id='word_1_398' title='bbox 338 3402 688 3471; x_wconf 86' lang='lat' dir='ltr'><strong>negotiorum.</strong></span> <span class='ocrx_word' id='word_1_399' title='bbox 730 3402 783 3456; x_wconf 92' lang='lat' dir='ltr'><strong>Si</strong></span> <span class='ocrx_word' id='word_1_400' title='bbox 812 3403 939 3472; x_wconf 89' lang='lat' dir='ltr'><strong>quid</strong></span> <span class='ocrx_word' id='word_1_401' title='bbox 985 3402 1144 3472; x_wconf 79' lang='lat' dir='ltr'><strong>igitur</strong></span> <span class='ocrx_word' id='word_1_402' title='bbox 1190 3403 1467 3455; x_wconf 89' lang='lat' dir='ltr'><strong>honestum</strong></span> <span class='ocrx_word' id='word_1_403' title='bbox 1507 3411 1609 3466; x_wconf 91' lang='lat' dir='ltr'><strong>est,</strong></span> <span class='ocrx_word' id='word_1_404' title='bbox 1655 3417 1771 3454; x_wconf 92' lang='lat' dir='ltr'><strong>cum</strong></span> <span class='ocrx_word' id='word_1_405' title='bbox 1806 3402 1885 3456; x_wconf 88' lang='lat' dir='ltr'><strong>fe-</strong></span> 
     </span>
    </p>
   </div>
   <div class='ocr_carea' id='block_1_52' title="bbox 335 3492 1881 3561">
    <p class='ocr_par' dir='ltr' id='par_1_52' title="bbox 335 3492 1881 3561">
     <span class='ocr_line' id='line_1_52' title="bbox 335 3492 1881 3561; baseline -0.001 -15"><span class='ocrx_word' id='word_1_406' title='bbox 335 3492 622 3547; x_wconf 77' lang='lat' dir='ltr'><strong>stinatione</strong></span> <span class='ocrx_word' id='word_1_407' title='bbox 671 3501 917 3561; x_wconf 85' lang='lat' dir='ltr'><strong>petatur;</strong></span> <span class='ocrx_word' id='word_1_408' title='bbox 966 3508 1069 3547; x_wconf 91' lang='lat' dir='ltr'><strong>non</strong></span> <span class='ocrx_word' id='word_1_409' title='bbox 1105 3492 1246 3547; x_wconf 91' lang='lat' dir='ltr'><strong>enim</strong></span> <span class='ocrx_word' id='word_1_410' title='bbox 1295 3502 1354 3545; x_wconf 95' lang='lat' dir='ltr'><strong>ut</strong></span> <span class='ocrx_word' id='word_1_411' title='bbox 1398 3492 1724 3559; x_wconf 88' lang='lat' dir='ltr'><strong>decipiamus</strong></span> <span class='ocrx_word' id='word_1_412' title='bbox 1766 3506 1881 3556; x_wconf 90' lang='lat' dir='ltr'><strong>vos,</strong></span> 
     </span>
    </p>
   </div>
   <div class='ocr_carea' id='block_1_53' title="bbox 336 3581 1884 3655">
    <p class='ocr_par' dir='ltr' id='par_1_53' title="bbox 336 3581 1884 3655">
     <span class='ocr_line' id='line_1_53' title="bbox 336 3581 1884 3655; baseline -0.001 -19"><span class='ocrx_word' id='word_1_413' title='bbox 336 3584 709 3653; x_wconf 70' lang='lat' dir='ltr'><strong>pmsidemus;</strong></span> <span class='ocrx_word' id='word_1_414' title='bbox 760 3600 864 3639; x_wconf 91' lang='lat' dir='ltr'><strong>non</strong></span> <span class='ocrx_word' id='word_1_415' title='bbox 895 3590 950 3639; x_wconf 59' lang='lat' dir='ltr'><strong>ut</strong></span> <span class='ocrx_word' id='word_1_416' title='bbox 985 3599 1244 3655; x_wconf 86' lang='lat' dir='ltr'><strong>pauperes</strong></span> <span class='ocrx_word' id='word_1_417' title='bbox 1279 3598 1369 3637; x_wconf 92' lang='lat' dir='ltr'><strong>vos</strong></span> <span class='ocrx_word' id='word_1_418' title='bbox 1397 3581 1673 3646; x_wconf 87' lang='lat' dir='ltr'><strong>faciamus,</strong></span> <span class='ocrx_word' id='word_1_419' title='bbox 1699 3595 1884 3634; x_wconf 85' lang='lat' dir='ltr'><strong>mone-</strong></span> 
     </span>
    </p>
   </div>
   <div class='ocr_carea' id='block_1_54' title="bbox 337 3668 1885 3743">
    <p class='ocr_par' dir='ltr' id='par_1_54' title="bbox 337 3668 1885 3743">
     <span class='ocr_line' id='line_1_54' title="bbox 337 3668 1885 3743; baseline -0.001 -18"><span class='ocrx_word' id='word_1_420' title='bbox 337 3686 476 3736; x_wconf 87' lang='lat' dir='ltr'><strong>mus,</strong></span> <span class='ocrx_word' id='word_1_421' title='bbox 510 3673 602 3727; x_wconf 90' lang='lat' dir='ltr'><strong>sed</strong></span> <span class='ocrx_word' id='word_1_422' title='bbox 632 3674 818 3729; x_wconf 86' lang='lat' dir='ltr'><strong>divites</strong></span> <span class='ocrx_word' id='word_1_423' title='bbox 853 3674 1029 3743; x_wconf 89' lang='lat' dir='ltr'><strong>potius</strong></span> <span class='ocrx_word' id='word_1_424' title='bbox 1078 3674 1129 3727; x_wconf 91' lang='lat' dir='ltr'><strong>in</strong></span> <span class='ocrx_word' id='word_1_425' title='bbox 1158 3687 1321 3741; x_wconf 86' lang='lat' dir='ltr'><strong>regno</strong></span> <span class='ocrx_word' id='word_1_426' title='bbox 1368 3671 1640 3725; x_wconf 62' lang='lat' dir='ltr'><strong>caelorum.</strong></span> <span class='ocrx_word' id='word_1_427' title='bbox 1675 3668 1788 3723; x_wconf 84' lang='lat' dir='ltr'><strong>Non</strong></span> <span class='ocrx_word' id='word_1_428' title='bbox 1827 3677 1885 3723; x_wconf 89' lang='lat' dir='ltr'><strong>ut</strong></span> 
     </span>
    </p>
   </div>
   <div class='ocr_carea' id='block_1_55' title="bbox 338 3761 1886 3832">
    <p class='ocr_par' dir='ltr' id='par_1_55' title="bbox 338 3761 1886 3832">
     <span class='ocr_line' id='line_1_55' title="bbox 338 3761 1886 3832; baseline -0.001 -15"><span class='ocrx_word' id='word_1_429' title='bbox 338 3763 649 3831; x_wconf 84' lang='lat' dir='ltr'><strong>dejiciamus</strong></span> <span class='ocrx_word' id='word_1_430' title='bbox 673 3780 866 3832; x_wconf 92' lang='lat' dir='ltr'><strong>corpus</strong></span> <span class='ocrx_word' id='word_1_431' title='bbox 889 3774 1122 3819; x_wconf 87' lang='lat' dir='ltr'><strong>vestrum</strong></span> <span class='ocrx_word' id='word_1_432' title='bbox 1146 3764 1383 3832; x_wconf 83' lang='lat' dir='ltr'><strong>jejuniis,</strong></span> <span class='ocrx_word' id='word_1_433' title='bbox 1408 3764 1500 3816; x_wconf 88' lang='lat' dir='ltr'><strong>sed</strong></span> <span class='ocrx_word' id='word_1_434' title='bbox 1528 3771 1587 3815; x_wconf 91' lang='lat' dir='ltr'><strong>ut</strong></span> <span class='ocrx_word' id='word_1_435' title='bbox 1604 3761 1886 3815; x_wconf 89' lang='lat' dir='ltr'><strong>induamus</strong></span> 
     </span>
    </p>
   </div>
   <div class='ocr_carea' id='block_1_56' title="bbox 339 3851 1884 3920">
    <p class='ocr_par' dir='ltr' id='par_1_56' title="bbox 339 3851 1884 3920">
     <span class='ocr_line' id='line_1_56' title="bbox 339 3851 1884 3920; baseline -0.001 -14"><span class='ocrx_word' id='word_1_436' title='bbox 339 3868 435 3909; x_wconf 91' lang='lat' dir='ltr'><strong>vos</strong></span> <span class='ocrx_word' id='word_1_437' title='bbox 465 3853 900 3920; x_wconf 88' lang='lat' dir='ltr'><strong>immortalitate;</strong></span> <span class='ocrx_word' id='word_1_438' title='bbox 937 3868 1041 3907; x_wconf 93' lang='lat' dir='ltr'><strong>non</strong></span> <span class='ocrx_word' id='word_1_439' title='bbox 1075 3862 1133 3905; x_wconf 92' lang='lat' dir='ltr'><strong>ut</strong></span> <span class='ocrx_word' id='word_1_440' title='bbox 1164 3852 1472 3905; x_wconf 86' lang='lat' dir='ltr'><strong>occidamus</strong></span> <span class='ocrx_word' id='word_1_441' title='bbox 1514 3851 1568 3903; x_wconf 90' lang='lat' dir='ltr'><strong>in</strong></span> <span class='ocrx_word' id='word_1_442' title='bbox 1602 3852 1884 3920; x_wconf 85' lang='lat' dir='ltr'><strong>martyrio,</strong></span> 
     </span>
    </p>
   </div>
   <div class='ocr_carea' id='block_1_57' title="bbox 338 3944 1886 4014">
    <p class='ocr_par' dir='ltr' id='par_1_57' title="bbox 338 3944 1886 4014">
     <span class='ocr_line' id='line_1_57' title="bbox 338 3944 1886 4014; baseline -0.003 -14"><span class='ocrx_word' id='word_1_443' title='bbox 338 3948 435 4001; x_wconf 83' lang='lat' dir='ltr'><strong>sed</strong></span> <span class='ocrx_word' id='word_1_444' title='bbox 484 3955 542 4000; x_wconf 87' lang='lat' dir='ltr'><strong>ut</strong></span> <span class='ocrx_word' id='word_1_445' title='bbox 590 3960 693 3998; x_wconf 92' lang='lat' dir='ltr'><strong>non</strong></span> <span class='ocrx_word' id='word_1_446' title='bbox 737 3945 872 3999; x_wconf 88' lang='lat' dir='ltr'><strong>eatis</strong></span> <span class='ocrx_word' id='word_1_447' title='bbox 909 3946 961 3998; x_wconf 91' lang='lat' dir='ltr'><strong>in</strong></span> <span class='ocrx_word' id='word_1_448' title='bbox 997 3947 1290 4014; x_wconf 88' lang='lat' dir='ltr'><strong>gehennam</strong></span> <span class='ocrx_word' id='word_1_449' title='bbox 1339 3956 1561 4012; x_wconf 89' lang='lat' dir='ltr'><strong>corpore</strong></span> <span class='ocrx_word' id='word_1_450' title='bbox 1589 3950 1644 3995; x_wconf 90' lang='lat' dir='ltr'><strong>et</strong></span> <span class='ocrx_word' id='word_1_451' title='bbox 1687 3944 1886 3995; x_wconf 87' lang='lat' dir='ltr'><strong>anima.</strong></span> 
     </span>
    </p>
   </div>
   <div class='ocr_carea' id='block_1_58' title="bbox 341 4031 1890 4104">
    <p class='ocr_par' dir='ltr' id='par_1_58' title="bbox 341 4031 1890 4104">
     <span class='ocr_line' id='line_1_58' title="bbox 341 4031 1890 4104; baseline -0.002 -15"><span class='ocrx_word' id='word_1_452' title='bbox 341 4034 456 4089; x_wconf 86' lang='lat' dir='ltr'><strong>Non</strong></span> <span class='ocrx_word' id='word_1_453' title='bbox 480 4051 664 4089; x_wconf 87' lang='lat' dir='ltr'><strong>sumus</strong></span> <span class='ocrx_word' id='word_1_454' title='bbox 698 4035 860 4104; x_wconf 88' lang='lat' dir='ltr'><strong>igitur</strong></span> <span class='ocrx_word' id='word_1_455' title='bbox 887 4034 1086 4089; x_wconf 92' lang='lat' dir='ltr'><strong>inimici</strong></span> <span class='ocrx_word' id='word_1_456' title='bbox 1121 4034 1317 4099; x_wconf 90' lang='lat' dir='ltr'><strong>vestri;</strong></span> <span class='ocrx_word' id='word_1_457' title='bbox 1349 4048 1451 4087; x_wconf 91' lang='lat' dir='ltr'><strong>non</strong></span> <span class='ocrx_word' id='word_1_458' title='bbox 1479 4034 1619 4087; x_wconf 89' lang='lat' dir='ltr'><strong>enim</strong></span> <span class='ocrx_word' id='word_1_459' title='bbox 1650 4041 1709 4086; x_wconf 93' lang='lat' dir='ltr'><strong>ut</strong></span> <span class='ocrx_word' id='word_1_460' title='bbox 1742 4031 1890 4086; x_wconf 87' lang='lat' dir='ltr'><strong>frau-</strong></span> 
     </span>
    </p>
   </div>
   <div class='ocr_carea' id='block_1_59' title="bbox 342 4124 1889 4196">
    <p class='ocr_par' dir='ltr' id='par_1_59' title="bbox 342 4124 1889 4196">
     <span class='ocr_line' id='line_1_59' title="bbox 342 4124 1889 4196; baseline -0.001 -16"><span class='ocrx_word' id='word_1_461' title='bbox 342 4127 533 4181; x_wconf 91' lang='lat' dir='ltr'><strong>demus</strong></span> <span class='ocrx_word' id='word_1_462' title='bbox 561 4141 655 4180; x_wconf 92' lang='lat' dir='ltr'><strong>vos</strong></span> <span class='ocrx_word' id='word_1_463' title='bbox 681 4127 919 4196; x_wconf 90' lang='lat' dir='ltr'><strong>patribus</strong></span> <span class='ocrx_word' id='word_1_464' title='bbox 951 4136 1006 4180; x_wconf 92' lang='lat' dir='ltr'><strong>et</strong></span> <span class='ocrx_word' id='word_1_465' title='bbox 1034 4124 1219 4178; x_wconf 89' lang='lat' dir='ltr'><strong>amicis</strong></span> <span class='ocrx_word' id='word_1_466' title='bbox 1255 4127 1367 4179; x_wconf 62' lang='lat' dir='ltr'><strong>hare</strong></span> <span class='ocrx_word' id='word_1_467' title='bbox 1397 4124 1681 4193; x_wconf 89' lang='lat' dir='ltr'><strong>loquimur,</strong></span> <span class='ocrx_word' id='word_1_468' title='bbox 1713 4125 1807 4179; x_wconf 89' lang='lat' dir='ltr'><strong>sed</strong></span> <span class='ocrx_word' id='word_1_469' title='bbox 1833 4133 1889 4179; x_wconf 88' lang='lat' dir='ltr'><strong>ut</strong></span> 
     </span>
    </p>
   </div>
   <div class='ocr_carea' id='block_1_60' title="bbox 342 4216 1888 4280">
    <p class='ocr_par' dir='ltr' id='par_1_60' title="bbox 342 4216 1888 4280">
     <span class='ocr_line' id='line_1_60' title="bbox 342 4216 1888 4280; baseline -0.002 -8"><span class='ocrx_word' id='word_1_470' title='bbox 342 4233 449 4273; x_wconf 90' lang='lat' dir='ltr'><strong>non</strong></span> <span class='ocrx_word' id='word_1_471' title='bbox 478 4218 778 4273; x_wconf 80' lang='lat' dir='ltr'><strong>excidatisa</strong></span> <span class='ocrx_word' id='word_1_472' title='bbox 808 4218 913 4272; x_wconf 90' lang='lat' dir='ltr'><strong>Deo</strong></span> <span class='ocrx_word' id='word_1_473' title='bbox 935 4216 1111 4280; x_wconf 83' lang='lat' dir='ltr'><strong>Patre.</strong></span> <span class='ocrx_word' id='word_1_474' title='bbox 1142 4216 1421 4271; x_wconf 90' lang='lat' dir='ltr'><strong>lucremini</strong></span> <span class='ocrx_word' id='word_1_475' title='bbox 1454 4224 1631 4269; x_wconf 89' lang='lat' dir='ltr'><strong>autem</strong></span> <span class='ocrx_word' id='word_1_476' title='bbox 1658 4224 1888 4270; x_wconf 88' lang='lat' dir='ltr'><strong>vosmet-</strong></span> 
     </span>
    </p>
   </div>
   <div class='ocr_carea' id='block_1_61' title="bbox 346 4308 1886 4379">
    <p class='ocr_par' dir='ltr' id='par_1_61' title="bbox 346 4308 1886 4379">
     <span class='ocr_line' id='line_1_61' title="bbox 346 4308 1886 4379; baseline -0.002 -15"><span class='ocrx_word' id='word_1_477' title='bbox 346 4310 489 4379; x_wconf 87' lang='lat' dir='ltr'><strong>ipsos</strong></span> <span class='ocrx_word' id='word_1_478' title='bbox 515 4328 528 4364; x_wconf 92' lang='lat'><strong>:</strong></span> <span class='ocrx_word' id='word_1_479' title='bbox 562 4311 663 4365; x_wconf 88' lang='lat' dir='ltr'><strong>hoc</strong></span> <span class='ocrx_word' id='word_1_480' title='bbox 701 4310 842 4365; x_wconf 90' lang='lat' dir='ltr'><strong>enim</strong></span> <span class='ocrx_word' id='word_1_481' title='bbox 866 4312 1033 4365; x_wconf 91' lang='lat' dir='ltr'><strong>solum</strong></span> <span class='ocrx_word' id='word_1_482' title='bbox 1068 4319 1149 4364; x_wconf 91' lang='lat' dir='ltr'><strong>est</strong></span> <span class='ocrx_word' id='word_1_483' title='bbox 1179 4309 1407 4374; x_wconf 90' lang='lat' dir='ltr'><strong>lucrum,</strong></span> <span class='ocrx_word' id='word_1_484' title='bbox 1433 4308 1535 4363; x_wconf 90' lang='lat' dir='ltr'><strong>alia</strong></span> <span class='ocrx_word' id='word_1_485' title='bbox 1562 4318 1738 4364; x_wconf 92' lang='lat' dir='ltr'><strong>antem</strong></span> <span class='ocrx_word' id='word_1_486' title='bbox 1769 4324 1886 4363; x_wconf 92' lang='lat' dir='ltr'><strong>om-</strong></span> 
     </span>
    </p>
   </div>
   <div class='ocr_carea' id='block_1_62' title="bbox 1979 1851 3530 1913">
    <p class='ocr_par' dir='ltr' id='par_1_62' title="bbox 1979 1851 3530 1913">
     <span class='ocr_line' id='line_1_62' title="bbox 1979 1851 3530 1913; baseline 0.006 -9"><span class='ocrx_word' id='word_1_487' title='bbox 1979 1851 2032 1905; x_wconf 92' lang='lat' dir='ltr'><strong>in</strong></span> <span class='ocrx_word' id='word_1_488' title='bbox 2063 1852 2228 1906; x_wconf 92' lang='lat' dir='ltr'><strong>Deum</strong></span> <span class='ocrx_word' id='word_1_489' title='bbox 2256 1862 2310 1907; x_wconf 92' lang='lat' dir='ltr'><strong>et</strong></span> <span class='ocrx_word' id='word_1_490' title='bbox 2341 1855 2393 1908; x_wconf 94' lang='lat' dir='ltr'><strong>in</strong></span> <span class='ocrx_word' id='word_1_491' title='bbox 2434 1855 2713 1909; x_wconf 89' lang='lat' dir='ltr'><strong>mulierem</strong></span> <span class='ocrx_word' id='word_1_492' title='bbox 2749 1856 2907 1911; x_wconf 90' lang='lat' dir='ltr'><strong>simul</strong></span> <span class='ocrx_word' id='word_1_493' title='bbox 2950 1856 3172 1912; x_wconf 84' lang='lat' dir='ltr'><strong>videre:</strong></span> <span class='ocrx_word' id='word_1_494' title='bbox 3205 1858 3344 1913; x_wconf 88' lang='lat' dir='ltr'><strong>sicut</strong></span> <span class='ocrx_word' id='word_1_495' title='bbox 3388 1860 3530 1913; x_wconf 88' lang='lat' dir='ltr'><strong>enim</strong></span> 
     </span>
    </p>
   </div>
   <div class='ocr_carea' id='block_1_63' title="bbox 1980 1947 3533 2020">
    <p class='ocr_par' dir='ltr' id='par_1_63' title="bbox 1980 1947 3533 2020">
     <span class='ocr_line' id='line_1_63' title="bbox 1980 1947 3533 2020; baseline 0.005 -23"><span class='ocrx_word' id='word_1_496' title='bbox 1980 1958 2135 1998; x_wconf 91' lang='lat' dir='ltr'><strong>nemo</strong></span> <span class='ocrx_word' id='word_1_497' title='bbox 2161 1952 2336 2015; x_wconf 91' lang='lat' dir='ltr'><strong>potest</strong></span> <span class='ocrx_word' id='word_1_498' title='bbox 2365 1947 2572 2002; x_wconf 90' lang='lat' dir='ltr'><strong>duobus</strong></span> <span class='ocrx_word' id='word_1_499' title='bbox 2607 1948 2839 2004; x_wconf 90' lang='lat' dir='ltr'><strong>dominis</strong></span> <span class='ocrx_word' id='word_1_500' title='bbox 2879 1950 3104 2014; x_wconf 90' lang='lat' dir='ltr'><strong>servire,</strong></span> <span class='ocrx_word' id='word_1_501' title='bbox 3145 1950 3218 2004; x_wconf 91' lang='lat' dir='ltr'><strong>ita</strong></span> <span class='ocrx_word' id='word_1_502' title='bbox 3248 1966 3405 2005; x_wconf 90' lang='lat' dir='ltr'><strong>nemo</strong></span> <span class='ocrx_word' id='word_1_503' title='bbox 3440 1966 3533 2020; x_wconf 81' lang='lat' dir='ltr'><strong>po-</strong></span> 
     </span>
    </p>
   </div>
   <div class='ocr_carea' id='block_1_64' title="bbox 1979 2037 3531 2111">
    <p class='ocr_par' dir='ltr' id='par_1_64' title="bbox 1979 2037 3531 2111">
     <span class='ocr_line' id='line_1_64' title="bbox 1979 2037 3531 2111; baseline 0.005 -22"><span class='ocrx_word' id='word_1_504' title='bbox 1979 2044 2085 2089; x_wconf 86' lang='lat' dir='ltr'><strong>test</strong></span> <span class='ocrx_word' id='word_1_505' title='bbox 2118 2037 2247 2090; x_wconf 92' lang='lat' dir='ltr'><strong>duos</strong></span> <span class='ocrx_word' id='word_1_506' title='bbox 2276 2037 2450 2091; x_wconf 90' lang='lat' dir='ltr'><strong>vultus</strong></span> <span class='ocrx_word' id='word_1_507' title='bbox 2487 2038 2643 2092; x_wconf 87' lang='lat' dir='ltr'><strong>simul</strong></span> <span class='ocrx_word' id='word_1_508' title='bbox 2683 2039 2966 2108; x_wconf 83' lang='lat' dir='ltr'><strong>inspicere.</strong></span> <span class='ocrx_word' id='word_1_509' title='bbox 2996 2040 3226 2095; x_wconf 88' lang='lat' dir='ltr'><strong>Tantum</strong></span> <span class='ocrx_word' id='word_1_510' title='bbox 3267 2058 3531 2111; x_wconf 87' lang='lat' dir='ltr'><strong>pr0pona-</strong></span> 
     </span>
    </p>
   </div>
   <div class='ocr_carea' id='block_1_65' title="bbox 1977 2112 3526 2199">
    <p class='ocr_par' dir='ltr' id='par_1_65' title="bbox 1977 2112 3526 2199">
     <span class='ocr_line' id='line_1_65' title="bbox 1977 2112 3526 2199; baseline 0.004 -20"><span class='ocrx_word' id='word_1_511' title='bbox 1977 2134 2061 2179; x_wconf 88' lang='lat' dir='ltr'><strong>tur</strong></span> <span class='ocrx_word' id='word_1_512' title='bbox 2081 2133 2208 2179; x_wconf 88' lang='lat' dir='ltr'><strong>ante</strong></span> <span class='ocrx_word' id='word_1_513' title='bbox 2229 2112 2412 2180; x_wconf 81' lang='lat' dir='ltr'><strong>oculos</strong></span> <span class='ocrx_word' id='word_1_514' title='bbox 2438 2127 2595 2192; x_wconf 92' lang='lat' dir='ltr'><strong>Deus,</strong></span> <span class='ocrx_word' id='word_1_515' title='bbox 2622 2137 2676 2182; x_wconf 91' lang='lat' dir='ltr'><strong>et</strong></span> <span class='ocrx_word' id='word_1_516' title='bbox 2692 2129 2868 2182; x_wconf 90' lang='lat' dir='ltr'><strong>omnia</strong></span> <span class='ocrx_word' id='word_1_517' title='bbox 2894 2132 2944 2182; x_wconf 94' lang='lat' dir='ltr'><strong>in</strong></span> <span class='ocrx_word' id='word_1_518' title='bbox 2975 2130 3357 2199; x_wconf 88' lang='lat' dir='ltr'><strong>tranquillitate</strong></span> <span class='ocrx_word' id='word_1_519' title='bbox 3373 2141 3526 2196; x_wconf 93' lang='lat' dir='ltr'><strong>sunt;</strong></span> 
     </span>
    </p>
   </div>
   <div class='ocr_carea' id='block_1_66' title="bbox 1978 2216 3530 2290">
    <p class='ocr_par' dir='ltr' id='par_1_66' title="bbox 1978 2216 3530 2290">
     <span class='ocr_line' id='line_1_66' title="bbox 1978 2216 3530 2290; baseline 0.003 -19"><span class='ocrx_word' id='word_1_520' title='bbox 1978 2217 2070 2272; x_wconf 85' lang='lat' dir='ltr'><strong>sed</strong></span> <span class='ocrx_word' id='word_1_521' title='bbox 2110 2232 2211 2271; x_wconf 91' lang='lat' dir='ltr'><strong>nec</strong></span> <span class='ocrx_word' id='word_1_522' title='bbox 2270 2216 2453 2272; x_wconf 90' lang='lat' dir='ltr'><strong>labore</strong></span> <span class='ocrx_word' id='word_1_523' title='bbox 2495 2230 2577 2272; x_wconf 88' lang='lat' dir='ltr'><strong>est</strong></span> <span class='ocrx_word' id='word_1_524' title='bbox 2611 2232 2764 2289; x_wconf 86' lang='lat' dir='ltr'><strong>opus,</strong></span> <span class='ocrx_word' id='word_1_525' title='bbox 2804 2219 2995 2275; x_wconf 87' lang='lat' dir='ltr'><strong>sullicit</strong></span> <span class='ocrx_word' id='word_1_526' title='bbox 3039 2223 3179 2274; x_wconf 92' lang='lat' dir='ltr'><strong>enim</strong></span> <span class='ocrx_word' id='word_1_527' title='bbox 3224 2223 3313 2290; x_wconf 89' lang='lat' dir='ltr'><strong>qui</strong></span> <span class='ocrx_word' id='word_1_528' title='bbox 3357 2223 3530 2276; x_wconf 91' lang='lat' dir='ltr'><strong>adest.</strong></span> 
     </span>
    </p>
   </div>
   <div class='ocr_carea' id='block_1_67' title="bbox 1979 2304 3532 2381">
    <p class='ocr_par' dir='ltr' id='par_1_67' title="bbox 1979 2304 3532 2381">
     <span class='ocr_line' id='line_1_67' title="bbox 1979 2304 3532 2381; baseline 0.006 -25"><span class='ocrx_word' id='word_1_529' title='bbox 1979 2304 2078 2371; x_wconf 87' lang='lat' dir='ltr'><strong>Qui</strong></span> <span class='ocrx_word' id='word_1_530' title='bbox 2112 2307 2330 2374; x_wconf 82' lang='lat' dir='ltr'><strong>respicit</strong></span> <span class='ocrx_word' id='word_1_531' title='bbox 2366 2306 2433 2360; x_wconf 88' lang='lat' dir='ltr'><strong>ad</strong></span> <span class='ocrx_word' id='word_1_532' title='bbox 2460 2307 2647 2373; x_wconf 88' lang='lat' dir='ltr'><strong>Deum,</strong></span> <span class='ocrx_word' id='word_1_533' title='bbox 2690 2311 2918 2377; x_wconf 88' lang='lat' dir='ltr'><strong>primum</strong></span> <span class='ocrx_word' id='word_1_534' title='bbox 2953 2310 3164 2375; x_wconf 89' lang='lat' dir='ltr'><strong>quidem</strong></span> <span class='ocrx_word' id='word_1_535' title='bbox 3196 2311 3355 2367; x_wconf 89' lang='lat' dir='ltr'><strong>habet</strong></span> <span class='ocrx_word' id='word_1_536' title='bbox 3382 2312 3532 2381; x_wconf 89' lang='lat' dir='ltr'><strong>adju-</strong></span> 
     </span>
    </p>
   </div>
   <div class='ocr_carea' id='block_1_68' title="bbox 1981 2394 3532 2471">
    <p class='ocr_par' dir='ltr' id='par_1_68' title="bbox 1981 2394 3532 2471">
     <span class='ocr_line' id='line_1_68' title="bbox 1981 2394 3532 2471; baseline 0.006 -24"><span class='ocrx_word' id='word_1_537' title='bbox 1981 2394 2173 2448; x_wconf 89' lang='lat' dir='ltr'><strong>torium</strong></span> <span class='ocrx_word' id='word_1_538' title='bbox 2218 2408 2247 2446; x_wconf 87' lang='lat' dir='ltr'><strong>a</strong></span> <span class='ocrx_word' id='word_1_539' title='bbox 2285 2404 2579 2462; x_wconf 69' lang='lat' dir='ltr'><strong>praesente;</strong></span> <span class='ocrx_word' id='word_1_540' title='bbox 2631 2397 2865 2466; x_wconf 66' lang='lat' dir='ltr'><strong>posthaec</strong></span> <span class='ocrx_word' id='word_1_541' title='bbox 2907 2409 3084 2453; x_wconf 89' lang='lat' dir='ltr'><strong>autem</strong></span> <span class='ocrx_word' id='word_1_542' title='bbox 3119 2410 3173 2454; x_wconf 88' lang='lat' dir='ltr'><strong>et</strong></span> <span class='ocrx_word' id='word_1_543' title='bbox 3219 2403 3532 2471; x_wconf 89' lang='lat' dir='ltr'><strong>possibilem</strong></span> 
     </span>
    </p>
   </div>
   <div class='ocr_carea' id='block_1_69' title="bbox 1980 2487 3528 2559">
    <p class='ocr_par' dir='ltr' id='par_1_69' title="bbox 1980 2487 3528 2559">
     <span class='ocr_line' id='line_1_69' title="bbox 1980 2487 3528 2559; baseline 0.005 -17"><span class='ocrx_word' id='word_1_544' title='bbox 1980 2488 2079 2542; x_wconf 89' lang='lat' dir='ltr'><strong>sibi</strong></span> <span class='ocrx_word' id='word_1_545' title='bbox 2110 2487 2461 2541; x_wconf 80' lang='lat' dir='ltr'><strong>imitationem</strong></span> <span class='ocrx_word' id='word_1_546' title='bbox 2493 2496 2548 2542; x_wconf 90' lang='lat' dir='ltr'><strong>et</strong></span> <span class='ocrx_word' id='word_1_547' title='bbox 2576 2489 2818 2543; x_wconf 91' lang='lat' dir='ltr'><strong>timorem</strong></span> <span class='ocrx_word' id='word_1_548' title='bbox 2868 2489 3028 2557; x_wconf 74' lang='lat' dir='ltr'><strong>beni;</strong></span> <span class='ocrx_word' id='word_1_549' title='bbox 3061 2503 3113 2545; x_wconf 91' lang='lat' dir='ltr'><strong>et</strong></span> <span class='ocrx_word' id='word_1_550' title='bbox 3156 2493 3207 2547; x_wconf 91' lang='lat' dir='ltr'><strong>in</strong></span> <span class='ocrx_word' id='word_1_551' title='bbox 3238 2495 3399 2548; x_wconf 90' lang='lat' dir='ltr'><strong>tutela</strong></span> <span class='ocrx_word' id='word_1_552' title='bbox 3425 2504 3528 2559; x_wconf 89' lang='lat' dir='ltr'><strong>est,</strong></span> 
     </span>
    </p>
   </div>
   <div class='ocr_carea' id='block_1_70' title="bbox 1980 2578 3536 2657">
    <p class='ocr_par' dir='ltr' id='par_1_70' title="bbox 1980 2578 3536 2657">
     <span class='ocr_line' id='line_1_70' title="bbox 1980 2578 3536 2657; baseline 0.006 -24"><span class='ocrx_word' id='word_1_553' title='bbox 1980 2587 2033 2633; x_wconf 93' lang='lat' dir='ltr'><strong>et</strong></span> <span class='ocrx_word' id='word_1_554' title='bbox 2060 2593 2163 2633; x_wconf 91' lang='lat' dir='ltr'><strong>non</strong></span> <span class='ocrx_word' id='word_1_555' title='bbox 2200 2578 2408 2633; x_wconf 82' lang='lat' dir='ltr'><strong>accedit</strong></span> <span class='ocrx_word' id='word_1_556' title='bbox 2440 2591 2715 2649; x_wconf 89' lang='lat' dir='ltr'><strong>peccatum</strong></span> <span class='ocrx_word' id='word_1_557' title='bbox 2753 2584 2803 2637; x_wconf 89' lang='lat' dir='ltr'><strong>in</strong></span> <span class='ocrx_word' id='word_1_558' title='bbox 2835 2585 2955 2637; x_wconf 88' lang='lat' dir='ltr'><strong>isto.</strong></span> <span class='ocrx_word' id='word_1_559' title='bbox 3002 2582 3171 2638; x_wconf 88' lang='lat' dir='ltr'><strong>Unum</strong></span> <span class='ocrx_word' id='word_1_560' title='bbox 3203 2600 3269 2639; x_wconf 80' lang='lat' dir='ltr'><strong>ex</strong></span> <span class='ocrx_word' id='word_1_561' title='bbox 3294 2586 3376 2639; x_wconf 92' lang='lat' dir='ltr'><strong>his</strong></span> <span class='ocrx_word' id='word_1_562' title='bbox 3400 2601 3536 2657; x_wconf 83' lang='lat' dir='ltr'><strong>opus</strong></span> 
     </span>
    </p>
   </div>
   <div class='ocr_carea' id='block_1_71' title="bbox 1980 2673 3537 2741">
    <p class='ocr_par' dir='ltr' id='par_1_71' title="bbox 1980 2673 3537 2741">
     <span class='ocr_line' id='line_1_71' title="bbox 1980 2673 3537 2741; baseline 0.004 -17"><span class='ocrx_word' id='word_1_563' title='bbox 1980 2678 2078 2734; x_wconf 90' lang='lat' dir='ltr'><strong>est,</strong></span> <span class='ocrx_word' id='word_1_564' title='bbox 2121 2679 2179 2722; x_wconf 93' lang='lat' dir='ltr'><strong>ut</strong></span> <span class='ocrx_word' id='word_1_565' title='bbox 2208 2678 2458 2724; x_wconf 80' lang='lat' dir='ltr'><strong>credatur</strong></span> <span class='ocrx_word' id='word_1_566' title='bbox 2500 2673 2623 2740; x_wconf 91' lang='lat' dir='ltr'><strong>quia</strong></span> <span class='ocrx_word' id='word_1_567' title='bbox 2652 2683 2734 2729; x_wconf 94' lang='lat' dir='ltr'><strong>est</strong></span> <span class='ocrx_word' id='word_1_568' title='bbox 2786 2673 2942 2741; x_wconf 87' lang='lat' dir='ltr'><strong>Deus,</strong></span> <span class='ocrx_word' id='word_1_569' title='bbox 2973 2689 3026 2729; x_wconf 89' lang='lat' dir='ltr'><strong>et</strong></span> <span class='ocrx_word' id='word_1_570' title='bbox 3057 2677 3207 2731; x_wconf 88' lang='lat' dir='ltr'><strong>adest</strong></span> <span class='ocrx_word' id='word_1_571' title='bbox 3235 2685 3287 2731; x_wconf 90' lang='lat' dir='ltr'><strong>et</strong></span> <span class='ocrx_word' id='word_1_572' title='bbox 3307 2678 3449 2732; x_wconf 90' lang='lat' dir='ltr'><strong>videt</strong></span> <span class='ocrx_word' id='word_1_573' title='bbox 3480 2685 3537 2732; x_wconf 91' lang='lat' dir='ltr'><strong>et</strong></span> 
     </span>
    </p>
   </div>
   <div class='ocr_carea' id='block_1_72' title="bbox 1980 2761 3535 2831">
    <p class='ocr_par' dir='ltr' id='par_1_72' title="bbox 1980 2761 3535 2831">
     <span class='ocr_line' id='line_1_72' title="bbox 1980 2761 3535 2831; baseline 0.003 -18"><span class='ocrx_word' id='word_1_574' title='bbox 1980 2769 2250 2816; x_wconf 90' lang='lat' dir='ltr'><strong>scrutatur</strong></span> <span class='ocrx_word' id='word_1_575' title='bbox 2281 2778 2338 2817; x_wconf 88' lang='lat' dir='ltr'><strong>et</strong></span> <span class='ocrx_word' id='word_1_576' title='bbox 2386 2761 2512 2814; x_wconf 92' lang='lat' dir='ltr'><strong>nihil</strong></span> <span class='ocrx_word' id='word_1_577' title='bbox 2541 2770 2622 2815; x_wconf 90' lang='lat' dir='ltr'><strong>est</strong></span> <span class='ocrx_word' id='word_1_578' title='bbox 2658 2763 2799 2829; x_wconf 87' lang='lat' dir='ltr'><strong>quod</strong></span> <span class='ocrx_word' id='word_1_579' title='bbox 2847 2778 2967 2817; x_wconf 89' lang='lat' dir='ltr'><strong>eum</strong></span> <span class='ocrx_word' id='word_1_580' title='bbox 3015 2764 3183 2831; x_wconf 91' lang='lat' dir='ltr'><strong>possit</strong></span> <span class='ocrx_word' id='word_1_581' title='bbox 3234 2763 3438 2831; x_wconf 84' lang='lat' dir='ltr'><strong>latere;</strong></span> <span class='ocrx_word' id='word_1_582' title='bbox 3481 2775 3535 2818; x_wconf 90' lang='lat' dir='ltr'><strong>et</strong></span> 
     </span>
    </p>
   </div>
   <div class='ocr_carea' id='block_1_73' title="bbox 1981 2849 3535 2909">
    <p class='ocr_par' dir='ltr' id='par_1_73' title="bbox 1981 2849 3535 2909">
     <span class='ocr_line' id='line_1_73' title="bbox 1981 2849 3535 2909; baseline 0.005 -7"><span class='ocrx_word' id='word_1_583' title='bbox 1981 2849 2159 2903; x_wconf 84' lang='lat' dir='ltr'><strong>omnia</strong></span> <span class='ocrx_word' id='word_1_584' title='bbox 2204 2851 2381 2905; x_wconf 82' lang='lat' dir='ltr'><strong>faettta</strong></span> <span class='ocrx_word' id='word_1_585' title='bbox 2417 2860 2594 2905; x_wconf 90' lang='lat' dir='ltr'><strong>erunt.</strong></span> <span class='ocrx_word' id='word_1_586' title='bbox 2637 2851 2694 2905; x_wconf 91' lang='lat' dir='ltr'><strong>Si</strong></span> <span class='ocrx_word' id='word_1_587' title='bbox 2745 2862 2921 2907; x_wconf 90' lang='lat' dir='ltr'><strong>autem</strong></span> <span class='ocrx_word' id='word_1_588' title='bbox 2974 2855 3291 2909; x_wconf 80' lang='lat' dir='ltr'><strong>subduxeris</strong></span> <span class='ocrx_word' id='word_1_589' title='bbox 3342 2855 3535 2909; x_wconf 81' lang='lat' dir='ltr'><strong>funda-</strong></span> 
     </span>
    </p>
   </div>
   <div class='ocr_carea' id='block_1_74' title="bbox 1984 2942 3532 3015">
    <p class='ocr_par' dir='ltr' id='par_1_74' title="bbox 1984 2942 3532 3015">
     <span class='ocr_line' id='line_1_74' title="bbox 1984 2942 3532 3015; baseline 0.005 -20"><span class='ocrx_word' id='word_1_590' title='bbox 1984 2952 2243 3009; x_wconf 87' lang='lat' dir='ltr'><strong>mentum,</strong></span> <span class='ocrx_word' id='word_1_591' title='bbox 2286 2944 2418 2997; x_wconf 86' lang='lat' dir='ltr'><strong>mnil</strong></span> <span class='ocrx_word' id='word_1_592' title='bbox 2461 2942 2620 2997; x_wconf 89' lang='lat' dir='ltr'><strong>stabit</strong></span> <span class='ocrx_word' id='word_1_593' title='bbox 2661 2959 2728 2998; x_wconf 85' lang='lat' dir='ltr'><strong>ex</strong></span> <span class='ocrx_word' id='word_1_594' title='bbox 2762 2945 2843 2998; x_wconf 89' lang='lat' dir='ltr'><strong>bis</strong></span> <span class='ocrx_word' id='word_1_595' title='bbox 2880 2960 2995 3013; x_wconf 76' lang='lat' dir='ltr'><strong>qua:</strong></span> <span class='ocrx_word' id='word_1_596' title='bbox 3028 2948 3359 3015; x_wconf 88' lang='lat' dir='ltr'><strong>superposita</strong></span> <span class='ocrx_word' id='word_1_597' title='bbox 3390 2958 3532 3003; x_wconf 85' lang='lat' dir='ltr'><strong>sunt.</strong></span> 
     </span>
    </p>
   </div>
   <div class='ocr_carea' id='block_1_75' title="bbox 1985 3031 3535 3106">
    <p class='ocr_par' dir='ltr' id='par_1_75' title="bbox 1985 3031 3535 3106">
     <span class='ocr_line' id='line_1_75' title="bbox 1985 3031 3535 3106; baseline 0.004 -21"><span class='ocrx_word' id='word_1_598' title='bbox 1985 3031 2041 3085; x_wconf 90' lang='lat' dir='ltr'><strong>Si</strong></span> <span class='ocrx_word' id='word_1_599' title='bbox 2073 3034 2195 3101; x_wconf 88' lang='lat' dir='ltr'><strong>quis</strong></span> <span class='ocrx_word' id='word_1_600' title='bbox 2227 3048 2361 3102; x_wconf 90' lang='lat' dir='ltr'><strong>ergo</strong></span> <span class='ocrx_word' id='word_1_601' title='bbox 2388 3033 2685 3103; x_wconf 84' lang='lat' dir='ltr'><strong>irreligioso</strong></span> <span class='ocrx_word' id='word_1_602' title='bbox 2712 3037 2986 3102; x_wconf 90' lang='lat' dir='ltr'><strong>proposito</strong></span> <span class='ocrx_word' id='word_1_603' title='bbox 3015 3037 3324 3092; x_wconf 81' lang='lat' dir='ltr'><strong>subduxerit</strong></span> <span class='ocrx_word' id='word_1_604' title='bbox 3346 3039 3535 3106; x_wconf 86' lang='lat' dir='ltr'><strong>Deum,</strong></span> 
     </span>
    </p>
   </div>
   <div class='ocr_carea' id='block_1_76' title="bbox 1978 3125 3534 3197">
    <p class='ocr_par' dir='ltr' id='par_1_76' title="bbox 1978 3125 3534 3197">
     <span class='ocr_line' id='line_1_76' title="bbox 1978 3125 3534 3197; baseline 0.006 -21"><span class='ocrx_word' id='word_1_605' title='bbox 1978 3125 2084 3192; x_wconf 89' lang='lat' dir='ltr'><strong>jam</strong></span> <span class='ocrx_word' id='word_1_606' title='bbox 2116 3133 2173 3178; x_wconf 89' lang='lat' dir='ltr'><strong>ut</strong></span> <span class='ocrx_word' id='word_1_607' title='bbox 2198 3128 2314 3179; x_wconf 91' lang='lat' dir='ltr'><strong>sine</strong></span> <span class='ocrx_word' id='word_1_608' title='bbox 2352 3126 2552 3178; x_wconf 85' lang='lat' dir='ltr'><strong>lumine</strong></span> <span class='ocrx_word' id='word_1_609' title='bbox 2590 3141 2751 3194; x_wconf 83' lang='lat' dir='ltr'><strong>agens</strong></span> <span class='ocrx_word' id='word_1_610' title='bbox 2783 3127 2978 3195; x_wconf 86' lang='lat' dir='ltr'><strong>unique</strong></span> <span class='ocrx_word' id='word_1_611' title='bbox 3017 3127 3253 3182; x_wconf 77' lang='lat' dir='ltr'><strong>oll&#39;endit.</strong></span> <span class='ocrx_word' id='word_1_612' title='bbox 3290 3129 3394 3184; x_wconf 89' lang='lat' dir='ltr'><strong>Sed</strong></span> <span class='ocrx_word' id='word_1_613' title='bbox 3416 3145 3534 3197; x_wconf 86' lang='lat' dir='ltr'><strong>nos,</strong></span> 
     </span>
    </p>
   </div>
   <div class='ocr_carea' id='block_1_77' title="bbox 1982 3216 3540 3291">
    <p class='ocr_par' dir='ltr' id='par_1_77' title="bbox 1982 3216 3540 3291">
     <span class='ocr_line' id='line_1_77' title="bbox 1982 3216 3540 3291; baseline 0.005 -23"><span class='ocrx_word' id='word_1_614' title='bbox 1982 3216 2197 3281; x_wconf 89' lang='lat' dir='ltr'><strong>fratres,</strong></span> <span class='ocrx_word' id='word_1_615' title='bbox 2233 3216 2299 3271; x_wconf 90' lang='lat' dir='ltr'><strong>ad</strong></span> <span class='ocrx_word' id='word_1_616' title='bbox 2333 3218 2500 3271; x_wconf 85' lang='lat' dir='ltr'><strong>Deum</strong></span> <span class='ocrx_word' id='word_1_617' title='bbox 2528 3218 2814 3281; x_wconf 88' lang='lat' dir='ltr'><strong>viventem,</strong></span> <span class='ocrx_word' id='word_1_618' title='bbox 2839 3218 2903 3270; x_wconf 89' lang='lat' dir='ltr'><strong>ad</strong></span> <span class='ocrx_word' id='word_1_619' title='bbox 2934 3234 3052 3272; x_wconf 92' lang='lat' dir='ltr'><strong>eum</strong></span> <span class='ocrx_word' id='word_1_620' title='bbox 3085 3220 3174 3287; x_wconf 90' lang='lat' dir='ltr'><strong>qui</strong></span> <span class='ocrx_word' id='word_1_621' title='bbox 3213 3231 3312 3282; x_wconf 85' lang='lat' dir='ltr'><strong>est.</strong></span> <span class='ocrx_word' id='word_1_622' title='bbox 3347 3224 3435 3291; x_wconf 92' lang='lat' dir='ltr'><strong>qui</strong></span> <span class='ocrx_word' id='word_1_623' title='bbox 3459 3222 3540 3277; x_wconf 83' lang='lat' dir='ltr'><strong>fe-</strong></span> 
     </span>
    </p>
   </div>
   <div class='ocr_carea' id='block_1_78' title="bbox 1984 3305 3537 3379">
    <p class='ocr_par' dir='ltr' id='par_1_78' title="bbox 1984 3305 3537 3379">
     <span class='ocr_line' id='line_1_78' title="bbox 1984 3305 3537 3379; baseline 0.006 -20"><span class='ocrx_word' id='word_1_624' title='bbox 1984 3307 2056 3359; x_wconf 90' lang='lat' dir='ltr'><strong>cit</strong></span> <span class='ocrx_word' id='word_1_625' title='bbox 2095 3308 2298 3369; x_wconf 90' lang='lat' dir='ltr'><strong>omnia,</strong></span> <span class='ocrx_word' id='word_1_626' title='bbox 2341 3308 2429 3373; x_wconf 88' lang='lat' dir='ltr'><strong>qui</strong></span> <span class='ocrx_word' id='word_1_627' title='bbox 2466 3305 2639 3360; x_wconf 82' lang='lat' dir='ltr'><strong>salvat</strong></span> <span class='ocrx_word' id='word_1_628' title='bbox 2681 3310 2947 3372; x_wconf 88' lang='lat' dir='ltr'><strong>universa,</strong></span> <span class='ocrx_word' id='word_1_629' title='bbox 2993 3322 3401 3379; x_wconf 85' lang='lat' dir='ltr'><strong>convertamur;</strong></span> <span class='ocrx_word' id='word_1_630' title='bbox 3435 3316 3537 3369; x_wconf 89' lang='lat' dir='ltr'><strong>alia</strong></span> 
     </span>
    </p>
   </div>
   <div class='ocr_carea' id='block_1_79' title="bbox 1982 3395 3535 3470">
    <p class='ocr_par' dir='ltr' id='par_1_79' title="bbox 1982 3395 3535 3470">
     <span class='ocr_line' id='line_1_79' title="bbox 1982 3395 3535 3470; baseline 0.008 -22"><span class='ocrx_word' id='word_1_631' title='bbox 1982 3395 2123 3449; x_wconf 80' lang='lat' dir='ltr'><strong>cnim</strong></span> <span class='ocrx_word' id='word_1_632' title='bbox 2152 3396 2324 3447; x_wconf 85' lang='lat' dir='ltr'><strong>omnia</strong></span> <span class='ocrx_word' id='word_1_633' title='bbox 2347 3395 2550 3447; x_wconf 72' lang='lat' dir='ltr'><strong>vanitas</strong></span> <span class='ocrx_word' id='word_1_634' title='bbox 2582 3396 2865 3448; x_wconf 77' lang='lat' dir='ltr'><strong>eanitatum</strong></span> <span class='ocrx_word' id='word_1_635' title='bbox 2887 3409 3005 3451; x_wconf 76' lang='lat' dir='ltr'><strong>sunt</strong></span> <span class='ocrx_word' id='word_1_636' title='bbox 3034 3398 3080 3431; x_wconf 70' lang='grc' dir='ltr'><strong>⁸ο</strong></span> <span class='ocrx_word' id='word_1_637' title='bbox 3110 3416 3123 3453; x_wconf 90' lang='lat'>:</span> <span class='ocrx_word' id='word_1_638' title='bbox 3154 3403 3367 3470; x_wconf 84' lang='lat' dir='ltr'><strong>sapiens</strong></span> <span class='ocrx_word' id='word_1_639' title='bbox 3394 3406 3535 3460; x_wconf 84' lang='lat' dir='ltr'><strong>enim</strong></span> 
     </span>
    </p>
   </div>
   <div class='ocr_carea' id='block_1_80' title="bbox 1988 3487 3540 3564">
    <p class='ocr_par' dir='ltr' id='par_1_80' title="bbox 1988 3487 3540 3564">
     <span class='ocr_line' id='line_1_80' title="bbox 1988 3487 3540 3564; baseline 0.006 -23"><span class='ocrx_word' id='word_1_640' title='bbox 1988 3495 2120 3549; x_wconf 88' lang='lat' dir='ltr'><strong>erat,</strong></span> <span class='ocrx_word' id='word_1_641' title='bbox 2165 3487 2256 3555; x_wconf 93' lang='lat' dir='ltr'><strong>qui</strong></span> <span class='ocrx_word' id='word_1_642' title='bbox 2278 3487 2389 3541; x_wconf 58' lang='lat' dir='ltr'><strong>haec</strong></span> <span class='ocrx_word' id='word_1_643' title='bbox 2423 3487 2843 3555; x_wconf 84' lang='lat' dir='ltr'><strong>proclamaverat</strong></span> <span class='ocrx_word' id='word_1_644' title='bbox 2875 3508 2889 3541; x_wconf 88' lang='lat'><strong>:</strong></span> <span class='ocrx_word' id='word_1_645' title='bbox 2922 3490 2987 3541; x_wconf 79' lang='lat' dir='ltr'><strong>Et</strong></span> <span class='ocrx_word' id='word_1_646' title='bbox 3014 3498 3186 3564; x_wconf 72' lang='lat' dir='ltr'><strong>omm‘a</strong></span> <span class='ocrx_word' id='word_1_647' title='bbox 3216 3497 3437 3564; x_wconf 79' lang='lat' dir='ltr'><strong>vanitas,</strong></span> <span class='ocrx_word' id='word_1_648' title='bbox 3484 3509 3540 3551; x_wconf 91' lang='lat' dir='ltr'><strong>ct</strong></span> 
     </span>
    </p>
   </div>
   <div class='ocr_carea' id='block_1_81' title="bbox 1991 3575 3539 3653">
    <p class='ocr_par' dir='ltr' id='par_1_81' title="bbox 1991 3575 3539 3653">
     <span class='ocr_line' id='line_1_81' title="bbox 1991 3575 3539 3653; baseline 0.008 -23"><span class='ocrx_word' id='word_1_649' title='bbox 1991 3592 2156 3630; x_wconf 91' lang='lat' dir='ltr'><strong>unum</strong></span> <span class='ocrx_word' id='word_1_650' title='bbox 2190 3585 2271 3631; x_wconf 90' lang='lat' dir='ltr'><strong>est</strong></span> <span class='ocrx_word' id='word_1_651' title='bbox 2301 3590 2509 3629; x_wconf 80' lang='lat' dir='ltr'><strong>verum.</strong></span> <span class='ocrx_word' id='word_1_652' title='bbox 2564 3575 2676 3630; x_wconf 83' lang='lat' dir='ltr'><strong>Non</strong></span> <span class='ocrx_word' id='word_1_653' title='bbox 2705 3577 2868 3645; x_wconf 77' lang='lat' dir='ltr'><strong>igitur</strong></span> <span class='ocrx_word' id='word_1_654' title='bbox 2912 3580 3030 3634; x_wconf 90' lang='lat' dir='ltr'><strong>sine</strong></span> <span class='ocrx_word' id='word_1_655' title='bbox 3067 3596 3225 3635; x_wconf 86' lang='lat' dir='ltr'><strong>causa</strong></span> <span class='ocrx_word' id='word_1_656' title='bbox 3256 3598 3539 3653; x_wconf 85' lang='lat' dir='ltr'><strong>erogemus</strong></span> 
     </span>
    </p>
   </div>
   <div class='ocr_carea' id='block_1_82' title="bbox 1989 3668 3541 3743">
    <p class='ocr_par' dir='ltr' id='par_1_82' title="bbox 1989 3668 3541 3743">
     <span class='ocr_line' id='line_1_82' title="bbox 1989 3668 3541 3743; baseline 0.006 -20"><span class='ocrx_word' id='word_1_657' title='bbox 1989 3676 2226 3723; x_wconf 89' lang='lat' dir='ltr'><strong>nostram</strong></span> <span class='ocrx_word' id='word_1_658' title='bbox 2256 3668 2417 3722; x_wconf 83' lang='lat' dir='ltr'><strong>vitam</strong></span> <span class='ocrx_word' id='word_1_659' title='bbox 2451 3686 2464 3722; x_wconf 91' lang='lat'>:</span> <span class='ocrx_word' id='word_1_660' title='bbox 2517 3668 2617 3723; x_wconf 89' lang='lat' dir='ltr'><strong>erit</strong></span> <span class='ocrx_word' id='word_1_661' title='bbox 2648 3669 2786 3723; x_wconf 91' lang='lat' dir='ltr'><strong>enim</strong></span> <span class='ocrx_word' id='word_1_662' title='bbox 2836 3681 3045 3739; x_wconf 86' lang='lat' dir='ltr'><strong>tempus</strong></span> <span class='ocrx_word' id='word_1_663' title='bbox 3086 3688 3205 3727; x_wconf 91' lang='lat' dir='ltr'><strong>cum</strong></span> <span class='ocrx_word' id='word_1_664' title='bbox 3237 3688 3541 3743; x_wconf 66' lang='lat' dir='ltr'><strong>quaeremus</strong></span> 
     </span>
    </p>
   </div>
   <div class='ocr_carea' id='block_1_83' title="bbox 1991 3759 3540 3836">
    <p class='ocr_par' dir='ltr' id='par_1_83' title="bbox 1991 3759 3540 3836">
     <span class='ocr_line' id='line_1_83' title="bbox 1991 3759 3540 3836; baseline 0.006 -22"><span class='ocrx_word' id='word_1_665' title='bbox 1991 3760 2106 3815; x_wconf 90' lang='lat' dir='ltr'><strong>dies</strong></span> <span class='ocrx_word' id='word_1_666' title='bbox 2146 3760 2266 3827; x_wconf 87' lang='lat' dir='ltr'><strong>hos,</strong></span> <span class='ocrx_word' id='word_1_667' title='bbox 2299 3760 2352 3814; x_wconf 92' lang='lat' dir='ltr'><strong>in</strong></span> <span class='ocrx_word' id='word_1_668' title='bbox 2385 3759 2579 3831; x_wconf 86' lang='lat' dir='ltr'><strong>quibus</strong></span> <span class='ocrx_word' id='word_1_669' title='bbox 2609 3760 2716 3815; x_wconf 91' lang='lat' dir='ltr'><strong>Deo</strong></span> <span class='ocrx_word' id='word_1_670' title='bbox 2751 3761 3025 3817; x_wconf 83' lang='lat' dir='ltr'><strong>debuimus</strong></span> <span class='ocrx_word' id='word_1_671' title='bbox 3058 3766 3258 3818; x_wconf 89' lang='lat' dir='ltr'><strong>vivere.</strong></span> <span class='ocrx_word' id='word_1_672' title='bbox 3300 3767 3413 3836; x_wconf 89' lang='lat' dir='ltr'><strong>Ipse</strong></span> <span class='ocrx_word' id='word_1_673' title='bbox 3447 3784 3540 3825; x_wconf 87' lang='lat' dir='ltr'><strong>au-</strong></span> 
     </span>
    </p>
   </div>
   <div class='ocr_carea' id='block_1_84' title="bbox 1994 3853 3541 3929">
    <p class='ocr_par' dir='ltr' id='par_1_84' title="bbox 1994 3853 3541 3929">
     <span class='ocr_line' id='line_1_84' title="bbox 1994 3853 3541 3929; baseline 0.005 -22"><span class='ocrx_word' id='word_1_674' title='bbox 1994 3862 2097 3907; x_wconf 91' lang='lat' dir='ltr'><strong>tem</strong></span> <span class='ocrx_word' id='word_1_675' title='bbox 2144 3853 2236 3923; x_wconf 91' lang='lat' dir='ltr'><strong>qui</strong></span> <span class='ocrx_word' id='word_1_676' title='bbox 2278 3853 2449 3908; x_wconf 92' lang='lat' dir='ltr'><strong>bonus</strong></span> <span class='ocrx_word' id='word_1_677' title='bbox 2482 3863 2565 3908; x_wconf 91' lang='lat' dir='ltr'><strong>est</strong></span> <span class='ocrx_word' id='word_1_678' title='bbox 2609 3853 2771 3917; x_wconf 89' lang='lat' dir='ltr'><strong>Dens,</strong></span> <span class='ocrx_word' id='word_1_679' title='bbox 2818 3855 3051 3909; x_wconf 91' lang='lat' dir='ltr'><strong>omnium</strong></span> <span class='ocrx_word' id='word_1_680' title='bbox 3085 3868 3318 3912; x_wconf 88' lang='lat' dir='ltr'><strong>vestrum</strong></span> <span class='ocrx_word' id='word_1_681' title='bbox 3370 3862 3541 3929; x_wconf 89' lang='lat' dir='ltr'><strong>erigat</strong></span> 
     </span>
    </p>
   </div>
   <div class='ocr_carea' id='block_1_85' title="bbox 1991 3948 3541 4023">
    <p class='ocr_par' dir='ltr' id='par_1_85' title="bbox 1991 3948 3541 4023">
     <span class='ocr_line' id='line_1_85' title="bbox 1991 3948 3541 4023; baseline 0.005 -24"><span class='ocrx_word' id='word_1_682' title='bbox 1991 3949 2199 4002; x_wconf 86' lang='lat' dir='ltr'><strong>animas</strong></span> <span class='ocrx_word' id='word_1_683' title='bbox 2238 3948 2303 4001; x_wconf 91' lang='lat' dir='ltr'><strong>ad</strong></span> <span class='ocrx_word' id='word_1_684' title='bbox 2340 3948 2664 4015; x_wconf 88' lang='lat' dir='ltr'><strong>agnitionem</strong></span> <span class='ocrx_word' id='word_1_685' title='bbox 2708 3963 2893 4012; x_wconf 83' lang='lat' dir='ltr'><strong>suam;</strong></span> <span class='ocrx_word' id='word_1_686' title='bbox 2933 3951 3017 4004; x_wconf 92' lang='lat' dir='ltr'><strong>cui</strong></span> <span class='ocrx_word' id='word_1_687' title='bbox 3062 3961 3144 4005; x_wconf 92' lang='lat' dir='ltr'><strong>est</strong></span> <span class='ocrx_word' id='word_1_688' title='bbox 3180 3966 3275 4021; x_wconf 87' lang='lat' dir='ltr'><strong>per</strong></span> <span class='ocrx_word' id='word_1_689' title='bbox 3302 3951 3541 4023; x_wconf 86' lang='lat' dir='ltr'><strong>unigeni-</strong></span> 
     </span>
    </p>
   </div>
   <div class='ocr_carea' id='block_1_86' title="bbox 1991 4036 3542 4115">
    <p class='ocr_par' dir='ltr' id='par_1_86' title="bbox 1991 4036 3542 4115">
     <span class='ocr_line' id='line_1_86' title="bbox 1991 4036 3542 4115; baseline 0.006 -26"><span class='ocrx_word' id='word_1_690' title='bbox 1991 4046 2101 4090; x_wconf 91' lang='lat' dir='ltr'><strong>tum</strong></span> <span class='ocrx_word' id='word_1_691' title='bbox 2130 4051 2286 4090; x_wconf 89' lang='lat' dir='ltr'><strong>suum</strong></span> <span class='ocrx_word' id='word_1_692' title='bbox 2316 4036 2529 4100; x_wconf 85' lang='lat' dir='ltr'><strong>Filium,</strong></span> <span class='ocrx_word' id='word_1_693' title='bbox 2573 4038 2762 4106; x_wconf 88' lang='lat' dir='ltr'><strong>gloria,</strong></span> <span class='ocrx_word' id='word_1_694' title='bbox 2806 4040 2996 4106; x_wconf 90' lang='lat' dir='ltr'><strong>honor,</strong></span> <span class='ocrx_word' id='word_1_695' title='bbox 3034 4041 3335 4110; x_wconf 90' lang='lat' dir='ltr'><strong>imperium,</strong></span> <span class='ocrx_word' id='word_1_696' title='bbox 3373 4046 3542 4115; x_wconf 84' lang='lat' dir='ltr'><strong>maje-</strong></span> 
     </span>
    </p>
   </div>
   <div class='ocr_carea' id='block_1_87' title="bbox 1988 4127 3541 4207">
    <p class='ocr_par' dir='ltr' id='par_1_87' title="bbox 1988 4127 3541 4207">
     <span class='ocr_line' id='line_1_87' title="bbox 1988 4127 3541 4207; baseline 0.006 -26"><span class='ocrx_word' id='word_1_697' title='bbox 1988 4136 2099 4182; x_wconf 89' lang='lat' dir='ltr'><strong>stas</strong></span> <span class='ocrx_word' id='word_1_698' title='bbox 2124 4143 2243 4182; x_wconf 91' lang='lat' dir='ltr'><strong>cum</strong></span> <span class='ocrx_word' id='word_1_699' title='bbox 2274 4127 2477 4196; x_wconf 92' lang='lat' dir='ltr'><strong>Spiritu</strong></span> <span class='ocrx_word' id='word_1_700' title='bbox 2506 4137 2715 4194; x_wconf 84' lang='lat' dir='ltr'><strong>sancto,</strong></span> <span class='ocrx_word' id='word_1_701' title='bbox 2746 4138 2801 4185; x_wconf 91' lang='lat' dir='ltr'><strong>et</strong></span> <span class='ocrx_word' id='word_1_702' title='bbox 2829 4146 2988 4199; x_wconf 90' lang='lat' dir='ltr'><strong>nunc,</strong></span> <span class='ocrx_word' id='word_1_703' title='bbox 3020 4141 3073 4187; x_wconf 91' lang='lat' dir='ltr'><strong>et</strong></span> <span class='ocrx_word' id='word_1_704' title='bbox 3104 4147 3333 4204; x_wconf 89' lang='lat' dir='ltr'><strong>semper,</strong></span> <span class='ocrx_word' id='word_1_705' title='bbox 3361 4144 3414 4190; x_wconf 92' lang='lat' dir='ltr'><strong>et</strong></span> <span class='ocrx_word' id='word_1_706' title='bbox 3444 4151 3541 4207; x_wconf 90' lang='lat' dir='ltr'><strong>per</strong></span> 
     </span>
    </p>
   </div>
   <div class='ocr_carea' id='block_1_88' title="bbox 1991 4218 2977 4277">
    <p class='ocr_par' dir='ltr' id='par_1_88' title="bbox 1991 4218 2977 4277">
     <span class='ocr_line' id='line_1_88' title="bbox 1991 4218 2977 4277; baseline 0.003 -3"><span class='ocrx_word' id='word_1_707' title='bbox 1991 4218 2168 4274; x_wconf 91' lang='lat' dir='ltr'><strong>omnia</strong></span> <span class='ocrx_word' id='word_1_708' title='bbox 2190 4218 2386 4273; x_wconf 64' lang='lat' dir='ltr'><strong>saacula</strong></span> <span class='ocrx_word' id='word_1_709' title='bbox 2418 4219 2756 4276; x_wconf 65' lang='lat' dir='ltr'><strong>saeculorum.</strong></span> <span class='ocrx_word' id='word_1_710' title='bbox 2786 4222 2977 4277; x_wconf 88' lang='lat' dir='ltr'><strong>Amen.</strong></span> 
     </span>
    </p>
   </div>
   <div class='ocr_carea' id='block_1_89' title="bbox 358 4463 3505 4487">
    <p class='ocr_par' dir='ltr' id='par_1_89' title="bbox 358 4463 3505 4487">
     <span class='ocr_line' id='line_1_89' title="bbox 358 4463 3505 4487; baseline 0 -1"><span class='ocrx_word' id='word_1_711' title='bbox 358 4463 3505 4487; x_wconf 55' lang='lat' dir='ltr'><em>mm</em></span> 
     </span>
    </p>
   </div>
   <div class='ocr_carea' id='block_1_90' title="bbox 1296 4635 2609 4753">
    <p class='ocr_par' dir='ltr' id='par_1_90' title="bbox 1296 4635 2609 4753">
     <span class='ocr_line' id='line_1_90' title="bbox 1296 4635 2609 4753; baseline -0.002 -2"><span class='ocrx_word' id='word_1_712' title='bbox 1296 4637 1853 4753; x_wconf 89' lang='lat' dir='ltr'><strong>EUSEBII</strong></span> <span class='ocrx_word' id='word_1_713' title='bbox 1936 4635 2609 4748; x_wconf 86' lang='lat' dir='ltr'><strong>PAMPHILI</strong></span> 
     </span>
    </p>
   </div>
   <div class='ocr_carea' id='block_1_91' title="bbox 977 4875 2906 5004">
    <p class='ocr_par' dir='ltr' id='par_1_91' title="bbox 977 4875 2906 5004">
     <span class='ocr_line' id='line_1_91' title="bbox 977 4875 2906 5004; baseline -0.001 -34"><span class='ocrx_word' id='word_1_714' title='bbox 977 4881 1121 4971; x_wconf 90' lang='lat' dir='ltr'><strong>DE</strong></span> <span class='ocrx_word' id='word_1_715' title='bbox 1195 4877 1787 4973; x_wconf 83' lang='lat' dir='ltr'><strong>OPERIBUS</strong></span> <span class='ocrx_word' id='word_1_716' title='bbox 1858 4875 2213 4970; x_wconf 91' lang='lat' dir='ltr'><strong>BONIS</strong></span> <span class='ocrx_word' id='word_1_717' title='bbox 2284 4879 2432 4968; x_wconf 84' lang='lat' dir='ltr'><strong>ET</strong></span> <span class='ocrx_word' id='word_1_718' title='bbox 2502 4876 2906 5004; x_wconf 79' lang='lat' dir='ltr'><strong>MALIS,</strong></span> 
     </span>
    </p>
   </div>
   <div class='ocr_carea' id='block_1_92' title="bbox 1612 5068 2266 5131">
    <p class='ocr_par' dir='ltr' id='par_1_92' title="bbox 1612 5068 2266 5131">
     <span class='ocr_line' id='line_1_92' title="bbox 1612 5068 2266 5131; baseline 0.003 -2"><span class='ocrx_word' id='word_1_719' title='bbox 1612 5068 1844 5129; x_wconf 83' lang='lat' dir='ltr'><strong>LIBER</strong></span> <span class='ocrx_word' id='word_1_720' title='bbox 1886 5068 2266 5131; x_wconf 86' lang='lat' dir='ltr'><strong>OCTAVUS.</strong></span> 
     </span>
    </p>
   </div>
   <div class='ocr_carea' id='block_1_93' title="bbox 421 5367 1894 5437">
    <p class='ocr_par' dir='ltr' id='par_1_93' title="bbox 421 5367 1894 5437">
     <span class='ocr_line' id='line_1_93' title="bbox 421 5367 1894 5437; baseline -0.001 -12"><span class='ocrx_word' id='word_1_721' title='bbox 421 5367 701 5425; x_wconf 76' lang='lat' dir='ltr'><strong>Multorum</strong></span> <span class='ocrx_word' id='word_1_722' title='bbox 735 5369 1009 5427; x_wconf 88' lang='lat' dir='ltr'><strong>hominum</strong></span> <span class='ocrx_word' id='word_1_723' title='bbox 1031 5372 1139 5423; x_wconf 87' lang='lat' dir='ltr'><strong>vita</strong></span> <span class='ocrx_word' id='word_1_724' title='bbox 1170 5369 1221 5423; x_wconf 92' lang='lat' dir='ltr'><strong>in</strong></span> <span class='ocrx_word' id='word_1_725' title='bbox 1258 5377 1400 5423; x_wconf 91' lang='lat' dir='ltr'><strong>terra</strong></span> <span class='ocrx_word' id='word_1_726' title='bbox 1430 5377 1513 5423; x_wconf 88' lang='lat' dir='ltr'><strong>est</strong></span> <span class='ocrx_word' id='word_1_727' title='bbox 1536 5368 1741 5437; x_wconf 91' lang='lat' dir='ltr'><strong>posita;</strong></span> <span class='ocrx_word' id='word_1_728' title='bbox 1769 5368 1894 5423; x_wconf 87' lang='lat' dir='ltr'><strong>eda-</strong></span> 
     </span>
    </p>
   </div>
   <div class='ocr_carea' id='block_1_94' title="bbox 347 5460 1889 5530">
    <p class='ocr_par' dir='ltr' id='par_1_94' title="bbox 347 5460 1889 5530">
     <span class='ocr_line' id='line_1_94' title="bbox 347 5460 1889 5530; baseline -0.001 -13"><span class='ocrx_word' id='word_1_729' title='bbox 347 5463 605 5517; x_wconf 85' lang='lat' dir='ltr'><strong>citatibus</strong></span> <span class='ocrx_word' id='word_1_730' title='bbox 632 5462 769 5527; x_wconf 76' lang='lat' dir='ltr'><strong>epim</strong></span> <span class='ocrx_word' id='word_1_731' title='bbox 799 5471 853 5517; x_wconf 93' lang='lat' dir='ltr'><strong>et</strong></span> <span class='ocrx_word' id='word_1_732' title='bbox 871 5461 1178 5515; x_wconf 89' lang='lat' dir='ltr'><strong>libidinibus</strong></span> <span class='ocrx_word' id='word_1_733' title='bbox 1209 5469 1263 5515; x_wconf 91' lang='lat' dir='ltr'><strong>et</strong></span> <span class='ocrx_word' id='word_1_734' title='bbox 1294 5460 1738 5530; x_wconf 89' lang='lat' dir='ltr'><strong>concupiscentiis</strong></span> <span class='ocrx_word' id='word_1_735' title='bbox 1769 5475 1889 5529; x_wconf 84' lang='lat' dir='ltr'><strong>gra-</strong></span> 
     </span>
    </p>
   </div>
   <div class='ocr_carea' id='block_1_95' title="bbox 425 5572 883 5637">
    <p class='ocr_par' dir='ltr' id='par_1_95' title="bbox 425 5572 883 5637">
     <span class='ocr_line' id='line_1_95' title="bbox 425 5572 883 5637; baseline -0.004 -8"><span class='ocrx_word' id='word_1_736' title='bbox 425 5575 468 5607; x_wconf 81' lang='grc'><strong>³⁸</strong></span> <span class='ocrx_word' id='word_1_737' title='bbox 496 5574 682 5629; x_wconf 85' lang='lat' dir='ltr'><strong>Matth.</strong></span> <span class='ocrx_word' id='word_1_738' title='bbox 700 5572 883 5637; x_wconf 67' lang='lat' dir='ltr'><strong>v1.24.</strong></span> 
     </span>
    </p>
   </div>
   <div class='ocr_carea' id='block_1_96' title="bbox 370 5686 1721 5763">
    <p class='ocr_par' dir='ltr' id='par_1_96' title="bbox 370 5686 1721 5763">
     <span class='ocr_line' id='line_1_96' title="bbox 370 5686 1721 5763; baseline -0.003 -18"><span class='ocrx_word' id='word_1_739' title='bbox 370 5718 371 5721; x_wconf 55' lang='grc' dir='ltr'><strong>η</strong></span> <span class='ocrx_word' id='word_1_740' title='bbox 416 5689 535 5763; x_wconf 82' lang='lat'><strong>(90)</strong></span> <span class='ocrx_word' id='word_1_741' title='bbox 564 5689 683 5754; x_wconf 79' lang='lat' dir='ltr'><strong>Ms.,</strong></span> <span class='ocrx_word' id='word_1_742' title='bbox 722 5697 1076 5761; x_wconf 74' lang='lat' dir='ltr'><strong>cognoscentes</strong></span> <span class='ocrx_word' id='word_1_743' title='bbox 1113 5703 1442 5756; x_wconf 81' lang='lat' dir='ltr'><strong>congenerem</strong></span> <span class='ocrx_word' id='word_1_744' title='bbox 1467 5686 1721 5742; x_wconf 72' lang='lat' dir='ltr'><strong>misereri.</strong></span> 
     </span>
    </p>
   </div>
   <div class='ocr_carea' id='block_1_97' title="bbox 958 5571 1899 5638">
    <p class='ocr_par' dir='ltr' id='par_1_97' title="bbox 958 5571 1899 5638">
     <span class='ocr_line' id='line_1_97' title="bbox 958 5571 1899 5638; baseline 0.002 -12"><span class='ocrx_word' id='word_1_745' title='bbox 958 5573 1000 5604; x_wconf 80' lang='lat'><strong>&quot;</strong></span> <span class='ocrx_word' id='word_1_746' title='bbox 1024 5572 1211 5627; x_wconf 86' lang='lat' dir='ltr'><strong>Matth.</strong></span> <span class='ocrx_word' id='word_1_747' title='bbox 1238 5576 1305 5638; x_wconf 64' lang='lat' dir='ltr'><strong>x,‘</strong></span> <span class='ocrx_word' id='word_1_748' title='bbox 1328 5571 1413 5627; x_wconf 75' lang='grc'><strong>52.</strong></span> <span class='ocrx_word' id='word_1_749' title='bbox 1489 5572 1534 5604; x_wconf 78' lang='grc' dir='ltr'><strong>⁸ο</strong></span> <span class='ocrx_word' id='word_1_750' title='bbox 1564 5572 1733 5627; x_wconf 84' lang='lat' dir='ltr'><strong>Eccle.</strong></span> <span class='ocrx_word' id='word_1_751' title='bbox 1771 5587 1809 5638; x_wconf 87' lang='grc' dir='ltr'><strong>ι,</strong></span> <span class='ocrx_word' id='word_1_752' title='bbox 1846 5572 1899 5628; x_wconf 76' lang='grc'><strong>1.</strong></span> 
     </span>
    </p>
   </div>
   <div class='ocr_carea' id='block_1_98' title="bbox 2003 5366 3538 5441">
    <p class='ocr_par' dir='ltr' id='par_1_98' title="bbox 2003 5366 3538 5441">
     <span class='ocr_line' id='line_1_98' title="bbox 2003 5366 3538 5441; baseline -0.002 -17"><span class='ocrx_word' id='word_1_753' title='bbox 2003 5371 2130 5435; x_wconf 90' lang='lat' dir='ltr'><strong>vati,</strong></span> <span class='ocrx_word' id='word_1_754' title='bbox 2168 5386 2337 5441; x_wconf 83' lang='lat' dir='ltr'><strong>neque</strong></span> <span class='ocrx_word' id='word_1_755' title='bbox 2367 5369 2632 5440; x_wconf 89' lang='lat' dir='ltr'><strong>respicere</strong></span> <span class='ocrx_word' id='word_1_756' title='bbox 2658 5383 2867 5423; x_wconf 91' lang='lat' dir='ltr'><strong>sursum</strong></span> <span class='ocrx_word' id='word_1_757' title='bbox 2892 5368 2957 5422; x_wconf 91' lang='lat' dir='ltr'><strong>ad</strong></span> <span class='ocrx_word' id='word_1_758' title='bbox 2984 5366 3146 5422; x_wconf 89' lang='lat' dir='ltr'><strong>Deum</strong></span> <span class='ocrx_word' id='word_1_759' title='bbox 3174 5375 3392 5437; x_wconf 88' lang='lat' dir='ltr'><strong>possunt</strong></span> <span class='ocrx_word' id='word_1_760' title='bbox 3418 5368 3538 5436; x_wconf 89' lang='lat' dir='ltr'><strong>quia</strong></span> 
     </span>
    </p>
   </div>
   <div class='ocr_carea' id='block_1_99' title="bbox 1999 5460 3541 5535">
    <p class='ocr_par' dir='ltr' id='par_1_99' title="bbox 1999 5460 3541 5535">
     <span class='ocr_line' id='line_1_99' title="bbox 1999 5460 3541 5535; baseline -0.002 -19"><span class='ocrx_word' id='word_1_761' title='bbox 1999 5463 2202 5529; x_wconf 88' lang='lat' dir='ltr'><strong>nolunt,</strong></span> <span class='ocrx_word' id='word_1_762' title='bbox 2242 5479 2414 5535; x_wconf 84' lang='lat' dir='ltr'><strong>neque</strong></span> <span class='ocrx_word' id='word_1_763' title='bbox 2434 5476 2596 5533; x_wconf 84' lang='lat' dir='ltr'><strong>opera</strong></span> <span class='ocrx_word' id='word_1_764' title='bbox 2636 5460 2751 5529; x_wconf 87' lang='lat' dir='ltr'><strong>ejus</strong></span> <span class='ocrx_word' id='word_1_765' title='bbox 2777 5460 2975 5526; x_wconf 89' lang='lat' dir='ltr'><strong>videre,</strong></span> <span class='ocrx_word' id='word_1_766' title='bbox 3008 5474 3181 5531; x_wconf 90' lang='lat' dir='ltr'><strong>neque</strong></span> <span class='ocrx_word' id='word_1_767' title='bbox 3200 5474 3265 5516; x_wconf 80' lang='lat' dir='ltr'><strong>ex</strong></span> <span class='ocrx_word' id='word_1_768' title='bbox 3291 5460 3541 5530; x_wconf 79' lang='lat' dir='ltr'><strong>operibus</strong></span> 
     </span>
    </p>
   </div>
  </div>
