4050 6206
522 295 649 348 “9|

1187 293 1452 349 EUSEBH
1490 292 1959 349 CAESARIENSIS
1993 290 2140 347 OPP.
2182 292 2361 347 PARS
2397 294 2483 349 IV.
2527 325 2591 333 —
2633 293 3047 350 DOGSIATICA.

3621 301 3748 357 “9‘!

521 407 769 474 opilicem
798 416 1125 472 agnoscere:
1150 405 1238 457 ubi
1269 405 1410 458 enim
1438 404 1660 460 declivis
1690 404 1853 459 fuerit
1882 405 2081 465 anima,
2114 407 2160 463 Α
2186 404 2431 460 diabolus
2459 419 2561 458 non
2606 420 2727 459 cum
2777 414 2933 460 nocet
2980 415 3104 459 tunc
3142 404 3316 459 solum
3354 414 3409 462 et
3450 411 3617 467 malus
3649 429 3753 471 est-

524 498 670 560 illuc,
706 508 762 549 ut
796 498 865 549 ita
903 496 1095 556 dicam,
1127 504 1181 547 et
1207 493 1435 549 edicitur
1460 497 1601 565 quod
1628 496 1918 550 desiderat.
1944 495 2093 549 Sicut

522 589 665 643 enim
694 602 756 641 ea
787 601 905 655 qua:
934 585 1000 638 ab
1036 585 1158 652 igne
1187 583 1457 649 calellunt,
1487 581 1807 648 eﬂiciuntur,
1835 595 1890 637 nt
1918 584 1987 636 ita
2015 585 2095 637 di-

524 696 667 743 cam,
702 680 871 749 ignis;
904 688 957 731 et
985 692 1103 745 qua:
1132 676 1371 731 odomtis
1392 676 1579 744 juncta
1612 674 1826 737 fuerint,
1854 675 2093 730 eﬂiciun-

528 783 634 836 tur,
665 774 919 835 odorata;
963 779 1017 823 et
1052 784 1173 837 quae
1223 767 1533 832 contrariis,
1575 767 1843 821 contraria
1888 787 1900 820 :
1941 768 2011 820 ita
2042 777 2094 819 et

526 868 703 919 anima
736 865 823 917 ubi
870 863 1090 917 declivis
1132 860 1423 925 exstiterit,
1476 860 1541 912 ad
1596 860 1696 913 hoc
1728 859 2007 913 deducitur
2040 867 2094 912 et

528 968 738 1012 natura.
769 956 1015 1025 Tingitur
1067 954 1206 1007 enim
1237 953 1628 1016 alacritatibus,
1662 960 1715 1004 et
1757 950 1945 1005 similis
1978 965 2092 1002 tuo-

529 1050 763 1103 tionibus
791 1050 1015 1101 ellicitur
1066 1046 1197 1110 suis,
1232 1055 1285 1098 et
1320 1044 1635 1114 dignitatem
1676 1052 1858 1112 utpote
1890 1051 2093 1095 naturae

529 1159 633 1196 non
669 1142 902 1201 salvans,
933 1141 983 1193 in
1022 1138 1175 1191 malis
1210 1136 1441 1191 edicitur
1499 1136 1659 1190 mala.
1700 1136 1754 1190 Si
1801 1146 1977 1189 autem
2024 1132 2091 1188 ad

527 1250 588 1289 ea
645 1250 765 1302 qua:
810 1248 968 1301 supra
1016 1246 1071 1284 se
1099 1238 1223 1282 sunt
1271 1230 1585 1296 respexerit,
1636 1243 1846 1282 sursqu
1879 1224 2089 1288 eﬂecta,

528 1327 878 1382 constituitur
932 1324 995 1375 ad
1031 1338 1090 1376 ea
1128 1336 1243 1389 qme
1280 1332 1334 1375 et
1378 1321 1703 1376 desideravit
1740 1336 1753 1372 :
1803 1318 2088 1371 multorum

529 1425 669 1476 enim
702 1419 1039 1474 conversatio
1089 1433 1193 1471 non
1224 1416 1523 1480 hominum,
1565 1416 1657 1469 sed
1696 1428 1946 1483 pecorum
1988 1420 2089 1464 est.

529 1514 671 1567 Nihil
706 1514 845 1565 enim
893 1510 1033 1564 aliud
1083 1511 1340 1579 cogitant,
1392 1507 1491 1562 nisi
1527 1515 1585 1561 ul.
1617 1506 1960 1566 manducent,
1998 1514 2090 1557 aut

529 1604 736 1670 bibant,
768 1612 858 1657 aut
886 1603 1117 1672 rapiant,
1156 1609 1247 1654 aut
1275 1600 1629 1663 fraudentur;
1676 1597 1725 1650 in
1759 1597 1841 1651 his
1871 1597 2013 1649 enim
2038 1604 2090 1650 et

531 1699 734 1758 vivunt.
762 1698 805 1750 si
859 1705 1034 1749 tamen
1087 1702 1139 1747 et
1171 1694 1331 1746 vitam
1369 1694 1525 1746 istam
1566 1700 1774 1760 oportet
1796 1690 1905 1758 jam
1932 1690 2033 1742 dici
2072 1706 2083 1742 :

2193 496 2284 549 sed
2314 496 2437 556 quia
2470 498 2747 565 proposuit
2784 512 2995 563 nocere,
3042 498 3202 552 habet
3231 500 3492 556 malitiam
3525 519 3579 559 et
3607 518 3753 563 ante-

2194 601 2353 656 quam
2394 585 2606 640 eﬂiciat.
2655 585 2721 640 Et
2769 586 3001 655 maligno
3047 585 3247 642 suliicit
3278 590 3479 646 malitia
3516 609 3634 650 sua.
3668 597 3753 653 Si-

2192 680 2404 748 quidem
2436 689 2489 733 et
2537 692 2812 750 agr0tans,
2845 680 3056 733 etiamsi
3091 695 3198 733 non
3237 683 3548 753 castigetur,
3578 698 3755 745 tamen

2195 772 2354 826 habet
2379 772 2576 825 malum
2609 772 2919 841 languorem
2948 791 2960 825 :
2996 772 3065 825 ita
3095 782 3149 826 et
3175 774 3261 842 qui
3294 776 3512 843 languet
3538 781 3714 833 anima
3737 824 3752 845 ,

2192 863 2401 917 etiamsi
2441 878 2543 917 non
2579 862 2773 917 missus
2798 863 2961 917 fuerit
2991 864 3042 918 in
3083 866 3396 934 gehennam,
3426 879 3611 924 tamen
3636 888 3750 941 pro-

2191 965 2345 1007 curat
2372 954 2470 1007 sibi
2498 954 2719 1007 malum.
2753 953 2885 1019 Quis
2931 964 3109 1009 autem
3146 963 3200 1010 et
3237 956 3585 1013 exhortatur?
3612 960 3751 1015 Tan-

2194 1053 2301 1099 tum
2324 1051 2407 1099 est
2433 1046 2575 1099 enim
2619 1045 2817 1098 malum
2850 1045 3068 1111 malum,
3118 1047 3269 1116 cujus
3306 1056 3622 1104 tentamenta
3656 1069 3753 1121 ge-

2194 1138 2423 1191 hennam
2461 1146 2675 1207 parant.
2704 1137 2912 1192 Etcum
2939 1139 3051 1193 haec
3092 1139 3165 1193 ita
3202 1141 3334 1205 sint,
3363 1156 3453 1196 nos
3480 1152 3656 1198 tamen
3689 1154 3751 1199 ut

2192 1230 2394 1283 inimici
2430 1230 2654 1299 proprii,
2700 1230 2769 1282 ita
2810 1229 3055 1283 videmur
3078 1231 3279 1285 vivere.
3322 1230 3410 1285 llle
3439 1234 3569 1286 enim
3594 1234 3747 1289 laeta-

2192 1329 2299 1383 tur,
2328 1320 2452 1388 quia
2488 1320 2739 1373 mentitus
2774 1320 2954 1384 latuit;
2999 1322 3132 1375 alius
3173 1323 3388 1391 gaudet,
3417 1324 3535 1391 quia
3556 1338 3741 1391 prove-

2193 1414 2271 1468 nit
2300 1415 2348 1469 ei
2386 1415 2658 1483 decipere.
2708 1414 2774 1467 Et
2812 1414 3031 1467 avaritia
3058 1414 3263 1469 lucrum
3300 1423 3481 1484 putata
3514 1424 3591 1468 est
3622 1430 3735 1468 cum

2190 1506 2260 1561 sit
2288 1507 2572 1571 damnum;
2604 1515 2657 1559 et
2699 1505 2860 1560 libido
2892 1506 3154 1575 voluptas,
3191 1521 3312 1560 cum
3362 1506 3431 1560 sit
3466 1505 3641 1559 luctus
3668 1505 3743 1560 his

2187 1598 2280 1667 qui
2332 1600 2547 1666 sapiunt
2580 1598 2733 1652 bene.
2789 1598 2854 1651 Et
2887 1611 3145 1652 conversa
3196 1606 3323 1651 sunt
3365 1597 3523 1652 nobis
3548 1600 3746 1661 omnia,

2190 1690 2313 1758 quia
2343 1688 2781 1757 circumscriptus
2826 1703 2854 1742 a
2887 1688 3043 1743 nobis
3068 1696 3151 1743 est
3175 1690 3458 1758 cogitatus.
3515 1690 3580 1744 Et
3610 1702 3754 1744 certe

530 1805 636 1844 non
663 1789 987 1843 sufﬁcientes
1032 1786 1173 1840 enim
1222 1785 1375 1838 malis
1427 1785 1509 1838 his
1545 1800 1663 1851 quae
1712 1798 1739 1835 a
1786 1781 1916 1836 l‘oris
1944 1791 2090 1847 sunt,
2124 1767 2164 1822 Β
2194 1782 2334 1851 cogit
2360 1790 2415 1836 et
2437 1781 2711 1835 contendit
2734 1795 2945 1847 sensus,
2988 1790 3044 1835 ut
3071 1795 3176 1834 non
3200 1780 3447 1849 ejiciatur
3473 1796 3503 1834 a
3537 1796 3755 1851 posses‘

529 1881 632 1949 jam
667 1890 719 1934 et
748 1894 963 1934 carnem
997 1893 1147 1932 suam
1182 1878 1551 1931 contaminare
1582 1876 1827 1941 student;
1861 1876 1938 1929 sic
1965 1889 2095 1945 gau-

530 1972 656 2024 dent
690 1970 833 2024 enim
870 1968 919 2021 in
958 1968 1133 2032 malis,
1167 1976 1222 2019 ut
1277 1966 1476 2020 inimici
1525 1965 1626 2019 sibi
1654 1982 1667 2028 ;
1702 1974 1901 2017 etcum
1929 1965 2094 2018 debe-

533 2070 653 2113 rent
681 2060 884 2129 lugere,
921 2058 1045 2126 quia
1080 2072 1182 2109 non
1218 2056 1349 2109 bene
1376 2056 1584 2119 vivunt,
1622 2054 1868 2109 lzetantur
1901 2054 1952 2107 in
1980 2069 2095 2106 ma-

533 2150 597 2204 lis
629 2159 682 2203 et
717 2152 997 2202 tristantur
1031 2150 1081 2200 in
1125 2148 1277 2200 bonis
1307 2165 1320 2200 :
1353 2148 1615 2215 duplicem
1653 2156 1833 2213 utpote
1875 2146 2093 2200 etecita-

535 2251 640 2293 tem
682 2240 961 2303 habentes,
1012 2248 1065 2291 et
1118 2237 1256 2306 quod
1306 2238 1572 2291 malorum
1630 2252 1735 2289 non
1791 2235 2093 2305 intelligunt

535 2329 814 2392 malitiam,
846 2338 900 2381 et
941 2327 1081 2397 quod
1120 2327 1382 2381 honorum
1426 2340 1528 2379 non
1576 2334 1855 2379 assumunt
1881 2322 2095 2379 fruitio-

534 2437 692 2486 nem;
726 2430 1056 2476 concurrunt
1082 2420 1222 2472 enim
1250 2418 1535 2472 adversum
1562 2432 1645 2482 se,
1671 2426 1722 2471 et
1750 2416 1849 2471 sibi
1880 2429 2095 2473 contra-

534 2515 613 2567 ria
656 2521 965 2581 operantur.
1010 2510 1234 2565 Plurimi
1282 2509 1425 2563 enim
1484 2523 1861 2577 nonnunquam
1914 2523 2097 2578 proce-

534 2608 669 2660 dunt
697 2605 827 2671 laeti,
870 2604 993 2673 quia
1022 2611 1263 2657 ventrem
1306 2598 1577 2669 replerunt
1618 2614 1792 2663 suum,
1827 2611 1880 2653 et
1919 2610 2095 2653 mente

534 2698 784 2751 exierunt
812 2712 907 2751 sua
950 2694 1059 2765 (91)
1100 2712 1112 2747 :
1145 2704 1194 2747 et
1227 2694 1439 2747 beatmn
1486 2693 1624 2746 diem
1675 2694 1857 2746 dicunt
1900 2692 1952 2747 in
1987 2708 2096 2762 quo

536 2803 641 2842 non
677 2788 947 2842 vixerunt.
1002 2785 1117 2838 Vita
1150 2786 1290 2840 enim
1346 2785 1623 2837 hominum
1656 2784 1754 2838 ista
1787 2794 1869 2837 est
1910 2793 1967 2837 ut
2010 2800 2096 2838 ra-

538 2884 684 2937 tione
730 2890 973 2943 utautur,
1019 2879 1143 2948 quia
1186 2889 1240 2931 et
1267 2876 1610 2931 rationabiles
1651 2877 1928 2931 habentur.
1962 2878 2093 2931 Cum

537 2984 714 3027 autem
748 2974 973 3026 obrutus
1026 2970 1186 3025 fuerit
1233 2983 1445 3031 sensus,
1496 2968 1709 3022 transiit
1764 2968 1881 3023 sine
1934 2984 2094 3022 causa

2194 1876 2343 1930 sione
2375 1889 2489 1930 sua.
2528 1873 2661 1928 Nam
2692 1874 2791 1929 etsi
2828 1873 3190 1943 unusquisque
3237 1883 3479 1927 nostrum
3508 1874 3755 1927 obruitur

2195 1982 2222 2021 a
2252 1966 2591 2036 passionibus
2620 1966 2891 2032 vitiorum,
2920 1976 3093 2019 tamen
3125 1965 3191 2018 ad
3238 1965 3342 2018 alia
3369 1978 3561 2019 sensus
3584 1964 3754 2032 digni-

2198 2066 2358 2112 tatem
2397 2072 2549 2112 suam
2581 2057 2858 2111 vindicans
2890 2066 3108 2126 apparet
3140 2078 3151 2111 :
3190 2066 3246 2109 ut
3270 2066 3421 2125 puta,
3469 2071 3571 2110 non
3600 2056 3753 2109 video

2196 2164 2310 2201 mea
2353 2148 2516 2211 mala,
2555 2149 2647 2200 sed
2678 2146 2851 2200 aliena
2894 2146 3030 2200 mala
3080 2148 3319 2201 irascens
3351 2146 3623 2202 consentio
3667 2145 3747 2198 in-

2196 2240 2379 2294 teriori
2415 2239 2637 2305 homini,
2686 2238 2784 2309 legi
2814 2249 2994 2309 utpote
3039 2239 3147 2293 Dei.
3186 2238 3251 2292 Et
3282 2238 3405 2307 quia
3452 2239 3623 2291 anima
3652 2252 3745 2290 na-

2196 2344 2312 2386 tura
2338 2332 2504 2401 magis
2537 2330 2719 2400 juncta
2748 2340 2830 2385 est
2861 2332 3033 2397 bonis,
3066 2331 3189 2401 quia
3218 2332 3332 2385 odit
3362 2329 3528 2385 malos
3548 2340 3604 2383 et
3630 2327 3749 2383 lau-

2194 2428 2283 2479 dat
2326 2425 2515 2488 honos,
2560 2424 2750 2495 duplex
2778 2424 3144 2479 testimonium
3184 2427 3339 2479 habet
3366 2425 3433 2478 ad
3461 2436 3754 2492 utrumque

2193 2529 2248 2572 et
2308 2517 2565 2571 malorum
2616 2526 2668 2570 et
2716 2515 2996 2569 bonorum.
3047 2515 3235 2585 Duplex
3286 2515 3402 2568 ideo
3450 2517 3573 2581 quia
3605 2515 3741 2580 odit,

2194 2610 2400 2663 etiamsi
2435 2609 2547 2678 ipsa
2578 2623 2683 2663 non
2718 2607 3053 2661 commodum
3079 2621 3229 2660 suum
3253 2612 3427 2670 amat;
3455 2613 3508 2657 et
3531 2618 3601 2658 ex
3638 2604 3745 2657 hoc

2193 2702 2425 2756 ostendit
2458 2701 2583 2769 quia
2612 2715 2716 2753 non
2744 2700 3044 2754 delectatur
3074 2710 3263 2752 natura
3287 2697 3403 2765 ejus
3431 2696 3496 2749 ad
3529 2694 3748 2751 malum.

2197 2792 2252 2847 Si
2281 2793 2439 2861 igitur
2482 2790 2680 2856 anima,
2726 2800 2786 2843 ut
2820 2800 3098 2844 ostensum
3127 2796 3230 2850 est,
3281 2787 3348 2840 ad
3397 2785 3596 2839 bonum
3633 2800 3755 2855 pro-

2196 2884 2384 2937 clivior
2410 2892 2510 2948 est,
2542 2898 2637 2936 cur
2671 2896 2774 2935 non
2815 2882 2866 2935 in
2908 2882 3019 2935 suis
3048 2879 3265 2933 manet?
3290 2890 3507 2948 propter
3538 2879 3755 2947 placibi-

2195 2977 2396 3030 litatem
2430 2976 2625 3044 quippe
2648 2975 2727 3029 sui
2762 2992 2775 3028 :
2812 2973 2909 3028 sibi
2941 2974 3083 3026 enim
3113 2974 3348 3042 placere,
3384 2973 3613 3026 tenebra:
3632 2982 3757 3026 sunt

538 3067 671 3129 dies,
702 3074 755 3120 et
781 3082 883 3119 non
912 3063 1071 3118 debet
1099 3061 1398 3131 computari
1430 3062 1482 3113 in
1512 3062 1639 3126 vita,
1694 3061 1747 3114 in
1772 3075 1876 3130 quo
1907 3076 2095 3116 sensus
2122 3103 2163 3159 ο
2198 3070 2419 3134 animm;
2459 3069 2550 3122 sed
2598 3082 2716 3137 qua:
2766 3068 2903 3137 apud
2934 3066 3177 3119 homines
3221 3076 3481 3135 putantur
3528 3066 3753 3136 placida,

538 3173 643 3212 non
678 3157 914 3225 respexit
954 3155 1017 3208 ad
1070 3169 1326 3223 superna.
1359 3151 1572 3206 Utinam
1627 3162 1804 3205 autem
1835 3168 2005 3222 neque
2029 3155 2093 3207 ad

537 3250 727 3311 vitam,
752 3262 924 3314 neque
948 3247 1011 3299 ad
1048 3244 1244 3298 malam
1278 3243 1486 3296 videret
1516 3242 1652 3313 (92).
1680 3241 1836 3295 Aliud
1852 3254 1932 3295 est
1954 3242 2094 3296 enim

538 3340 769 3392 otiosum
802 3351 921 3389 esse
952 3352 979 3388 a
1007 3334 1148 3389 malo
1173 3343 1225 3387 et
1255 3334 1415 3397 bono,
1454 3343 1506 3386 et
1533 3348 1649 3385 esse
1686 3342 1935 3401 tanquam
1970 3333 2098 3387 dor-

540 3431 793 3483 mientem
820 3437 912 3482 aut
933 3438 1240 3493 mortuum;
1274 3436 1327 3481 et
1357 3427 1501 3481 aliud
1534 3427 1666 3482 bont
1705 3428 1911 3497 quidem
1940 3429 2095 3496 mori,

539 3522 681 3576 malo
711 3530 885 3575 autem
921 3521 1116 3574 vivere.
1160 3520 1221 3573 Et
1252 3534 1423 3589 neque
1471 3530 1659 3573 natura
1707 3522 1936 3576 hominis
1976 3536 2099 3575 sua-

540 3618 629 3669 det
653 3630 764 3676 eos,
798 3628 968 3682 neque
1003 3613 1316 3681 Scriptura:
1351 3624 1403 3666 et
1429 3622 1646 3679 errant;
1676 3629 1847 3683 neque
1869 3631 2100 3684 prresen-

542 3709 636 3772 tia,
665 3722 834 3777 neque
860 3708 1034 3759 futura
1066 3707 1307 3760 suadent.
1340 3705 1590 3771 Qumdam
1631 3707 1769 3759 enim
1814 3709 2099 3777 reprehen-

540 3805 747 3859 sionem
786 3801 1040 3871 pracbent,
1072 3801 1315 3869 quaedam
1348 3808 1523 3851 autem
1562 3809 1778 3867 prOpler
1806 3814 1950 3869 spem
1981 3816 2099 3854 sur-

542 3911 658 3950 sum
697 3894 990 3947 adducunt.
1048 3889 1296 3944 Videmus
1326 3890 1466 3943 enim
1496 3897 1548 3943 et
1588 3891 1910 3957 morientes;
1955 3893 2103 3947 vide-

543 4002 661 4041 mus
701 3996 754 4040 et
778 3984 1014 4054 sepultos
1041 3994 1095 4036 et
1126 3998 1229 4036 non
1262 3985 1517 4053 sepultos,
1547 3996 1600 4038 et
1639 4000 1729 4039 eos
1759 3985 1846 4054 qui
1880 3984 2098 4051 deﬂent,

543 4089 597 4134 et
623 4078 826 4143 dolent,
856 4086 909 4131 et
938 4077 1301 4130 lamentantur
1320 4094 1333 4130 :
1352 4091 1475 4131 vere
1505 4077 1573 4130 ita
1597 4092 1780 4132 sumus
1803 4088 1859 4132 ut
1888 4094 1991 4133 non
2024 4079 2103 4133 vi-

544 4172 733 4227 dentes
765 4185 877 4223 eos.
910 4167 985 4222 lla
1028 4168 1169 4221 enim
1195 4178 1441 4238 putamus
1464 4170 1625 4223 vitam
1665 4184 1783 4224 esse
1809 4184 1949 4235 eam,
1984 4185 2103 4240 qua:

545 4278 650 4317 non
681 4272 764 4317 est
785 4261 890 4314 vita
921 4277 934 4314 :
970 4276 1089 4313 nam
1130 4270 1182 4313 et
1216 4260 1598 4315 manducantes
1628 4260 1884 4328 lmdimur,
1920 4272 1973 4316 et
2002 4263 2104 4316 ite-

548 4373 666 4410 rum
700 4355 1088 4409 desideramus.
1140 4354 1239 4420 Qui
1270 4352 1575 4409 libidinibus
1603 4370 1799 4425 corpus
1840 4356 2105 4411 maculant

2199 3161 2525 3215 contrariam
2582 3160 2779 3214 habent
2809 3158 3093 3221 virtutem;
3139 3156 3321 3211 odium
3369 3156 3513 3210 enim
3545 3167 3598 3211 et
3650 3171 3752 3210 non

2202 3254 2522 3325 placibililas
2548 3265 2649 3307 est.
2687 3252 2743 3306 Si
2776 3254 2917 3307 enim
2959 3264 3079 3304 vere
3110 3263 3376 3314 amemus,
3412 3263 3513 3301 non
3542 3258 3752 3301 contra-

2204 3348 2282 3400 ria
2311 3362 2428 3417 qua:
2452 3362 2591 3399 nunc
2618 3346 2771 3399 nobis
2796 3345 3055 3396 donamus
3076 3343 3419 3396 donaremus.
3448 3339 3561 3395 Non
3588 3341 3759 3397 ebrie-

2206 3449 2365 3493 tatem
2395 3438 2609 3507 quippe,
2651 3436 2742 3490 sed
2776 3434 3036 3505 jejunium
3080 3451 3092 3487 :
3128 3448 3234 3487 non
3274 3435 3493 3497 theatra,
3532 3434 3628 3488 sed
3660 3448 3755 3489 ec-

2204 3532 2421 3587 clesiam
2470 3548 2483 3584 :
2533 3544 2638 3582 non
2684 3528 2902 3595 lapides,
2939 3527 3031 3581 sed
3067 3526 3229 3579 Deum
3288 3545 3302 3581 :
3352 3542 3453 3580 non
3486 3525 3626 3593 lites,
3662 3528 3756 3581 sed

2204 3640 2388 3696 pacem
2427 3640 2440 3676 :
2476 3636 2579 3676 non
2615 3618 2980 3697 homicidium,
3015 3618 3106 3672 sed
3139 3619 3353 3671 tutelam
3386 3618 3576 3672 Salutis
3611 3636 3625 3671 :
3658 3632 3761 3672 non

2205 3716 2637 3779 fornicationem,
2668 3712 2758 3768 sed
2788 3711 3120 3782 pudicitiam.
3150 3709 3203 3763 Si
3234 3710 3373 3763 enim
3400 3710 3764 3779 nosmetipsos

2204 3822 2533 3871 amaremus,
2558 3822 2684 3861 vere
2714 3808 3039 3860 donaremus
3065 3803 3216 3859 nobis
3244 3803 3406 3858 bona.
3456 3801 3592 3868 Quia
3618 3801 3758 3855 enim

2205 3902 2435 3965 odimus,
2466 3902 2724 3953 donamus
2774 3905 2828 3951 et
2873 3909 3220 3965 procuramus
3272 3894 3427 3947 nobis
3465 3891 3623 3946 mala.
3654 3890 3757 3943 Sed

2206 3995 2350 4049 sicut
2375 4002 2592 4057 matres,
2626 3992 2696 4043 ita
2721 3998 2775 4043 et
2809 4003 2960 4042 mens
2977 3988 3217 4041 habetur.
3252 3985 3590 4053 Quaecunque
3616 3983 3758 4037 enim

2206 4095 2410 4140 matres
2442 4091 2661 4152 parcent
2695 4064 2806 4135 suis
2842 4080 2983 4145 liliis,
3008 4094 3111 4133 non
3146 4078 3420 4132 mittentes
3445 4091 3536 4131 eos
3561 4076 3625 4129 ad
3648 4086 3759 4130 stu-

2210 4180 2328 4238 dia;
2380 4177 2445 4230 ad
2501 4176 2786 4229 utilitatem
2833 4173 3027 4242 quippe
3075 4172 3198 4224 dum
3234 4170 3483 4224 videntur
3536 4170 3756 4233 donare,

2209 4278 2406 4325 nocent
2444 4289 2455 4322 :
2497 4268 2567 4321 ita
2602 4276 2656 4322 et
2689 4281 2785 4319 nos
2815 4280 2908 4333 per
2934 4264 3227 4318 carcitatem
3280 4262 3467 4315 mentis
3506 4268 3758 4328 putantes

2214 4361 2414 4430 aliquid
2461 4358 2613 4412 nobis
2657 4357 2877 4418 donare,
2926 4354 3219 4423 decipimus
3260 4365 3353 4405 nos
3387 4359 3440 4403 et
3475 4363 3760 4404 uocemus.

546 4459 604 4504 et
634 4449 824 4502 anima:
858 4455 1069 4510 nocent,
1108 4461 1210 4499 non
1248 4446 1502 4499 recedunt
1530 4460 1559 4497 a
1594 4461 1765 4511 noxa;
1812 4448 1903 4501 sed
1934 4459 1989 4502 et
2011 4464 2101 4503 ac-
2133 4462 2181 4522 ι)
2209 4455 2274 4509 Ει
2302 4462 2448 4505 certe
2473 4451 2753 4503 incurrunt
2788 4446 2940 4501 nobis
2966 4454 3019 4499 et
3054 4444 3338 4499 adveniunt
3371 4457 3763 4511 nonnunquam

549 4543 769 4608 cedunt,
820 4548 879 4595 ut
934 4555 1164 4608 aucupes
1204 4538 1486 4603 malorum,
1542 4538 1765 4592 tnultum
1823 4539 2107 4608 vigilantes

550 4648 646 4704 per
697 4642 907 4686 noctem
939 4630 1076 4684 male
1128 4647 1141 4682 :
1175 4640 1265 4682 aut
1303 4630 1443 4681 enim
1477 4629 1852 4684 ambitionibus
1902 4632 2109 4699 inquie-

556 4735 755 4790 tantur,
800 4734 891 4777 aut
931 4739 959 4777 a
996 4722 1437 4791 concupiscentiis
1472 4722 1785 4786 illiciuntur,
1828 4731 1920 4776 aut
1946 4742 1973 4777 a
2012 4738 2105 4778 co-

553 4818 899 4888 gitationibus
931 4815 1084 4869 malis
1121 4815 1444 4868 excitantur.
1486 4814 1540 4867 Si
1570 4824 1746 4867 autem
1791 4824 1844 4868 et
1897 4825 2111 4884 oportet

556 4910 821 4978 cogitatus
853 4906 1055 4971 vocari,
1087 4913 1140 4958 et
1178 4904 1429 4957 meditata
1481 4918 1574 4971 per
1604 4914 1813 4957 noctem
1856 4897 2109 4959 festinant

556 5002 865 5073 procedere,
903 5009 957 5051 ut
992 5012 1051 5050 ea
1078 5012 1194 5066 quac
1217 5010 1310 5065 per
1338 5005 1545 5051 noctem
1576 4996 1875 5067 c0gitarunt
1907 4998 2105 5052 admit—

558 5104 669 5148 tant
703 5103 954 5161 Ianquam
1010 5090 1315 5159 ignorantes
1355 5111 1367 5144 :
1413 5090 1537 5157 quia
1584 5090 1672 5157 qui
1708 5088 1833 5142 facit
1881 5089 2103 5153 malum,

556 5184 783 5253 amplius
814 5183 973 5237 habet
1025 5180 1240 5243 malum,
1280 5196 1441 5249 quam
1486 5181 1530 5235 is
1584 5181 1675 5250 qui
1729 5196 1757 5233 a
1795 5195 1853 5235 se
1905 5182 2106 5251 patitur

559 5276 775 5332 malmn.
819 5274 969 5329 Sicut
1018 5273 1160 5327 enim
1197 5272 1333 5341 ignis
1361 5273 1463 5326 alia
1495 5272 1705 5343 quidem
1737 5273 2018 5335 comburit,
2052 5272 2106 5325 in

559 5366 846 5434 semetipso
899 5373 1075 5418 autem
1122 5364 1366 5417 ardorem
1421 5361 1669 5417 incendii'
1692 5362 1894 5431 primus
1922 5361 2101 5429 habet,

563 5454 634 5508 ita
658 5464 712 5509 et
734 5456 932 5509 malitia
960 5455 1191 5525 primum
1222 5454 1552 5524 possidentes
1574 5464 1748 5508 nocet.
1793 5452 2027 5523 Denique
2051 5465 2106 5508 et

655 5679 741 5751 9i)
772 5678 869 5751 his.
896 5689 1058 5751 mente
1085 5680 1386 5735 exstiterunt
1410 5695 1524 5751 suo.

656 5746 745 5816 92')
774 5749 869 5805 Ms.
905 5750 971 5802 ad
1017 5752 1208 5803 malam
1252 5752 1427 5803 vitam.
1462 5749 1621 5803 Forte
1668 5746 1943 5816 legendum
1988 5754 2095 5813 est,

2210 4554 2264 4601 et
2297 4544 2520 4613 vestigia
2559 4542 2843 4601 bonorum,
2870 4548 2923 4590 et
2966 4545 3243 4607 gustamus
3272 4534 3555 4604 aliquoties
3583 4543 3637 4588 et
3668 4550 3765 4588 nos

2208 4636 2613 4692 delectationem
2639 4646 2703 4687 ex
2736 4628 3010 4698 pudicitia.
3058 4629 3114 4683 Si
3146 4639 3326 4683 autem
3356 4638 3410 4682 et
3440 4627 3767 4681 voluerimus

2205 4740 2549 4799 perseverare
2576 4725 2626 4776 in
2659 4730 2836 4793 gustu,
2864 4730 2918 4774 et
2942 4734 3274 4788 comparare,
3306 4727 3566 4788 quantum
3607 4718 3767 4771 vehe-

2210 4818 2439 4873 mentior
2458 4825 2543 4871 est
2563 4816 2799 4869 suavitas
2827 4830 2891 4869 ex
2918 4815 3194 4886 pudicitia,
3219 4827 3377 4881 quam
3406 4826 3469 4866 ea
3498 4825 3614 4879 qua:
3642 4825 3671 4862 a
3714 4810 3766 4863 Ii-

2208 4912 2395 4965 bidine
2431 4909 2593 4963 venit.
2628 4907 2878 4961 Suavitas
2904 4910 3045 4960 enim
3075 4921 3139 4961 ex
3169 4904 3423 4973 pudicitia
3452 4904 3566 4957 sine
3593 4902 3767 4971 paeni-

2209 5000 2373 5055 tentia
2392 5010 2496 5064 est,
2512 4998 2851 5053 immaculata
2870 5008 2971 5065 est,
2991 4996 3359 5063 immutabilis,
3379 4996 3590 5059 munda,
3609 5008 3770 5062 pura,

2207 5100 2413 5156 sancta,
2431 5102 2483 5143 et
2508 5093 2725 5144 nomine
2748 5102 2801 5143 et
2826 5105 2988 5159 opere
3010 5100 3063 5144 et
3084 5091 3315 5144 actibus.
3340 5089 3413 5142 Ex
3431 5087 3650 5142 libidine
3673 5101 3765 5140 au-

2214 5190 2317 5236 tem
2344 5197 2527 5246 suave,
2556 5192 2726 5252 turpe,
2756 5183 3148 5247 absconditum,
3185 5182 3301 5237 sine
3332 5180 3545 5244 ﬁducia,
3578 5188 3770 5233 conta-

2215 5275 2495 5338 minatum,
2521 5275 2787 5328 turbidum
2809 5284 2860 5327 et
2879 5288 3101 5342 corpore
3122 5284 3171 5328 et
3191 5275 3388 5335 anima,
3409 5286 3537 5325 cum
3558 5271 3764 5332 timore.

2211 5380 2331 5418 cum
2360 5368 2586 5431 turbela,
2618 5381 2737 5419 cum
2766 5367 3048 5435 sanguine,
3074 5382 3193 5419 cum
3220 5376 3450 5419 tremore
3479 5379 3644 5419 suave
3669 5371 3746 5416 est

2211 5454 2665 5521 Quemadmodum
2685 5473 2812 5528 ergo
2825 5458 3021 5513 suave?
3036 5457 3093 5513 Si
3112 5459 3232 5529 quis
3246 5468 3424 5513 autem
3441 5458 3673 5511 suaviter
3687 5461 3747 5505 de

2209 5687 2403 5727 nimam
2439 5686 2608 5728 autem
2647 5689 2806 5744 neque
2844 5688 2911 5725 aa
2938 5682 3138 5739 mnum,
3172 5688 3332 5743 neque
3364 5671 3431 5723 ad
3469 5672 3664 5724 malum
3689 5666 3754 5719 ri-

2203 5761 2259 5799 ve
2266 5753 2353 5799 τοι.
