4050 6206
390 286 531 347 H93

1486 275 1575 331 DE
1611 274 1953 332 OPERIBUS
1992 272 2190 330 BONIS
2230 273 2317 328 ET
2355 272 2585 329 MALIS.

3502 274 3644 332 ΗΜ

394 407 580 466 lectari
611 406 783 477 cupit,
820 415 947 460 vere
975 374 1281 458 secundum
1336 398 1585 471 Apostoli
1624 414 1811 456 vocem
1872 400 1969 453 ha-
1998 403 2043 459 Α
2073 413 2203 453 num
2231 396 2501 462 mulieris,
2532 403 2588 451 et
2616 392 2883 463 decerpsit
2929 394 2999 450 de
3050 395 3246 451 arbore
3291 393 3548 462 fructum,
3584 407 3640 454 et

394 502 487 555 bet
520 499 683 553 viam.
715 496 887 551 Suave
924 500 1009 547 est
1041 491 1188 545 enim
1216 490 1262 546 si
1295 488 1564 546 liberetur
1603 490 1728 560 quis
1760 506 1791 545 a
1827 504 1965 545 con-

395 590 631 653 fusione,
664 603 693 641 a
726 583 952 647 turbela,
990 597 1023 636 a
1058 582 1388 653 suspicione.
1446 581 1541 639 lsti
1587 584 1734 639 enim
1771 583 1966 639 oculus

396 697 505 737 non
534 681 686 735 latus
707 684 805 739 est,
843 676 944 729 sed
979 674 1248 743 sapientia
1304 673 1571 743 gaudens,
1620 683 1678 729 et
1728 674 1875 728 visus
1914 682 1967 730 et
1996 664 2029 701 7‘

396 784 565 840 purus
612 777 661 823 et
698 764 957 821 mundus.
1016 763 1119 820 Ubl
1162 772 1342 819 autem
1383 765 1723 821 conscientia
1774 765 1963 833 fuerit,

399 855 763 923 circumspicit
796 856 986 911 oculus
1040 868 1108 910 ne
1144 855 1265 925 quis
1308 856 1446 911 vidit
1472 872 1505 911 :-
1540 856 1656 913 sitit
1688 871 1808 923 cor,
1838 872 1965 927 pro-

398 959 515 1019 pter
556 942 669 1014 (95)
721 957 789 999 ea
840 958 962 1013 quae
1004 943 1337 1011 suspicatur,
1377 956 1432 1001 et
1481 946 1534 1000 in
1586 946 1835 1016 plurimis
1876 956 1964 1002 tu-

400 1039 492 1094 tela
531 1034 645 1106 (94)
681 1046 791 1100 est,
842 1044 898 1091 et
945 1050 1053 1089 non
1111 1047 1195 1091 est
1243 1037 1347 1093 istc
1403 1039 1695 1093 suavitatis
1744 1049 1961 1108 gustus.

393 1126 527 1192 Quid
557 1127 706 1180 enim
736 1139 901 1181 suave
931 1135 1016 1181 est
1044 1125 1100 1182 in
1126 1127 1203 1181 ira
1234 1127 1258 1182 i
1301 1139 1358 1182 et
1392 1140 1542 1186 certe
1580 1129 1964 1186 contendimus

387 1228 444 1273 et
474 1218 571 1273 ira:
608 1219 892 1273 adversum
920 1233 1021 1275 nos
1047 1222 1275 1276 donare.
1313 1220 1454 1287 Quid
1488 1236 1655 1277 suave
1685 1231 1771 1277 est
1805 1223 1857 1277 in
1888 1224 1965 1279 in-

388 1310 533 1363 vidia
570 1308 1060 1379 (95)?Tabescunt
1111 1311 1254 1366 enim
1297 1322 1353 1367 et
1401 1327 1549 1377 ossa,
1600 1324 1656 1369 et
1694 1329 1867 1380 mens,
1909 1322 1963 1368 et

388 1399 624 1455 medulla
666 1401 1047 1457 invidentium.
1079 1402 1187 1458 Sed
1228 1404 1273 1457 si
1317 1414 1649 1473 apparerent
1676 1407 1961 1475 passiones

390 1506 512 1546 cum
549 1491 760 1561 tierent,
791 1509 898 1549 non
927 1503 1113 1551 essent
1142 1497 1450 1565 passiones.
1482 1497 1641 1553 Sicut
1662 1499 1807 1554 enim
1854 1500 1959 1554 do-

293 1573 300 1583 ’
391 1584 510 1638 lens
546 1584 731 1640 oculus
764 1601 867 1641 non
905 1588 1069 1651 videt,
1112 1598 1169 1643 et
1203 1589 1256 1643 in
1293 1598 1558 1659 quantum
1609 1589 1778 1655 dolet,
1838 1598 1962 1643 tan-

393 1688 505 1733 tum
534 1688 586 1733 et
621 1693 649 1732 a
676 1678 883 1734 visione
915 1678 1247 1749 impeditur:
1280 1679 1357 1734 ita
1385 1688 1441 1735 et
1471 1680 1654 1734 anima
1684 1695 1807 1750 qua:
1841 1694 1963 1749 pas-

392 1769 573 1824 siones
618 1770 870 1836 incurrit,
918 1784 1025 1824 non
1057 1771 1301 1825 intuetur
1348 1770 1699 1840 ignominiam
1752 1784 1958 1826 suam:

390 1860 661 1931 siquidem
699 1877 797 1916 nec
821 1861 1003 1917 ebrius
1032 1862 1197 1917 sentit
1223 1876 1346 1917 cum
1384 1862 1664 1918 irridetur.
1700 1861 1962 1932 Evigilate

391 1949 558 2021 igitur
607 1960 660 2005 et
714 1951 1056 2019 resipiscite;
1101 1951 1497 2007 confundimini
1548 1952 1673 2020 quia
1722 1952 1790 2006 ab
1838 1950 1961 2006 aliis

393 2040 651 2096 cdiscitis.
694 2041 1011 2109 Quicunque
1035 2042 1178 2096 enim
1212 2050 1341 2109 post
1372 2041 1684 2110 passionem
1728 2055 1958 2110 percus-

391 2141 579 2185 serunt
613 2146 705 2186 cor
726 2132 1078 2202 pmnitentes,
1108 2132 1321 2186 liberati
1353 2141 1503 2187 sunt.
1547 2132 1603 2186 Si
1636 2139 1818 2185 autem
1852 2144 1959 2184 non

390 2230 794 2288 percusserunt,
842 2223 1069 2276 necdum
1123 2223 1341 2278 liberati
1387 2225 1456 2278 ab
1509 2221 1777 2276 ebrietate
1809 2230 1957 2276 sunt.

390 2310 497 2365 Sed
522 2310 775 2365 illicimur
804 2312 921 2366 visu
948 2313 1014 2365 ad
1050 2312 1506 2382 pulchritudinem
1528 2310 1797 2365 vultuum.
1820 2309 1960 2375 Quid

391 2401 528 2475 caelo
559 2412 642 2456 est
672 2402 887 2467 melius,
915 2403 1088 2473 quid?
1134 2402 1326 2457 Melius
1355 2410 1439 2457 est
1466 2403 1694 2457 credere
1732 2401 1841 2455 Deo
1875 2401 1959 2455 di-

391 2493 531 2546 centi
569 2509 585 2546 :
617 2491 869 2560 Respicite
900 2495 955 2547 in
984 2494 1150 2547 altum
1175 2494 1348 2547 Deum
1379 2493 1548 2547 oculis
1574 2494 1774 2557 vestris,
1803 2501 1852 2546 et
1886 2493 1959 2547 vi-

388 2580 504 2634 dete
530 2582 648 2649 quis
682 2582 919 2636 condidit
956 2585 1136 2635 omnia
1166 2584 1271 2635 ista
1303 2582 1370 2635 δι.
1396 2582 1533 2649 Quid
1570 2583 1638 2636 ita
1672 2583 1959 2653 pulchrum

391 2668 445 2722 in
473 2672 628 2724 oculo
649 2681 733 2723 est
764 2672 1026 2735 mulieris,
1057 2682 1318 2741 quantum
1349 2673 1427 2727 sol
1460 2673 1621 2729 habet
1649 2674 1700 2727 in
1736 2670 1956 2743 fulgori-

390 2760 672 2815 bussuis?
706 2761 843 2828 Quid
880 2764 950 2817 ita
990 2763 1145 2819 floret
1172 2765 1221 2818 in
1254 2764 1434 2821 fronte
1485 2766 1725 2829 mortali,
1782 2780 1956 2834 quan-

2073 491 2121 543 vi
2152 492 2211 545 in
2242 489 2359 557 ejus
2383 503 2478 545 ore
2500 487 2758 556 imposuit
2783 505 2796 541 :
2827 486 2922 543 sed
2949 486 3212 557 scriptum
3238 495 3342 553 est,
3370 488 3491 556 quia
3522 504 3649 545 mu-

2068 581 2170 635 lier
2214 594 2374 635 suasa
2423 567 2700 647 protendit
2745 592 2967 632 manum
3015 578 3083 632 ad
3137 580 3408 643 arborem,
3465 589 3521 633 et
3574 593 3640 636 os

2068 669 2322 738 aperiens
2367 684 2548 735 suum,
2592 668 2820 724 immisit
2870 667 3129 723 fructum.
3191 668 3405 725 Utinam
3453 677 3636 725 autem

2070 760 2259 816 fuisset
2280 761 2398 816 vis!
2440 760 2522 815 vis
2568 761 2714 815 enim
2770 775 2881 817 non
2925 768 3186 831 procurat
3234 768 3487 828 mortem,
3541 761 3637 816 sed

2070 854 2164 908 dat
2194 864 2253 909 ut
2278 854 2609 925 ignoscatur.
2643 853 2750 910 Sed
2781 854 3235 923 quemadmodum
3265 853 3524 923 scriptum
3555 860 3639 907 est

2066 945 2363 1013 videamus,
2423 955 2484 1001 ut
2545 946 2762 1002 edoceri
2824 945 3096 1015 possimus
3142 952 3405 1014 quantum
3458 952 3639 1013 potest

2068 1038 2330 1094 diabolus.
2357 1038 2665 1094 Amicitiam
2696 1036 2870 1101 ﬁnxit,
2896 1037 3135 1093 ostendit
3156 1036 3634 1107 pulchritudinem,

2066 1128 2255 1194 suasit,
2281 1130 2553 1199 promisit,
2586 1128 2707 1184 ideo
2741 1127 2865 1197 quia
2893 1128 2999 1183 vim
3029 1130 3210 1185 facere
3243 1142 3351 1182 non
3398 1124 3633 1181 valebat.

2064 1217 2132 1271 Et
2162 1232 2305 1271 nunc
2332 1217 2487 1271 multi
2525 1219 2754 1273 suadent
2779 1217 2905 1281 sibi,
2939 1218 3064 1287 quia
3121 1208 3419 1273 tr'ahuntur
3445 1231 3475 1271 a
3509 1215 3635 1283 qui-

2063 1308 2308 1364 busdam.
2347 1308 2428 1362 llli
2457 1308 2602 1363 enim
2632 1309 2722 1378 qui
2751 1307 2883 1363 foris
2908 1317 3057 1373 sunt,
3107 1307 3245 1362 forte
3296 1315 3474 1363 autem
3528 1306 3632 1360 ali-

2064 1400 2155 1470 qui
2189 1408 2243 1455 et
2272 1414 2339 1454 ex
2374 1399 2458 1454 his
2484 1400 2575 1468 qui
2612 1399 2755 1455 intus
2782 1408 2928 1467 sunt,
2957 1408 3148 1466 putant
3168 1414 3229 1454 se
3272 1414 3302 1452 a
3348 1399 3519 1453 stellis
3554 1408 3635 1453 at-

2064 1488 2230 1557 trahi,
2255 1488 2453 1543 malum
2480 1486 2624 1542 malo
2649 1496 2903 1542 curantes
2928 1502 2943 1551 ς
2971 1496 3165 1543 etcum
3192 1488 3455 1544 deberent
3480 1502 3632 1544 suam

2065 1581 2324 1636 malitiam
2351 1580 2623 1645 conﬁteri,
2659 1580 2808 1635 aliud
2844 1580 3018 1652 majus
3069 1579 3267 1633 malum
3301 1578 3628 1648 praecedenti

2065 1673 2208 1728 malo
2238 1682 2630 1743 supraponunt.
2656 1672 2979 1728 Creaturam
3011 1672 3209 1742 quippe
3248 1671 3486 1741 propriis
3518 1686 3636 1726 ma-

2062 1760 2127 1816 lis
2156 1764 2610 1829 contaminantes,
2636 1761 2781 1817 aliud
2818 1770 3001 1819 autem
3028 1774 3150 1815 cum
3179 1760 3420 1829 superati
3446 1774 3474 1814 a
3502 1774 3633 1830 con-

2063 1853 2410 1922 cupiscentiis
2443 1854 2667 1920 fuerint,
2702 1853 3015 1910 remiserint
3042 1861 3222 1908 autem
3259 1852 3439 1906 fenum
3476 1852 3623 1921 cogi-

2064 1954 2209 2001 tatus
2232 1946 2339 2012 sui,
2368 1954 2559 2016 putant
2588 1944 2906 2000 infirmitate
2936 1944 3251 2014 frequenter
3278 1958 3337 2000 se
3368 1943 3534 2009 vinei,
3577 1954 3633 2000 et

2062 2050 2169 2091 non
2210 2052 2307 2092 suo
2356 2038 2633 2106 proposito
2687 2037 3007 2107 negligenti.
3058 2036 3116 2091 Si
3144 2036 3265 2105 quis
3294 2042 3474 2090 autem
3508 2034 3628 2089 vult

2062 2133 2310 2201 naturam
2339 2138 2653 2194 agnoscere,
2690 2141 2794 2179 non
2831 2125 2915 2179 his
2948 2141 3068 2195 qua:
3102 2126 3411 2194 praescribit
3460 2136 3630 2196 agno-

2064 2223 2218 2280 scat;
2261 2214 2384 2283 quia
2424 2229 2522 2270 nec
2552 2214 2713 2271 debet
2762 2204 3004 2271 accusari
3039 2216 3234 2287 regalis
3270 2233 3522 2274 nummus
3561 2219 3633 2273 ab

2063 2306 2325 2361 adultero.
2384 2306 2533 2361 Illam
2576 2306 2951 2364 fortitudinem
2989 2318 3197 2364 naturae
3235 2317 3288 2364 et
3330 2311 3624 2379 cogitatum

2062 2396 2263 2460 videat,
2300 2411 2423 2451 cum
2468 2397 2913 2467 concupiscentia
2968 2398 3240 2467 hortatur,
3288 2416 3409 2455 cum
3466 2402 3630 2456 libido

2064 2498 2236 2556 rogat,
2270 2494 2324 2540 et
2359 2500 2464 2543 nox
2495 2487 2840 2555 occasionem
2868 2488 3072 2557 prmbet
3100 2506 3112 2542 :
3160 2490 3434 2558 quomodo
3476 2492 3625 2562 cogi-

2063 2587 2208 2633 tatus
2240 2593 2270 2632 e
2296 2586 2483 2633 contra
2509 2578 2778 2634 obstruit:
2809 2578 2937 2648 quia
2962 2587 3016 2633 et
3036 2578 3088 2633 in
3119 2580 3459 2648 passionibus
3489 2598 3628 2636 mar-

2064 2678 2263 2739 tyrum,
2296 2683 2488 2723 manus
2513 2668 2726 2738 quidem
2760 2669 2987 2735 radunt,
3023 2671 3163 2726 oculi
3196 2680 3377 2725 autem
3412 2673 3626 2726 minan-

2060 2766 2166 2826 tur,
2198 2767 2252 2814 et
2286 2759 2476 2815 dentes
2504 2760 2631 2815 dum
2664 2760 2900 2816 strident
2945 2770 3169 2828 terrent,
3209 2770 3265 2818 et
3312 2765 3547 2834 tyranni,
3578 2777 3630 2819 et

394 2860 505 2905 tum
548 2854 600 2906 in
643 2854 788 2907 omni
837 2854 974 2909 coelo
1009 2854 1256 2924 Splendet
1292 2855 1436 2924 quod
1464 2855 1716 2910 videtur?
1746 2855 1871 2924 quia
1903 2862 1960 2910 et
2057 2851 2240 2922 gladii,
2268 2860 2323 2907 et
2356 2851 2514 2921 ignis,
2540 2862 2594 2908 et
2622 2852 2769 2910 mille
2794 2855 3005 2925 species
3031 2856 3225 2910 mortis
3260 2866 3623 2926 apponuntur,

393 2940 514 2994 aliis
545 2942 783 2996 varietas
814 2942 1098 3011 vestigium
1145 2942 1303 2998 illicit
1352 2953 1411 2996 ut
1442 2943 1633 2998 stellar.
1685 2941 1789 2997 Sed
1820 2942 1957 2997 forte

2058 2952 2113 2997 et
2138 2942 2408 3012 cogitatus
2433 2958 2539 2997 non
2580 2942 2840 3006 ﬂectitur.
2869 2945 2976 3001 Sed
3003 2946 3142 3001 alius
3178 2947 3355 3003 victus
3381 2957 3465 3004 est
3491 2966 3505 3003 :
3533 2950 3624 3003 sed

391 3032 434 3084 si
462 3041 649 3087 essent
680 3033 731 3086 in
761 3033 959 3099 medio,
984 3041 1041 3086 ut
1071 3032 1136 3085 ad
1167 3032 1625 3101 comparationem
1666 3031 1807 3098 dico,
1860 3031 1958 3086 ali-
1985 3055 2027 3113 ρ
2061 3047 2167 3087 ηοη
2201 3048 2231 3087 a
2266 3034 2422 3089 victis
2460 3034 2657 3090 debent
2692 3037 2905 3103 agmina
2943 3036 3200 3092 militaria
3237 3037 3494 3107 iudicari.
3537 3040 3629 3096 llle

391 3124 583 3177 munia:
610 3124 872 3188 diversas;
903 3133 954 3177 et
989 3123 1035 3178 si
1071 3122 1327 3192 possibile
1356 3119 1500 3176 esset
1526 3131 1579 3177 et
1615 3123 1812 3176 artium
1839 3122 1957 3192 pul-

392 3213 728 3268 chritudines
757 3214 906 3283 poni,
936 3214 1302 3268 adunarentur
1329 3221 1508 3266 autem
1539 3222 1593 3266 et
1622 3214 1804 3267 omnia
1836 3215 1955 3269 ani-

390 3303 572 3368 malia,
604 3313 655 3358 et
685 3315 1077 3373 proponeretur
1107 3303 1270 3359 lectio
1297 3303 1409 3373 (96)
1440 3321 1455 3359 :
1493 3303 1676 3358 statim
1704 3305 1855 3373 porci
1890 3305 1957 3358 ad

389 3404 596 3449 stercus
623 3404 926 3459 currerent,
956 3410 1142 3450 mures
1169 3394 1235 3447 ad
1261 3393 1365 3447 alia
1397 3393 1702 3447 istiusmodi
1756 3407 1955 3448 conve-

388 3486 590 3541 nientia
619 3487 718 3541 sibi
749 3496 803 3542 et
828 3488 1003 3541 amica
1035 3504 1050 3540 :
1085 3486 1222 3541 asini
1271 3493 1476 3550 autem,
1511 3494 1566 3538 et
1597 3484 1701 3538 alia
1735 3500 1854 3555 qua:
1882 3485 1955 3540 ita

388 3584 515 3629 sunt
543 3575 691 3630 tarda
727 3577 1001 3643 animalia,
1058 3577 1148 3631 illa
1196 3577 1416 3646 quidem
1462 3575 1646 3631 fenum
1688 3585 1953 3646 peterent,

388 3665 492 3720 alia
518 3668 584 3720 ad
618 3680 681 3723 ea
718 3682 838 3737 qua:
875 3676 1203 3723 consuerunt
1235 3683 1295 3722 se
1316 3665 1625 3737 iungerent.
1656 3666 1828 3722 Homo
1859 3682 1955 3719 au-

386 3764 494 3811 tem
527 3757 841 3827 dignitatem
883 3759 1121 3810 hominis
1147 3758 1366 3810 salvans
1398 3757 1465 3809 ad
1494 3766 1640 3811 artes
1686 3766 1951 3821 curreret,

383 3859 437 3902 et
466 3849 531 3903 ad
561 3843 871 3915 spectacula
898 3843 1095 3896 artium
1122 3852 1461 3911 pr0peraret.
1515 3844 1573 3898 Si
1624 3844 1744 3913 quis
1771 3856 1953 3900 autem

386 3948 530 3995 esset
574 3940 738 3993 homo
776 3950 906 3991 vere
954 3943 1007 3989 et
1054 3924 1293 3989 hominis
1318 3934 1537 3989 salvans
1568 3949 1827 4001 sensum;
1857 3940 1952 3990 de-

385 4030 619 4098 spiciens
648 4040 703 4083 et
726 4027 983 4084 deridens
1016 4027 1349 4094 relinqueret
1388 4026 1577 4095 utique
1627 4024 1951 4079 sollicitudi-

384 4096 507 4173 nem
537 4120 901 4187 propositam;
937 4114 1235 4184 respiceret
1272 4121 1456 4168 autem
1487 4127 1706 4167 sursum
1743 4113 1809 4167 ad
1835 4096 1955 4167 cae:

387 4208 519 4271 lum,
544 4216 599 4259 et
626 4206 831 4260 videret
858 4220 977 4275 quae
1008 4205 1061 4259 in
1090 4203 1234 4259 coelo
1274 4212 1328 4258 et
1379 4204 1635 4272 superius
1672 4203 1814 4259 cmlo
1856 4203 1953 4258 ha-

385 4297 601 4361 bentur,
657 4310 764 4351 non
815 4296 986 4351 oculis
1028 4294 1121 4349 sed
1176 4304 1378 4360 mente,
1426 4301 1627 4348 etnon
1678 4302 1953 4361 pateretur

2062 3125 2205 3179 enim
2241 3126 2331 3194 qui
2366 3125 2540 3180 victus
2572 3135 2673 3192 est,
2701 3127 2909 3182 ordinis
2935 3128 3107 3183 aciem
3157 3129 3403 3195 dimisit;
3447 3131 3514 3185 ab
3544 3131 3629 3186 his

2062 3227 2241 3269 autem
2273 3216 2363 3284 qui
2404 3224 2680 3285 superant,
2713 3216 2909 3272 debent
2954 3218 3173 3287 agnosci
3211 3222 3450 3289 agmines
3486 3222 3625 3275 mili-

2063 3316 2224 3360 tares.
2253 3307 2385 3372 Quia
2421 3321 2594 3375 neque
2620 3322 2650 3359 a
2685 3308 2844 3365 caecis
2872 3308 3063 3363 oculus
3099 3310 3407 3381 judicatur,
3454 3328 3627 3384 neque

2059 3408 2088 3446 a
2123 3394 2301 3448 surdis
2335 3395 2506 3460 auris,
2537 3410 2713 3467 neque
2745 3398 2812 3451 ab
2838 3401 3229 3468 mgrotantibus
3276 3412 3492 3470 natura,
3527 3422 3627 3459 nec

2060 3485 2128 3539 ab
2155 3485 2512 3543 infructuosis
2555 3487 2842 3543 arboribus
2884 3488 3040 3559 culpa
3073 3499 3281 3545 natura:
3329 3496 3488 3550 debet
3534 3513 3623 3551 as-

2059 3575 2192 3629 cribi
2224 3594 2237 3628 :
2272 3577 2398 3647 quia
2434 3591 2535 3631 nec
2565 3576 2763 3631 mortui
2794 3578 3038 3634 homines
3064 3579 3313 3636 homines
3342 3593 3491 3648 sunt,
3527 3600 3624 3640 nec

2060 3666 2111 3719 in
2150 3667 2286 3722 vivis
2316 3667 2601 3737 irreligiosi
2630 3677 2686 3723 et
2714 3668 2882 3738 impii,
2912 3685 3087 3739 neque
3124 3682 3407 3743 assumpta
3474 3676 3622 3732 deleo

2059 3757 2223 3813 elatio
2268 3759 2570 3816 libidinosis
2617 3768 2919 3830 reputatur.
2972 3759 3096 3817 Haec
3137 3763 3278 3817 enim
3332 3772 3416 3820 est
3458 3781 3621 3822 noxa.

2057 3849 2124 3903 Et
2154 3850 2355 3905 utinam
2379 3850 2656 3921 expediret
2686 3851 2883 3921 aliquid
2909 3867 3108 3918 sermo,
3144 3862 3202 3908 ut
3221 3862 3275 3908 et
3308 3855 3501 3911 iterum
3526 3857 3623 3913 ﬁe-

2058 3948 2159 3993 ret.
2213 3940 2350 4007 Quia
2403 3942 2547 3996 enim
2603 3956 2988 4012 nonnunquam
3036 3952 3296 4013 putantur
3346 3958 3623 4003 sermones

2057 4030 2360 4083 contrarios
2415 4031 2485 4085 ob
2544 4033 2934 4100 spectationem
2985 4034 3097 4104 (97)
3148 4035 3354 4091 fructus
3402 4038 3621 4105 atl‘erre,

2058 4118 2197 4173 sicut
2239 4118 2386 4191 ,Deus
2427 4121 2593 4176 Israel
2619 4121 2840 4191 culpans
2879 4124 3049 4178 dicit:
3082 4123 3323 4181 Sustinui
3347 4136 3402 4181 ut
3430 4128 3622 4198 faceret

2056 4225 2231 4276 uvam,
2289 4211 2410 4278 fecit
2458 4220 2633 4263 autem
2667 4213 2844 4280 spinas
2887 4213 2971 4279 ";
3014 4216 3322 4271 exhortatio
3378 4220 3620 4288 quaedam

2056 4299 2290 4355 edicitur
2332 4302 2399 4353 ad
2455 4301 2779 4367 docendum,
2831 4318 2895 4359 eo
2945 4305 3090 4374 quod
3144 4322 3250 4361 non
3296 4308 3623 4365 fructificant

387 4390 637 4443 deorsum
694 4389 746 4442 in
790 4400 949 4442 coeno
996 4386 1252 4440 volutari.
1289 4384 1396 4439 Sed
1449 4384 1577 4453 quid
1636 4384 1897 4439 faciemus
1929 4384 1951 4437 ἲ
1984 4371 2027 4425 Ῑ)
2058 4391 2241 4446 verba.
2277 4391 2555 4461 Siquidem
2575 4399 2630 4447 et
2656 4392 2764 4448 illic
2790 4395 2919 4450 dicit
2948 4371 3089 4450 [deus
3116 4411 3131 4451 :
3160 4397 3351 4452 Omnia
3378 4415 3623 4469 quacun-

388 4481 526 4535 Deus
556 4479 800 4547 superius
825 4478 964 4533 coelo
990 4486 1073 4532 est
1116 4486 1171 4531 et
1218 4474 1440 4545 ubique.
1475 4474 1725 4531 Mortalia
1772 4484 1951 4529 autem

385 4572 527 4625 circa
562 4570 702 4624 latus
732 4567 985 4635 illiciunt,
1019 4578 1073 4622 et
1101 4581 1275 4637 neque
1308 4568 1573 4630 dicentes,
1628 4578 1803 4635 neque
1855 4579 1952 4618 au-

385 4662 597 4717 dientes
641 4658 945 4715 excitamur
989 4672 1019 4711 a
1064 4671 1255 4712 somno
1297 4674 1313 4722 ;
1367 4659 1462 4711 sed
1506 4656 1646 4710 sicut
1694 4670 1816 4709 cera
1862 4664 1955 4708 aut

385 4752 663 4822 plumbum
692 4749 926 4806 infusum
957 4750 1179 4804 auribus
1215 4736 1415 4803 nostris
1440 4745 1659 4802 obturat
1685 4746 1955 4802 sermonis

388 4846 713 4913 ingressum,
736 4850 791 4896 et
820 4840 1121 4895 clamamus
1159 4840 1279 4892 sine
1312 4853 1473 4893 causa
1504 4855 1519 4891 :
1554 4839 1774 4891 trahunt
1807 4837 1950 4890 enim

387 4950 507 5003 qua:
538 4936 820 4988 attrahunt
846 4946 951 4987 non
983 4944 1105 4986 cum
1135 4930 1209 4994 vi,
1243 4929 1510 4997 siquidem
1564 4941 1665 4982 nec
1717 4928 1894 4995 pisces
1920 4942 1949 4980 a

387 5024 594 5095 laqueis
640 5038 762 5079 cum
797 5023 849 5076 vi
883 5022 1177 5076 trahuntur
1226 5018 1465 5088 quandiu
1513 5025 1568 5071 et
1612 5017 1948 5084 capiuntur:

385 5128 557 5182 neque
586 5112 830 5169 diabolus
862 5116 968 5168 vim
999 5114 1129 5166 facit
1158 5109 1490 5173 hominibus,
1528 5106 1621 5162 sed
1678 5107 1945 5161 hortatur.

388 5198 501 5256 Non
526 5207 669 5260 enim
694 5204 954 5273 scriptum
989 5210 1093 5265 est,
1143 5188 1266 5269 quia
1299 5198 1508 5266 accepit
1544 5195 1787 5253 diabolus
1827 5211 1947 5251 ma-

458 5316 500 5349 “
530 5318 631 5375 lsa.
655 5338 743 5388 ιι,
769 5322 857 5375 26.
934 5319 979 5351 δ’
1006 5320 1106 5375 lsa.
1133 5335 1188 5383 v,
1222 5319 1275 5371 ι.
1355 5316 1399 5348 ⁸³
1425 5313 1554 5370 ibid.

593 5411 713 5484 £13.,
740 5413 871 5484 _sali_t
894 5429 983 5466 cor
1016 5421 1245 5484 propter.

458 5478 568 5547 (‘96)
599 5479 803 5547 Tutela.
828 5478 1261 5543 Fortc,‘turbela.

457 5544 569 5621 (95)
596 5546 724 5611 Ms.,
750 5550 877 5611 quid
903 5565 1061 5601 suave
1085 5557 1159 5600 est
1184 5548 1239 5599 in
1264 5544 1456 5599 invidis
1481 5546 1504 5595 .’

706 5641 977 5727 PATnoL.
1026 5640 1143 5699 Gn.
1192 5638 1417 5700 XXIV.

2057 4497 2155 4550 que
2184 4481 2335 4533 debui
2358 4481 2528 4549 facere
2557 4482 2658 4549 feci
2692 4483 2852 4537 vincte
2886 4500 3015 4538 mea:
3045 4484 3112 4539 ".
3148 4484 3281 4551 Quia
3320 4488 3465 4541 enim
3494 4503 3623 4543 con-

2060 4573 2254 4625 trarius
2281 4574 2669 4641 exspectationi
2701 4575 2876 4629 attulit
2906 4576 3135 4644 fructus,
3166 4578 3263 4641 ait,
3310 4578 3618 4634 Subducam

2057 4660 2281 4716 imbrem
2313 4663 2380 4716 ab
2397 4677 2459 4717 ea
2486 4680 2500 4717 :
2532 4664 2717 4733 utquid
2749 4665 2890 4739 enim
2912 4664 3119 4734 pluvias
3150 4666 3199 4720 ei
3226 4666 3394 4721 vinea:
3433 4668 3485 4721 in
3513 4682 3618 4736 qua

2060 4766 2163 4805 non
2197 4761 2494 4822 exsurgunt
2517 4753 2762 4809 fructus?
2793 4748 2859 4808 Et
2883 4754 3009 4819 alia,
3043 4756 3237 4826 inquit,
3266 4756 3448 4811 omnia
3479 4773 3620 4826 qua!-

2058 4855 2270 4909 cunque
2298 4841 2398 4895 feci
2431 4843 2496 4895 ad
2524 4842 2997 4898 fructificationem
3029 4844 3164 4912 ejus,
3197 4847 3443 4916 quasdam
3491 4848 3614 4916 qui-

2059 4931 2178 4984 dem
2214 4928 2476 4997 auferam,
2508 4932 2751 5001 qumdam
2786 4941 2965 4985 autem
2999 4942 3260 4998 evertam,
3296 4944 3351 4987 ut
3391 4948 3494 4989 non
3520 4942 3621 4990 cuo’

2057 5017 2268 5071 stoditae
2315 5020 2481 5088 ερίηω
2523 5030 2579 5074 et
2620 5019 2791 5075 imbre
2823 5019 3009 5091 rigata:
3058 5020 3343 5077 ﬂorescant
3379 5041 3394 5078 :
3428 5034 3520 5078 aut
3548 5038 3617 5079 ex

2057 5108 2291 5177 negotiis
2321 5122 2411 5163 aut
2439 5125 2506 5165 ex
2538 5110 2836 5177 Scripturis
2882 5112 3259 5167 condiscamus
3294 5114 3615 5183 religiosita-

2057 5208 2184 5254 tem.
2222 5199 2265 5253 Α
2308 5201 2537 5271 negotiis
2568 5201 2783 5269 quidem
2809 5203 3087 5257 videamus
3110 5204 3355 5259 mortalia
3387 5214 3445 5260 ut
3475 5220 3619 5261 mor-

2124 5403 2237 5473 (96)
2268 5400 2458 5473 Lectio.
2526 5400 2687 5473 orte
2713 5403 2918 5457 electio.

2125 5468 2239 5539 (97)
2295 5470 2481 5523 Cra-ce
2518 5468 2692 5549 fuisse
2754 5473 2988 5537 videtur,
3050 5474 3201 5545 παρὰ
3264 5476 3617 5546 προσδοκίαν,

2054 5549 2240 5608 praeter
2263 5548 2719 5606 exspectationem.

3219 5636 3295 5698 38
