4050 6206
430 252 464 304 ἶ
480 251 579 305 1Ὡό

442 369 589 431 talia,
629 363 960 420 transeunlia
988 368 1397 419 uttranseunlia
1448 364 1459 419 ὲ

441 470 520 513 sta
569 468 659 511 aut
713 456 1019 522 inhonesta,
1058 455 1137 510 vel
1171 472 1199 509 a
1236 458 1463 525 negotiis
1509 469 1565 513 et
1600 459 1861 523 alitteris
1896 460 2008 529 (98)

439 549 752 611 vide.,Deus
788 558 1009 615 propter
1042 550 1470 603 misericordiam
1503 551 1584 604 sui
1617 552 1807 606 scribit
1835 553 2009 607 homi-

440 654 536 693 nes
567 639 937 692 inobedientes
961 652 1084 691 esse
1114 654 1220 693 non
1252 641 1473 693 debere.
1516 639 1682 695 Putas
1713 640 2011 711 fatigantur

439 730 656 798 quidam
690 744 809 782 esse
831 730 1006 797 pudici
1033 731 1055 782 ?
1088 730 1201 784 Non
1234 733 1427 785 mirum
1454 743 1633 785 autem
1667 733 1709 785 si
1735 731 2011 786 libidinosi

441 838 550 878 non
583 824 767 877 satiati
795 825 906 891 jam
945 836 1183 880 cessant.
1225 826 1281 879 Si
1320 828 1462 880 enim
1489 827 1570 879 his
1595 827 1685 894 qui
1722 828 1855 880 bene
1882 842 2011 881 cur—

438 928 569 973 runt
612 918 766 972 labor
809 928 913 982 est,
965 920 1048 971 his
1083 920 1172 987 qui
1214 920 1351 972 male
1384 930 1611 972 currunt
1659 935 1754 972 cur
1785 918 2011 973 satietas

440 1024 545 1063 non
594 1010 873 1063 habetur?
921 1010 1201 1079 Fatigatur
1235 1011 1355 1078 quis
1405 1010 1612 1063 faciens
1646 1011 1822 1075 bene;
1872 1010 2012 1063 male

438 1110 616 1151 autent
648 1099 855 1152 faciens
898 1100 1323 1160 nonsatiaturl
1358 1100 1399 1151 E
1423 1116 1541 1165 Inus
1579 1100 1629 1153 in
1672 1114 1837 1153 cursu
1892 1098 2007 1152 ciii-

437 1188 579 1241 citur
611 1190 812 1241 sudans
840 1206 855 1253 ;
889 1198 941 1241 et
964 1189 1136 1242 malus
1170 1203 1398 1242 currens
1430 1199 1587 1256 putas
1615 1206 1718 1241 non
1752 1188 2012 1257 fatigatur

439 1280 494 1332 in
516 1280 749 1333 sudore?
768 1280 883 1333 Non
908 1280 1047 1333 enim
1078 1288 1279 1332 tantum
1301 1280 1555 1347 exprimit
1572 1293 1765 1333 cursus
1788 1294 2009 1346 equum,

440 1380 699 1438 quantum
727 1384 819 1423 eos
855 1370 944 1437 qui
996 1370 1200 1421 malitia
1252 1378 1499 1423 utuntur.
1546 1369 1765 1423 Cessate
1798 1385 1825 1421 a
1860 1369 2014 1421 mali-

440 1460 531 1513 tiis
575 1461 795 1523 vestris,
851 1466 905 1511 et
938 1460 1153 1513 iterum
1202 1460 1451 1513 odientes
1497 1458 1696 1512 malum
1721 1458 2011 1528 jungimini

438 1550 602 1602 bono.
643 1547 759 1602 Non
794 1548 1011 1615 prodest
1046 1548 1253 1601 malitia
1283 1550 1464 1612 malo;
1500 1550 1699 1602 malum
1726 1550 1868 1602 enim
1905 1560 2009 1612 est,

439 1640 650 1695 etiamsi
680 1640 978 1695 sentiamus
1017 1649 1110 1693 aut
1139 1656 1245 1694 non
1277 1642 1603 1695 sentiamus.
1636 1641 1806 1710 Magis
1831 1650 2009 1694 autem

1106 246 1373 303 EL’SEBII
1413 246 1887 302 cmsaarmsrs
1925 246 2076 302 OPP.
2120 247 2299 301 rans
2339 246 2425 300 tv.
2460 280 2526 288 _
2566 232 2984 303 DOGMATICA.

3561 230 3705 311 ttae

1512 382 1614 421 non
1654 367 1803 422 vides
1840 370 2006 422 hone-
2037 379 2082 434 Α
2111 370 2287 423 visio!
2326 370 2415 424 ubi
2469 378 2593 423 sunt
2634 368 2819 423 oculi?
2856 383 2889 422 o
2935 369 3090 422 bonae
3145 366 3546 428 adhortationis
3576 389 3703 430 sen-

2113 464 2240 516 sus!
2281 462 2369 515 ubi
2397 461 2752 516 sensus‘lubi
2788 459 3101 528 cegitatus?
3153 457 3298 525 Quid
3339 463 3702 530 reprehendi-

2118 553 2187 608 sti
2223 552 2310 605 illa
2340 552 2363 605 ‘l
2394 552 2523 619 quid
2562 550 2826 619 agnovisti
2866 549 3060 603 in-istis
3086 549 3107 600 ’ἒ
3145 551 3233 602 ubi
3261 553 3554 608 annotinus
3571 572 3697 610 cur-

2113 660 2228 706 sus,
2258 653 2319 697 ut
2352 653 2406 696 et
2428 657 2742 711 perseveres
2776 642 2827 695 in
2873 642 3126 709 prmsenti
3174 656 3317 695 anno
3356 643 3413 697 in
3449 660 3610 699 cceno
3642 656 3697 701 te

2113 736 2335 789 volvens
2383 735 2406 789 ?
2462 735 2550 788 ubi
2602 744 2728 787 sunt
2782 748 2903 801 qua:
2958 734 3291 787 manducasti
3351 745 3484 790 ante
3533 737 3696 791 istum

2114 827 2277 891 diem,
2313 836 2372 879 nt
2423 825 2647 880 festines
2695 822 2808 895 (99)
2861 834 2916 878 et
2956 824 3162 877 hodie?
3192 839 3347 893 quem
3378 824 3621 882 fructum
3664 844 3695 884 ι

2114 918 2341 971 libidine
2395 916 2678 985 accepisti,
2735 926 2794 969 ut
2853 916 3051 969 iterum
3104 916 3170 967 ad
3228 916 3393 982 ipsam
3429 914 3698 982 injuriam

2116 1008 2347 1061 curras?
2399 1008 2455 1061 Si
2512 1018 2689 1060 autem
2750 1002 2859 1060 nos'
2901 1006 3111 1059 hortari
3161 1016 3339 1059 vestra
3386 1007 3695 1062 obedientia

2114 1099 2299 1164 vultis,
2331 1099 2621 1151 ostendere
2652 1097 2729 1167 (1)
2759 1098 2874 1165 ipso
2918 1110 3082 1165 Opere
3138 1095 3349 1148 fructus
3400 1096 3689 1148 sermonis.

2115 1187 2266 1243 Nunc
2298 1202 2477 1242 autem
2518 1198 2572 1241 et
2604 1202 2697 1239 vos
2742 1187 3103 1240 adhortamini
3150 1202 3165 1239 :
3196 1186 3291 1240 sed
3343 1195 3545 1254 tempus
3579 1200 3685 1240 non

2116 1281 2401 1350 permittit.
2453 1278 2595 1334 Deus
2624 1289 2803 1331 autem
2851 1277 3042 1331 liberet
3068 1292 3161 1330 vos
3190 1277 3256 1330 ab
3288 1278 3436 1329 omni
3472 1277 3684 1341 malitia,

2116 1380 2169 1422 et
2218 1368 2424 1437 repleat
2474 1382 2572 1421 vos
2627 1368 2738 1420 suis
2787 1364 2966 1429 bouis,
3003 1376 3061 1420 ut
3094 1364 3335 1419 all'eratis
3380 1363 3613 1420 fructum
3637 1367 3691 1419 in

2115 1461 2413 1513 centesimo
2445 1468 2499 1512 et
2527 1458 2863 1525 sexagesimo
2900 1466 2954 1510 et
2990 1457 3266 1511 tricesimo
3296 1472 3549 1518 numero.
3603 1472 3698 1526 per

2115 1550 2393 1604 Christum
2454 1548 2593 1615 ejus,
2648 1560 2745 1616 per
2794 1552 2954 1613 quem
3004 1556 3089 1600 est
3137 1546 3248 1599 Deo
3292 1544 3442 1599 Patri
3494 1547 3694 1616 gloria,

2117 1644 2311 1705 honor,
2364 1640 2675 1708 imperium,
2731 1638 3014 1707 majestas,
3062 1652 3184 1692 cum
3231 1636 3436 1705 Spiritu
3480 1648 3700 1705 sancto,

442 1732 804 1786 sentientibus
845 1731 1073 1799 simplex
1120 1741 1225 1795 est,
1280 1746 1385 1785 non
1422 1732 1784 1786 sentientibus
1832 1743 2009 1785 autem
2046 1713 2084 1766 Β
2119 1743 2171 1788 et
2208 1746 2351 1785 nunc
2397 1739 2451 1784 et
2492 1742 2725 1798 semper,
2766 1739 2819 1783 et
2860 1744 2953 1797 per
2998 1728 3182 1783 omnia
3237 1727 3432 1783 saecula
3468 1728 3701 1785 saeculo-

440 1823 657 1893 duplex.
696 1822 953 1890 Respicite
994 1824 1048 1875 in
1090 1824 1257 1875 altum
1300 1824 1468 1876 oculis
1512 1823 1716 1887 vestris,
1747 1832 1795 1876 et
1842 1822 2012 1876 videte

439 1914 555 1980 quis
596 1914 863 1967 constituit
894 1914 1067 1966 omnia
1105 1915 1205 1967 ista
1243 1913 1306 1968 “.
1335 1914 1378 1969 Ο
1418 1916 1571 1970 bona:
1611 1913 2003 1969 adhortationis

2120 1839 2259 1878 rum.
2287 1821 2479 1873 Amen.

464 2052 3688 2092 πω

438 2076 597 2092 .u—n—

1416 2257 1975 2373 EUSEBII
2052 2255 2743 2369 PAMPHILI

1228 2494 1408 2581 DE
1513 2492 2329 2583 OPERIBUS
2434 2492 2922 2586 BONIS

1319 2683 1439 2742 .Ex
1468 2679 1759 2759 Epistola
1792 2680 1980 2741 Pauli
2007 2681 2088 2741 ad
2117 2682 2479 2742 Corinthios
2510 2682 2807 2756 secunda,

1792 2846 2029 2907 LIBER
2072 2846 2355 2906 NONUS.

513 3140 990 3201 Resurrectionem
1045 3136 1259 3191 Domini
1312 3114 1368 3191 et
1411 3148 1719 3205 regressum
1770 3137 1885 3203 ejus
1943 3136 2008 3191 ad
2040 3144 2080 3201 (ζ
2119 3146 2282 3191 tutem
2316 3148 2577 3207 quantum
2612 3141 2677 3194 ad
2706 3154 2827 3195 eum
2866 3139 2958 3211 qui
2995 3139 3302 3195 videbatur.
3339 3138 3405 3193 Et
3434 3154 3543 3194 xxx
3571 3141 3698 3196 totis

442 3235 609 3289 caelos
642 3231 773 3300 ipsis
803 3226 974 3282 oculis
1028 3225 1275 3279 videntes
1323 3224 1574 3294 apostoli,
1604 3225 2011 3279 dubitationem

444 3338 605 3394 quam
661 3319 1140 3389 ante-passionem
1192 3318 1468 3371 habebant
1524 3316 1912 3383 deposuerunt,
1963 3324 2017 3369 et

443 3427 659 3468 omnem
696 3410 1138 3465 incredulitatem
1176 3424 1204 3460 a
1240 3422 1300 3461 se
1329 3407 1671 3476 pepulerunt.
1712 3404 1832 3474 ipso
1870 3406 2015 3459 enim
2046 3410 2051 3413 ’

444 3506 563 3559 visu
598 3503 700 3557 sibi
732 3502 865 3555 satis
902 3501 1166 3554 facientes
1202 3498 1326 3566 quia
1354 3499 1652 3551 resurrexit
1703 3507 1759 3551 et
1807 3512 2019 3551 assum-

442 3606 568 3664 ptus
594 3595 659 3647 ad
693 3592 860 3646 cmlos
886 3599 969 3645 est
1009 3591 1290 3654 Dominus,
1322 3588 1410 3640 alii
1442 3603 1539 3655 pro
1563 3588 1682 3640 aliis
1710 3586 1885 3641 effecti
1915 3603 2016 3641 no-

444 3692 691 3738 scuntur.
724 3680 916 3751 Petrus
938 3679 1083 3733 enim
1119 3693 1214 3747 pro
1237 3678 1567 3745 juramentis
1611 3688 1664 3730 et
1698 3677 2015 3745 abnegatio-

447 3774 628 3835 nibus,
667 3785 846 3839 praeco
899 3768 1080 3822 mundi
1131 3767 1352 3819 effectus
1379 3776 1480 3820 est.
1535 3763 1682 3817 Visio
1714 3766 1855 3817 enim
1892 3778 2015 3817 eum

448 3864 816 3919 ﬁrmissimam
850 3869 1059 3929 petram
1086 3855 1284 3920 effecit,
1321 3856 1392 3908 ita
1428 3863 1488 3907 ut
1516 3855 1567 3907 in
1597 3869 1716 3908 eum
1747 3867 1801 3908 et
1832 3855 2017 3908 Eccle-

455 3958 534 4009 sia
567 3953 947 4013 wdiﬁcaretur,
978 3958 1030 4003 et
1058 3949 1173 4017 ipse
1200 3956 1407 4015 martyr
1452 3948 1742 3999 exsisteret
1785 3943 2011 3999 Christi.

454 4044 699 4098 Thomas
735 4053 969 4109 quoque,
1005 4038 1093 4106 qui
1130 4044 1185 4091 et
1235 4046 1357 4103 post
1406 4037 1886 4101 resurrectionem,
1917 4050 2017 4091 an-

455 4146 669 4204 tequam
701 4132 1127 4201 experimentum
1162 4129 1454 4193 acciperet,
1489 4126 1684 4180 dubius
1720 4136 1862 4192 erat,
1894 4126 2018 4195 quia

458 4224 607 4279 misit
637 4222 830 4291 digitos
861 4234 986 4273 suos
1019 4219 1071 4271 in
1118 4216 1474 4271 foraminibus
1505 4215 1809 4278 clavorum,
1845 4224 1901 4269 et
1938 4214 2017 4269 si-

445 4314 614 4369 bimet
648 4312 750 4381 ipsi
787 4310 921 4364 satis
948 4307 1411 4373 fecit,'l)ominum
1439 4320 1562 4359 eum
1592 4313 1646 4358 et
1681 4304 1846 4358 Deum
1883 4319 2019 4358 con-

450 4404 631 4459 fessus
683 4409 786 4455 est.
838 4400 968 4454 Erat
1016 4398 1163 4453 enim
1204 4395 1519 4451 incredibile
1544 4396 1708 4449 Deum
1739 4396 2021 4451 advenisse

449 4499 502 4551 in
530 4508 777 4566 corpore,
807 4501 861 4548 et
883 4492 1157 4547 hominem
1189 4489 1355 4543 videri
1392 4487 1669 4542 caelestem
1700 4504 1714 4539 :
1741 4496 1858 4540 erat
1913 4503 2017 4540 non
2053 4481 2096 4535 D

449 4588 801 4650 credendum,
834 4585 959 4654 quia
985 4600 1052 4638 ex
1082 4583 1290 4653 virgine
1338 4589 1456 4634 erat
1494 4578 1746 4633 nativitas
1778 4577 1894 4646 ejus
1932 4593 2019 4632 se-

448 4682 682 4737 cundum
702 4693 942 4734 carnem.
958 4678 1050 4732 lsti
1072 4678 1216 4731 enim
1235 4672 1579 4729 conscientiae
1597 4671 2019 4727 satisfactionem

451 4771 565 4826 sola
615 4750 850 4823 habebat
875 4781 994 4834 quae
1024 4762 1502 4835 pepereratvirgo.
1549 4760 1789 4814 Necdum
1843 4768 2019 4813 autem

450 4871 648 4917 natura
694 4854 1017 4918 testabatur,
1072 4868 1247 4922 neque
1299 4860 1471 4904 mater
1526 4851 1762 4904 habebat
1818 4849 2019 4917 aliquid

348 4960 359 4967 '
448 4950 556 5006 tale
605 4948 914 5016 semetipsa,
966 4958 1138 5013 neque
1185 4943 1249 4995 de
1296 4941 1379 4996 his
1418 4955 1536 5009 quae
1585 4942 1860 5001 deorsum,
1926 4939 2019 4992 sed

448 5042 635 5097 omnia
666 5047 822 5095 erant
848 5036 1210 5091 incredibilia.
1242 5034 1429 5089 Gratia
1455 5032 1599 5087 enim
1632 5040 1750 5086 erat
1802 5032 2021 5086 inenar-

451 5130 661 5193 rabilis,
691 5139 745 5183 et
776 5124 1107 5195 indulgentia
1140 5121 1496 5177 incredibilis.
1542 5119 1658 5172 Alia
1691 5120 1832 5173 enim
1864 5125 2023 5172 erant

450 5235 573 5289 qua:
597 5220 957 5273 videbantur:
1008 5215 1099 5287 qui
1148 5214 1292 5269 enim
1346 5212 1646 5278 videbatur,
1681 5225 1806 5264 vere
1837 5218 1889 5262 et
1920 5209 2018 5263 ho—

453 5314 655 5366 minem
709 5309 1051 5367 ostendebat.
1103 5307 1245 5362 Nihil
1294 5308 1437 5360 enim
1491 5304 1773 5361 diderebat
1821 5302 1886 5356 ab
1916 5300 2020 5355 alio

452 5403 674 5459 homine
709 5412 972 5472 quantum
1003 5400 1068 5454 ad
1094 5399 1306 5454 visum:
1340 5399 1464 5467 quia
1507 5394 1818 5453 continebat
1852 5393 2023 5446 virtu-

523 5494 569 5525 “
608 5494 707 5548 lsa.
739 5508 829 5556 XL,
868 5494 959 5547 26.

527 5584 640 5723 (98;
666 5584 918 5655 Γραφῶν,
952 5584 1262 5653 Scripturis.

527 5655 617 5720 (99
669 5652 723 5708 ld
761 5664 864 5716 est,
895 5654 1136 5720 epularis.
1172 5652 1262 5708 Vo:

526 5652 638 5720 (99)
669 5652 723 5708 ld
761 5652 864 5716 est,
895 5652 1136 5720 epularis.
1172 5652 1284 5708 Vox
1313 5652 1563 5709 barbara.

2118 3225 2275 3278 annis
2308 3240 2416 3280 non
2453 3225 2656 3281 fecerat
2691 3229 2924 3297 signum,
2969 3238 3028 3283 ut
3077 3229 3253 3298 primo
3301 3228 3556 3284 suaderet
3584 3244 3687 3283 no»-

2118 3315 2200 3368 bis
2240 3316 2364 3384 quia
2418 3332 2641 3372 carnem
2705 3320 3015 3393 assumpsit,
3065 3329 3121 3373 et
3168 3321 3491 3375 concederet
3536 3320 3690 3374 carni

2118 3406 2379 3473 proiicere
2408 3408 2461 3461 in
2493 3418 2674 3472 aatate,
2703 3418 2883 3463 etnon
2930 3410 2994 3463 de
3042 3423 3101 3463 se
3152 3410 3417 3478 suspicari
3448 3410 3592 3477 quod
3631 3420 3688 3462 et

2119 3499 2461 3563 suspicavere
2488 3500 2703 3567 quidam
2737 3500 2979 3554 haeretici
3010 3517 3025 3553 :
3052 3509 3106 3553 et
3148 3501 3251 3555 ista
3278 3498 3681 3569 dispensatione

2120 3588 2259 3641 facta
2298 3590 2567 3657 praibebat
2596 3602 2651 3643 et
2698 3592 2801 3643 hoc
2847 3592 3304 3652 incredulitatem.
3345 3591 3492 3645 Nihil
3539 3592 3690 3646 enim

2123 3680 2352 3749 amplius
2401 3682 2692 3754 putabatur
2727 3696 2867 3745 esse,
2921 3699 3087 3751 quam
3140 3683 3184 3737 is
3227 3683 3318 3749 qui
3380 3682 3691 3735 videbatur.

2119 3770 2254 3825 Nam
2310 3780 2363 3825 et
2427 3773 2494 3826 ad
2545 3774 2872 3839 baptismum
2919 3771 3145 3828 Joannis
3186 3771 3438 3826 veniebat
3467 3788 3481 3824 :
3509 3771 3699 3839 bapti-

2121 3877 2294 3917 smum
2335 3872 2512 3916 autem
2549 3854 2653 3940 non
2698 3872 2817 3917 erat
2856 3863 3077 3933 simplex
3120 3881 3133 3916 :
3174 3863 3506 3932 ptenitentiaa
3551 3861 3697 3915 enim

2122 3962 2241 4007 erat
2260 3953 2608 4021 baptismum,
2636 3954 2883 4020 quodque
2911 3953 3087 4006 adhuc
3112 3952 3284 4020 magis
3306 3951 3578 4005 hominem
3604 3965 3699 4004 os—

2123 4045 2394 4106 tendebat,
2432 4058 2605 4119 quam,
2632 4058 2755 4096 eum
2787 4043 2881 4111 qui
2912 4042 3297 4097 occultabatur
3345 4041 3397 4094 in
3446 4040 3691 4094 homine.

2126 4138 2293 4192 Erant
2328 4138 2493 4207 igitur
2521 4140 2621 4193 ista
2667 4140 3057 4208 impedimenta
3091 4137 3237 4201 fidei,
3269 4151 3387 4204 quae
3428 4135 3692 4189 videban-

2126 4237 2233 4291 tur,
2269 4244 2387 4296 quae
2418 4230 2640 4291 fiebant,
2668 4243 2816 4295 esca,
2865 4242 3112 4293 somnus,
3165 4227 3445 4295 provectio
3492 4224 3689 4289 anatis,

2124 4318 2176 4371 in
2213 4326 2353 4371 terra
2381 4318 2764 4373 deambulatio.
2813 4317 2869 4373 Si
2908 4328 3090 4373 autem
3115 4317 3272 4372 vellet
3300 4326 3353 4370 et
3379 4315 3548 4368 Mater
3601 4314 3691 4367 di-

2124 4421 2266 4471 cere,
2299 4408 2435 4474 Quia
2462 4410 2615 4477 virgo
2650 4424 2874 4464 manens
2921 4423 3047 4462 eum
3095 4409 3254 4462 enixa
3312 4421 3429 4460 sum
3464 4422 3478 4470 ;
3526 4404 3692 4458 unius

2130 4499 2374 4553 mulieris
2406 4510 2593 4553 contra
2624 4510 2877 4554 naturam
2929 4499 3296 4554 testimonium
3325 4497 3508 4552 minus
3553 4496 3699 4549 vale-

2129 4599 2231 4653 ret,
2258 4598 2312 4642 et
2340 4592 2571 4644 maxime
2608 4590 2747 4659 apud
2782 4589 3018 4643 Judmos.
3066 4588 3160 4643 His
3191 4588 3355 4658 igitur
3395 4586 3561 4640 tantis
3597 4587 3701 4639 im-

2130 4679 2455 4746 pedimeutis
2488 4679 2796 4759 constitutis
2837 4678 2902 4731 ad
2932 4678 3114 4744 fidem,
3144 4680 3383 4731 arduum
3442 4685 3563 4729 erat
3609 4690 3702 4728 su-

2129 4768 2259 4834 scipi
2289 4769 2723 4834 praedicationem
2752 4796 2765 4823 δ
2796 4778 2849 4822 et
2882 4768 3116 4822 maxime
3146 4768 3272 4836 quia
3291 4767 3379 4835 qui
3415 4765 3701 4818 videbatur

2129 4871 2234 4909 non
2264 4868 2376 4911 erat
2408 4858 2501 4926 qui
2538 4866 2591 4912 et
2616 4857 2929 4912 dicebatur:
2959 4859 3401 4927 prmdicationem
3428 4855 3705 4925 praebebat

2129 4946 2265 5001 nihil
2299 4949 2493 5017 suscipi
2533 4949 2730 5004 debere
2759 4966 2879 5019 quae
2926 4950 3251 5004 videbantur
3290 4966 3304 5002 :
3346 4947 3565 5001 credere
3601 4959 3703 4996 au-

2132 5048 2239 5090 tem
2290 5038 2413 5106 quia
2467 5038 2518 5091 in
2570 5038 2836 5107 principio
2893 5049 3009 5092 erat
3055 5035 3320 5101 Verbum,
3365 5045 3417 5089 et
3461 5032 3701 5088 Verbum

2129 5136 2247 5180 erat
2294 5129 2505 5189 vivens,
2558 5138 2613 5182 et
2663 5127 2803 5183 Deus
2853 5137 2968 5183 erat
3016 5125 3302 5191 Verbum;
3337 5126 3451 5179 hazc
3497 5120 3564 5176 ad
3611 5121 3704 5175 illa

2127 5230 2247 5284 qua:
2275 5215 2721 5284 inspiciebantur,
2758 5215 2957 5269 nullam
2989 5214 3312 5268 videbantur
3337 5213 3541 5266 habere
3570 5224 3703 5265 con-

2129 5306 2459 5360 sensionem.
2510 5306 2975 5372 Quemadmodum
3011 5321 3145 5375 ergo
3184 5305 3237 5359 id
3284 5303 3427 5372 quod
3462 5301 3696 5357 incredi-

2132 5396 2237 5449 bile
2277 5407 2357 5451 est
2386 5396 2614 5451 edicitur
2643 5397 2925 5465 credibile,
2973 5397 3086 5467 ipse
3134 5396 3264 5452 dicit
3305 5393 3566 5485 Dominus
3600 5389 3695 5447 :Si

2207 5578 2282 5646 μ)
2314 5576 2520 5645 Melius,
2545 5579 2815 5632 ostendite.
