4050 6206
343 265 476 321 H97

1655 250 1741 305 DE
1780 247 2119 305 OPERIBUS
2158 246 2372 303 BONIS.

3462 243 3594 299 “98

346 397 501 450 opera
536 396 636 433 non
670 376 809 444 facio
845 387 961 443 qua!
990 368 1171 423 nullus
1201 368 1339 423 alius
1365 368 1516 436 facit,
1539 368 1697 423 nolite
1721 368 1928 421 credere
1958 373 2004 424 A
2032 364 2126 433 qui
2157 362 2320 416 etiam
2351 359 2642 414 mandabat
2672 358 2874 412 curatis
2914 370 2980 410 ne
3016 355 3259 450 dicerent
3289 355 3447 411 alicui
3475 369 3596 425 qua

349 474 478 528 mihi
517 473 582 525 “.
626 470 778 523 Sicut
831 465 975 518 enim
1029 463 1175 532 quod
1218 462 1509 515 videbatur
1550 462 1714 515 dabat
1764 459 1921 513 fidem

351 566 477 633 quia
530 564 692 615 homo
745 565 884 617 erat,
944 555 1014 607 ita
1075 554 1202 605 dum
1251 560 1597 619 operaretur,
1652 550 1925 619 praebebat

349 656 679 724 agnitionem
728 650 856 718 quia
917 647 1078 700 Deus.
1130 645 1463 709 Dormiebat,
1508 642 1924 697 describebatur

348 748 516 800 homo
541 764 555 811 ;
592 740 858 797 suscitans
877 750 1056 791 autem
1086 744 1354 800 mortuos,
1380 734 1707 788 ostendebat
1730 734 1917 787 Deum.

349 838 468 893 Non
504 838 638 893 enim
673 845 901 887 somnus
932 828 1151 896 quidem
1185 830 1510 896 suggerebat
1558 824 1792 879 hominis
1828 838 1924 875 na-

346 938 539 988 turam,
570 923 906 979 resurrectio
936 928 1116 973 autem
1150 927 1487 970 mortuorum
1528 931 1635 971 non
1670 915 1925 968 ostende-

350 1024 435 1072 bat
469 1017 639 1069 Deum
666 1016 846 1067 vivum
869 1029 933 1065 ex
962 1013 1179 1065 vivente
1206 1010 1313 1065 Deo
1341 1028 1352 1062 :
1391 1022 1562 1075 neque
1588 1007 1923 1060 manducans

345 1108 559 1174 quidem
607 1104 901 1159 exhibebat
954 1103 1252 1165 hominem,
1315 1115 1378 1154 ex
1433 1100 1622 1169 paucis
1670 1099 1812 1151 enim
1846 1096 1923 1165 (2)

338 1193 578 1261 panibus
629 1206 858 1260 pascens
906 1190 1072 1242 millia
1147 1190 1427 1243 hominum
1475 1203 1580 1240 non
1631 1186 1927 1240 exhibebat

341 1286 513 1337 Deum
560 1300 573 1334 :
628 1297 802 1350 neque
853 1282 972 1334 navi
1029 1282 1247 1350 quidem
1295 1281 1551 1348 navigare
1607 1277 1928 1332 ostendebat

339 1375 663 1437 hominem;
723 1373 774 1426 in
813 1372 1042 1427 summis
1095 1381 1272 1426 autem
1326 1372 1580 1424 fluctibus
1624 1369 1924 1433 ambulare,

344 1478 457 1517 non
508 1462 825 1518 ostendebat
870 1458 1035 1516 Deum
1098 1463 1281 1516 maris.
1337 1461 1442 1516 Sed
1493 1463 1633 1516 sicut
1678 1460 1927 1513 humanae

347 1561 561 1605 naturae
598 1552 933 1605 formabatur
967 1552 1329 1606 utdiceretur
1373 1551 1557 1615 homo,
1612 1551 1681 1604 ita
1731 1548 1929 1602 divini-

353 1644 484 1696 tatis
516 1643 630 1710 ejus
657 1658 821 1712 opera
852 1643 1253 1698 abscondebam
1278 1652 1331 1698 et
1356 1644 1653 1699 hominem.
1690 1641 1794 1694 Sed
1830 1642 1925 1692 ad-

352 1732 625 1787 mirabilia
663 1734 877 1801 quidem
906 1748 1025 1801 qua:
1052 1743 1182 1785 ante
1213 1732 1520 1800 passionem
1560 1746 1712 1785 suam
1759 1729 1926 1781 facie-

350 1824 477 1887 bat,“
501 1823 821 1877 ostendebat
854 1824 978 1891 quia
1024 1824 1221 1878 divina:
1257 1825 1477 1877 virtutis
1522 1834 1664 1877 esset
1723 1823 1923 1875 adven-

353 1924 441 1968 tus
482 1934 493 1968 :
537 1916 602 1969 de
633 1916 1027 1969 resurrectione
1084 1930 1260 1970 autem
1298 1915 1412 1982 cjus
1446 1917 1593 1985 signa
1640 1929 1758 1983 qum
1789 1930 1927 1983 prac-

353 2012 655 2070 cesserant,
692 2020 796 2059 non
827 2003 1079 2057 omnibus
1119 2005 1447 2058 exhibebant
1500 2005 1841 2055 virtutem‘et
1867 2002 1928 2054 ti-

355 2096 476 2147 dem
516 2095 931 2151 resurrectionis
954 2095 1091 2163 ejus,
1122 2096 1215 2149 sed
1250 2110 1387 2163 opus
1420 2103 1541 2147 erat
1587 2093 1710 2146 aliis
1761 2092 1929 2159 signis

352 2203 473 2253 quze
510 2202 569 2241 ea
604 2187 885 2240 ﬁrmarent
929 2205 943 2238 :
1000 2186 1126 2254 quia
1154 2200 1263 2240 non
1290 2186 1465 2240 solum
1511 2196 1750 2253 prmsens
1776 2191 1929 2235 ante-

351 2294 512 2346 quam
548 2287 827 2346 pateretur
850 2286 1109 2346 operatus
1143 2284 1227 2330 est
1253 2275 1526 2329 mirabilia
1553 2291 1567 2325 :
1597 2273 1690 2327 sed
1725 2273 1849 2340 quia
1876 2281 1928 2326 et

348 2379 592 2422 mortuos
634 2370 940 2431 suscitavit,
987 2376 1041 2419 et
1091 2367 1207 2435 ipse
1234 2380 1552 2433 «resurgens
1584 2363 1923 2417 mirilicatur.

348 2457 457 2512 libi
482 2472 611 2527 ergo
643 2458 742 2510 ista
774 2464 898 2510 sunt
928 2454 1197 2509 mirabilia
1239 2468 1360 2522 quae
1411 2461 1532 2521 post
1573 2457 1930 2509 resurrectio-

349 2564 471 2602 nem
539 2559 697 2603 erant
757 2548 1009 2602 facienda
1056 2548 1079 2599 ’ἲ
1137 2558 1314 2613 neque
1386 2545 1527 2598 enim
1581 2547 1928 2616 semetipsum

348 2639 553 2691 mundo
598 2638 859 2698 ostendit,
909 2649 1085 2705 neque
1122 2632 1343 2689 Iudaeis.
1402 2633 1459 2689 Si
1508 2635 1673 2703 igitur
1700 2651 1805 2692 non
1834 2651 1928 2692 os-

354 2728 526 2780 tendit
554 2729 935 2795 semetipsum,
959 2724 1234 2795 quomodo
1252 2735 1429 2795 potest
1448 2726 1573 2795 quis
1596 2728 1778 2783 dicere
1803 2728 1927 2796 quia

355 2818 562 2871 faciens
601 2818 868 2872 mirabilia
920 2817 1235 2874 credibilem
1294 2818 1423 2872 fecit
1465 2818 1926 2873 resurrectionem

352 2909 554 2962 suam?
585 2899 783 2964 Judaeis
816 2912 960 2965 enim
987 2911 1335 2978 semetipsum
1368 2925 1471 2964 non
1514 2911 1923 2975 demonstravit,

2026 455 2168 523 passi
2204 453 2431 507 fuissent
2461 450 2597 504 bene
2630 450 2729 518 (5).
2758 448 3130 503 Conscrvabat
3174 445 3317 501 enim
3364 447 3593 515 dignitao

2026 552 2133 597 tem
2167 540 2601 601 resurrectionis,
2644 547 2698 593 et
2728 538 3083 609 regressionis
3116 550 3228 591 suae
3260 537 3325 589 ad
3355 535 3592 595 Patrem,

2026 643 2078 688 et
2107 634 2371 686 adventus
2398 631 2630 700 Spiritus
2653 630 2848 684 sancti.
2886 628 3027 694 Quid
3067 628 3210 681 enim
3254 627 3427 697 magis
3468 643 3595 681 sua-

2028 724 2188 777 debat
2217 721 2510 791 discipulos
2547 719 2771 788 ejus,‘si
2807 719 2921 789 ipse
2964 716 3167 772 faceret
3202 716 3378 786 signa,
3421 726 3515 771 aut
3552 720 3598 772 si

2027 826 2091 865 ex
2126 810 2257 880 ipsis
2280 811 2545 878 praeberet
2570 810 2819 862 virtutem
2845 806 3022 861 facere
3050 806 3254 876 majora
3286 821 3448 875 quam
3484 807 3600 875 ipse

2027 902 2292 957 faciebat?
2324 902 2496 970 Ipsum
2527 900 2669 955 enim
2718 900 2898 953 facere
2932 899 3105 968 signa,
3140 907 3198 953 ut
3233 907 3359 968 puta
3402 899 3600 969 ejicere

2027 993 2291 1047 dremouia
2324 1009 2351 1045 a
2384 992 2706 1060 corporibus
2749 991 3036 1059 possessis,
3080 998 3391 1058 suspectum
3438 1004 3469 1041 a
3501 988 3601 1042 Ju-

2029 1086 2156 1139 dasis
2178 1093 2258 1138 est
2277 1084 2402 1151 quia
2438 1084 2489 1134 in
2526 1082 2827 1136 Beelzebub
2856 1083 2957 1135 hoc
2983 1080 3131 1135 facit.
3158 1080 3391 1149 Cupiens
3415 1090 3596 1133 autem

2030 1189 2254 1245 arguere
2283 1175 2403 1242 quia
2435 1174 2526 1226 Dei
2555 1187 2715 1239 opera
2742 1171 2971 1239 principi
3006 1171 3393 1224 daemoniorum
3421 1170 3598 1223 ascri-

2028 1266 2161 1320 bunt
2193 1266 2387 1329 Judaei,
2438 1273 2491 1319 et
2538 1262 2775 1317 maxime
2814 1276 2876 1316 ea
2927 1276 3046 1329 qua:
3093 1262 3379 1316 adversum
3418 1261 3595 1330 ipsum

2027 1358 2323 1427 principem
2365 1356 2751 1409 daemoniorum
2783 1361 2835 1406 et
2864 1352 2983 1419 ejus
3018 1352 3313 1406 exercitum
3360 1350 3581 1415 ﬁebant,

2030 1448 2252 1501 adduxit
2283 1448 2333 1500 in
2368 1446 2601 1511 medium
2641 1445 2708 1497 de
2740 1441 3018 1511 discipulis
3058 1442 3191 1503 suis,
3237 1450 3292 1495 et
3327 1441 3463 1495 dixit
3495 1458 3507 1494 :
3542 1440 3604 1495 Si

2029 1557 2120 1607 ego
2151 1540 2203 1591 in
2246 1537 2527 1591 Beelzebub
2561 1537 2714 1605 ejicio
2750 1534 3032 1597 dwmonia,
3078 1534 3179 1601 ﬁlii
3222 1533 3378 1586 vestri
3415 1533 3469 1586 in
3503 1548 3604 1600 quo

2030 1631 2241 1699 cjiciunt
2280 1630 2363 1682 “‘3
2397 1628 2507 1683 Hoc
2537 1636 2639 1693 est,
2674 1627 2760 1681 isti
2796 1628 2899 1679 mei
2950 1624 3196 1694 discipuli
3220 1625 3310 1691 qui
3348 1638 3415 1679 ex
3452 1625 3605 1679 vobis

2030 1734 2175 1787 sunt,
2209 1723 2259 1775 in
2290 1736 2396 1791 quo
2433 1715 2691 1786 cjiciunt?
2723 1719 2856 1785 Quia
2893 1718 3058 1788 igitur
3097 1731 3157 1770 ea
3205 1730 3327 1787 qum
3370 1714 3438 1769 ab
3485 1715 3604 1784 ipso

2032 1815 2249 1876 licbaut,
2286 1820 2506 1881 propter
2552 1810 2816 1863 malitiam
2867 1807 3279 1878 suscipientium
3326 1806 3599 1860 aliis.ha—

2030 1899 2230 1953 hebant
2271 1898 2637 1967 suspiciones:
2678 1897 2955 1965 discipulis
2998 1897 3108 1951 suis
3161 1897 3339 1951 omnia
3386 1909 3605 1950 conser-

2030 1989 2210 2051 vabat,
2245 1997 2303 2041 ut
2356 2002 2634 2057 przecones
2680 1986 3097 2043 resurrectionis
3141 1996 3384 2043 mortuos
3431 1985 3609 2041 susci.

2032 2090 2225 2145 tantes,
2272 2096 2441 2135 caecos
2490 2081 2750 2136 facientes
2805 2084 3024 2149 videre,
3080 2082 3287 2137 claudis
3339 2084 3607 2137 donantes

2032 2171 2330 2236 ambulare,
2355 2182 2408 2224 et
2434 2173 2672 2241 leprosos
2698 2173 3075 2241 emundantes,
3098 2188 3411 2229 sermonum
3433 2172 3610 2245 digni-

2033 2272 2193 2316 tatem
2246 2278 2341 2331 per
2396 2263 2661 2317 mirabilia
2714 2267 3086 2320 ostenderent.
3146 2267 3286 2331 Quid
3335 2266 3478 2321 enim
3532 2267 3608 2320 ita

2031 2361 2240 2421 poterat
2263 2351 2500 2407 Lazarus
2532 2362 2652 2422 post
2679 2363 2913 2420 quatuor
2935 2355 3050 2408 dies
3092 2369 3382 2422 resurgens
3405 2370 3434 2408 a
3461 2370 3610 2409 mor—

2034 2448 2141 2503 tuis
2177 2449 2415 2518 prtebere
2447 2449 2511 2501 ad
2539 2446 2695 2501 [idem
2730 2446 2815 2502 his
2843 2447 2932 2516 qui
2960 2447 3233 2511 viderant,
3255 2462 3418 2516 quam
3459 2456 3517 2500 ut
3555 2462 3611 2500 et

2036 2545 2134 2615 ipsi
2162 2542 2404 2614 discipuli
2444 2557 2566 2597 cum
2607 2541 2742 2596 alios
2776 2542 3108 2595 suscitarent
3151 2554 3249 2611 per
3289 2542 3612 2608 semetipsos

2034 2645 2275 2691 mortuos
2319 2633 2666 2703 prmbebant?
2702 2631 2769 2687 Et
2810 2633 2937 2702 quid
2986 2632 3092 2687 tale
3122 2634 3186 2686 ad
3228 2631 3387 2687 fidem
3418 2633 3607 2693 valuit.

2035 2735 2090 2780 ut
2132 2725 2389 2780 Dominus
2417 2738 2519 2779 non
2564 2723 2788 2777 edoctus
2834 2724 3045 2778 litteras
3083 2723 3308 2792 legeret,
3347 2734 3610 2791 quantum

2039 2818 2226 2872 Petrus
2257 2832 2361 2871 non
2399 2817 2621 2872 edoctus
2644 2816 2880 2886 linguam
2912 2815 3095 2879 ullam,
3133 2814 3270 2869 forte
3296 2829 3361 2868 ne
3394 2816 3611 2884 quidem

2032 2920 2085 2964 ct
2108 2909 2363 2979 patriam,
2412 2910 2549 2964 bene
2591 2909 2737 2964 omni
2792 2909 3107 2978 loqueretur
3147 2906 3349 2978 lingua,
3397 2917 3451 2961 et
3489 2922 3612 2959 mn-

352 3016 423 3056 ne
454 3001 645 3071 duplex
683 3004 749 3057 ab
782 3002 859 3057 eis
885 3002 1263 3072 irreligiositas
1298 3010 1621 3057 tentaretur.
1675 3000 1782 3055 Sed
1820 3016 1923 3054 non
1956 3031 1997 3087 ο
2035 3016 2156 3056 nem
2193 3001 2439 3055 audiret?
2476 3001 2631 3056 Unde
2655 3010 2710 3056 et
2740 3001 2948 3078 Lazaro
3000 3010 3335 3069 resurgente,
3387 3008 3436 3052 et
3488 2998 3609 3049 aliis

351 3101 606 3159 poterant
639 3093 857 3148 nolente
886 3093 1019 3159 Deo,
1054 3104 1108 3147 et
1132 3108 1235 3148 non
1261 3093 1590 3147 concedente
1615 3090 1922 3158 Unigenito,

354 3183 592 3236 secundo
633 3200 754 3239 ettm
782 3184 997 3254 adigere
1025 3184 1170 3239 cruci
1199 3204 1212 3238 :
1241 3184 1508 3252 siquidem
1546 3195 1647 3237 nec
1695 3181 1927 3250 primam

353 3274 636 3326 audaciam
673 3276 1047 3345 perfecissent,
1093 3275 1194 3329 nisi
1244 3274 1408 3329 Pater
1450 3273 1833 3337 concessisset,
1876 3284 1929 3327 et

350 3364 523 3417 Filius
564 3367 918 3434 permisisset.
966 3362 1069 3420 Sed
1123 3365 1337 3419 interim
1368 3365 1625 3417 alacritas
1668 3364 1803 3416 mala
1834 3365 1929 3416 du-

353 3453 476 3522 plex
516 3452 794 3511 habuisset
827 3455 1051 3508 malitia:
1098 3455 1334 3529 fructum
1376 3471 1387 3504 :
1428 3450 1540 3505 sive
1575 3451 1719 3504 enim
1750 3450 1929 3521 allige-

353 3556 478 3595 rent
514 3543 732 3609 iterum,
764 3545 879 3599 sive
913 3558 1021 3597 non
1054 3530 1355 3611 alligarent,
1378 3540 1578 3594 vellent
1607 3549 1821 3604 autem;
1851 3542 1931 3594 in-

355 3634 514 3687 terim
544 3634 641 3703 ipsi
677 3635 943 3704 duplicem
970 3635 1236 3690 haberent
1272 3633 1636 3702 iniquitatem.
1670 3633 1802 3687 Erat
1834 3648 1931 3686 au-

356 3733 463 3779 tem
487 3728 699 3796 etquod
727 3726 887 3780 ﬂebat
920 3726 1161 3779 secundo
1185 3724 1515 3791 superﬂuum
1539 3742 1551 3775 :
1582 3724 1749 3777 semel
1774 3725 1918 3777 enim

355 3819 691 3872 reconditmn
724 3824 842 3869 erat
873 3823 931 3865 ut
955 3812 1291 3880 dispensatio
1308 3827 1408 3865 con
1473 3812 1676 3865 leretur
1705 3814 1783 3870 :si
1811 3815 1930 3883 qui-

356 3913 476 3964 dem
509 3924 607 3963 nec
648 3905 904 3975 possibile
938 3912 1053 3957 erat
1078 3911 1200 3973 post
1229 3903 1686 3957 resurrectionem
1733 3921 1931 3974 corpus

358 4003 504 4071 quod
527 4000 638 4068 jam
670 3995 1133 4053 immortalitatem
1186 3994 1361 4048 fuerat
1409 3994 1689 4061 adeptum,
1728 3995 1927 4048 iterum

361 4094 645 4146 incurrere
674 4100 923 4143 mortem.
959 4086 1066 4142 Sed
1101 4086 1242 4140 sicut
1268 4085 1397 4139 auio
1420 4100 1503 4138 “ut
1546 4086 1725 4141 nullus
1755 4096 1935 4155 potest

355 4184 603 4238 occidere
635 4180 760 4249 quia
791 4188 874 4235 est
897 4177 1239 4242 immortalis,
1264 4177 1341 4232 ita
1373 4188 1662 4246 etcorpus,
1694 4194 1816 4233 cum
1849 4179 1932 4232 in-

353 4276 542 4328 dutum
616 4271 780 4327 fuerit
853 4270 1295 4334 immortalitate,
1355 4270 1514 4324 istam
1569 4271 1935 4339 babetlpost

2036 3092 2327 3163 aliquantis
2381 3093 2608 3148 mortuis
2646 3092 2924 3147 suscitatis
2975 3090 3137 3147 etiam
3175 3091 3333 3147 cteeis
3378 3090 3609 3146 videnti-

2036 3186 2157 3248 bus,
2196 3185 2290 3240 sed
2316 3194 2370 3239 et
2403 3183 2491 3237 illo
2523 3183 2614 3254 qui
2663 3182 2733 3238 ita
2778 3183 2957 3239 fuerat
3008 3197 3168 3238 natus
3214 3181 3505 3251 recipiente
3535 3178 3613 3233 vi-

2038 3287 2177 3338 sum,
2204 3274 2313 3326 imo
2345 3272 2643 3340 accipiente
2666 3313 2680 3339 ,
2725 3275 3032 3345 emundatis
3066 3274 3231 3328 etiam
3266 3271 3510 3342 plurimis
3537 3269 3614 3321 lc-

2037 3363 2235 3430 prosis,
2293 3372 2349 3415 et
2409 3363 2614 3416 sanatis
2676 3364 2917 3419 millibus
2989 3364 3303 3431 hominum,
3386 3365 3618 3433 negabat

2039 3452 2252 3520 Petrus,
2275 3464 2330 3509 et
2357 3455 2575 3521 jurabat
2603 3469 2670 3509 ne
2694 3455 2910 3523 quidem
2953 3462 3011 3507 ut
3044 3454 3318 3508 hominem
3358 3470 3417 3509 se
3448 3456 3614 3509 scire.

2039 3545 2174 3612 Quia
2209 3557 2389 3602 autem
2419 3549 2567 3603 venit
2619 3548 2858 3617 Spiritus
2900 3555 3121 3601 sanctus
3160 3547 3357 3600 missus
3394 3563 3420 3598 a
3458 3547 3615 3609 Filio,

2039 3651 2094 3693 et
2119 3639 2365 3694 coclfecit
2411 3640 2555 3694 intus
2588 3639 2935 3695 sanctiﬁcans
2967 3638 3176 3701 virtus,
3212 3636 3348 3692 alius
3382 3654 3481 3707 pro
3513 3640 3618 3694 alio

2044 3730 2215 3786 factus
2256 3732 2469 3796 Petrus,
2517 3742 2571 3786 et
2610 3732 2720 3801 jam
2769 3730 2973 3798 Spiritu
3022 3729 3348 3798 baptizatus,
3383 3744 3487 3782 non
3531 3745 3619 3785 so-

2042 3823 2150 3879 lum
2183 3839 2287 3878 non
2314 3833 2474 3895 negat
2504 3825 2569 3878 ad
2589 3837 2770 3878 vocem
2794 3821 3004 3892 puellm,
3029 3824 3120 3876 sed
3158 3830 3212 3874 et
3249 3822 3393 3874 omni
3427 3822 3621 3889 populo

2042 3914 2249 3968 resistit
2291 3932 2302 3967 ε
2337 3922 2390 3968 et
2421 3914 2509 3983 qui
2558 3923 2716 3968 antea
2770 3927 2828 3968 se
2877 3912 3265 3974 abscondebat,
3315 3925 3457 3965 nunc
3498 3925 3621 3964 eum

2046 4002 2238 4055 fiducia
2271 4004 2337 4055 ad
2374 4003 2635 4056 terminos
2668 4018 2840 4073 usque
2871 4013 3029 4057 terra:
3069 4002 3350 4070 przedicat,
3377 4009 3434 4054 et
3461 4002 3621 4055 docet

2044 4092 2346 4146 universos.
2380 4092 2456 4146 lta
2490 4095 2755 4149 adventus
2788 4094 3025 4164 Spiritus
3048 4094 3247 4159 sancti,
3278 4093 3370 4162 qni
3408 4093 3620 4162 ingres-

2046 4194 2140 4235 sus
2186 4189 2269 4236 est
2306 4181 2359 4234 in
2418 4182 2731 4251 discipulos,
2785 4193 2839 4239 et
2883 4183 3095 4248 ellecit,
3151 4184 3613 4239 resurrectionem

2046 4270 2259 4327 Domini
2285 4282 2340 4327 et
2369 4275 2793 4342 assumptionem
2838 4276 3008 4331 visam
3057 4275 3392 4345 praedicavit,
3426 4286 3481 4329 et
3505 4275 3624 4343 ejus

356 4366 810 4419 resurrectionem
833 4362 1267 4433 promissionem.
1291 4360 1444 4427 Quod
1466 4362 1608 4415 enim
1630 4361 1936 4417 immortale
1971 4381 2014 4436 ι)
2045 4364 2299 4418 virtutem
2338 4366 2699 4420 annuntiavit.
2744 4368 2876 4421 Cum
2909 4367 3052 4420 enim
3090 4367 3335 4422 coell’ecit
3360 4367 3621 4435 Spiritus,

356 4456 688 4524 indulgentia
718 4455 922 4509 factum
951 4463 1054 4516 est,
1083 4468 1187 4507 non
1220 4462 1397 4522 potest
1422 4455 1541 4523 jam,
1562 4455 1935 4523 inlerentptio-

355 4562 478 4600 netu
512 4545 906 4599 abhominihus
934 4542 1286 4614 patiJudteis
1330 4544 1493 4613 igitur
1520 4554 1643 4614 post
1690 4559 1936 4599 resurre-

355 4638 557 4691 tionetn
600 4650 707 4689 non
755 4649 812 4687 se
853 4636 1137 4689 ostendere
1179 4636 1489 4698 Dominum,
1544 4635 1818 4703 parcentis
1851 4641 1937 4689 est

353 4731 555 4785 Judaeis
582 4747 595 4784 :
626 4728 717 4798 qui
757 4728 898 4781 enim
951 4727 1379 4797 llierosolyr‘am
1422 4726 1659 4791 dollevit,
1702 4741 1933 4796 procur-

354 4838 478 4876 rere
530 4821 760 4890 duplicia
795 4819 969 4882 mala;
1016 4835 1122 4873 non
1165 4820 1347 4873 facere
1392 4827 1572 4873 autem
1622 4820 1796 4888 signa,
1846 4827 1939 4873 aut

356 4912 626 4966 modicum
657 4911 783 4979 quid
823 4910 1103 4980 discipulis
1127 4908 1435 4971 ostendere,
1460 4918 1519 4961 ut
1546 4916 1671 4977 puta
1702 4908 1932 4977 piscium

355 5000 537 5053 subito
560 4997 957 5053 multitudinem
984 5008 1220 5068 captam,
1246 5006 1341 5051 aut
1371 4997 1517 5050 aliud
1550 4996 1751 5066 aliquid
1787 4999 1926 5063 tale;

354 5104 460 5144 non
502 5099 621 5144 erat
664 5090 1044 5144 ostentationis
1082 5099 1314 5158 tempus.
1359 5101 1532 5155 neque
1578 5087 1930 5157 semetipsum

355 5180 710 5233 ostendentis.
747 5176 931 5246 Neque
958 5178 1103 5232 enim
1141 5192 1263 5232 cum
1304 5176 1507 5230 faceret
1555 5183 1681 5230 ante
1723 5179 1929 5243 passio-

358 5276 479 5317 nem
535 5268 801 5323 mirabilia
859 5269 1150 5333 Dominus,
1206 5276 1488 5321 05tentans
1542 5280 1600 5319 se
1661 5265 1929 5337 faciebat,

424 5442 469 5473 “
495 5443 626 5499 Joao
674 5462 727 5500 ν.
754 5448 856 5511 37;
891 5462 979 5513 xv,
1005 5445 1095 5500 εξι.

454 5564 507 5630 Ξ)
547 5561 698 5614 Enim.
758 5565 945 5627 Forte,
972 5574 1166 5618 autem.

1172 5446 1215 5476 “
1248 5444 1378 5501 Luc.
1411 5461 1485 5513 XI,
1525 5446 1603 5501 l9.

2046 4463 2441 4511 transmutatus
2477 4466 2561 4511 est
2600 4458 2788 4513 Petrus
2825 4477 2840 4512 :
2887 4468 3028 4512 totus
3073 4459 3293 4524 clamat,
3343 4458 3454 4527 jam
3514 4475 3622 4513 non

2046 4562 2269 4617 negans,
2306 4549 2398 4602 sed
2440 4549 2739 4616 praedicans
2784 4549 3143 4605 Salvatorem.
3181 4550 3493 4621 Stephanus
3523 4566 3621 4605 an-

2049 4647 2155 4691 tem
2179 4646 2234 4692 et
2265 4637 2379 4707 ipse
2421 4638 2545 4694 silet
2580 4641 2645 4695 ad
2690 4642 2909 4712 lapides,
2965 4651 3020 4696 et
3071 4642 3356 4697 Dominum
3407 4660 3623 4698 annun-

2048 4726 2164 4789 tiat,
2193 4742 2353 4796 quem
2403 4730 2467 4784 ad
2503 4731 2781 4787 dexteram
2824 4732 3002 4787 Patris
3040 4742 3274 4788 stantem
3322 4748 3625 4802 conspexe-

2040 4829 2124 4871 rat
2172 4834 2185 4870 :
2242 4826 2298 4872 et
2346 4819 2485 4875 alius
2538 4822 2681 4876 aliud
2738 4822 3111 4890 eloquebatur,
3148 4835 3203 4880 et
3247 4825 3367 4881 sine
3417 4825 3619 4879 solatio

2039 4916 2195 4961 erant
2230 4913 2437 4980 negotia
2483 4911 2816 4967 Judaeorum.
2881 4914 3035 4968 Sicut
3106 4918 3250 4970 enim
3314 4918 3367 4971 in
3418 4917 3624 4969 diluvio

2042 4998 2261 5054 interim
2303 5002 2519 5067 quidem
2570 5003 2678 5058 Noe
2718 5017 2823 5057 non
2869 5006 3195 5062 credebatur
3236 5009 3361 5062 dum
3422 5007 3627 5062 faceret

2043 5103 2227 5143 arcam
2262 5113 2274 5145 :
2309 5107 2428 5147 cum
2461 5104 2640 5148 autem
2675 5095 2856 5150 subito
2885 5104 3056 5152 totum
3102 5098 3299 5153 calum
3346 5100 3622 5154 emitteret

2045 5179 2254 5249 fluvios,
2289 5193 2432 5239 terra
2469 5194 2646 5240 autem
2684 5198 2963 5246 eructaret
2983 5205 3174 5261 aquas,
3198 5202 3251 5246 et
3279 5192 3401 5246 inde
3435 5201 3620 5247 arcta-

2050 5282 2201 5329 retur
2230 5276 2580 5333 incredulitas
2630 5287 2686 5334 et
2721 5282 2787 5337 de
2816 5281 2955 5340 cmlo
2986 5292 3039 5339 et
3073 5283 3137 5339 de
3176 5292 3319 5339 terra
3358 5285 3425 5339 ab
3465 5283 3624 5353 aquis

454 5635 506 5705 ὅ)
550 5633 767 5689 Phrasis
805 5634 1016 5700 Graeca,
1060 5637 1217 5688 ἅτινα
1250 5638 1307 5690 εὑ
1348 5637 1410 5691 ἂν
1458 5637 1676 5701 ἔπαθον,
1710 5653 1828 5708 qum
1864 5639 1927 5696 bc

2044 5640 2123 5694 cia
2148 5638 2495 5707 accepissent.
