4050 6206
430 267 456 318 ⁷1
476 263 572 319 199

430 391 489 434 111
529 372 910 445 111-01100οτ0101·
956 362 1091 430 1110
1132 365 1187 411 01
1245 368 1340 421 per
1371 346 1647 418 apostolos
1680 342 1849 397 Judaei
1908 354 2003 393 an-

430 431 801 540 gustiabantnr
856 469 963 510 non
1015 448 1323 507 credentes,
1379 449 1435 496 et
1493 434 1833 493 admirabilia
1871 431 2009 485 indi-

430 529 696 628 gnantes:
732 549 975 601 videntes
1003 542 1144 596 enim
1170 538 1276 599 iisti
1301 548 1369 589 ne
1394 533 1471 601 (4)
1499 529 1717 600 quidem
1766 532 2009 579 mortuos

431 618 721 705 suscitatus
785 639 852 692 ab
909 632 1170 703 Apostolo
1225 633 1614 695 exsurgentes,
1676 635 1775 689 per
1847 618 2008 671 alium

431 735 655 792 claudos
694 726 1053 787 ambulantes,
1097 735 1193 791 per
1237 718 1465 772 alterum
1499 714 1603 767 alia
1654 710 1805 777 signa
1861 720 2011 761 com-

434 828 605 899 pleta,
638 832 692 878 et
715 834 813 891 per
846 818 1010 871 alium
1047 812 1261 880 linguas
1299 808 1581 861 audientes
1617 801 2014 871 plurimas;ar-

432 919 565 974 ctati
599 913 864 971 meatibus
889 905 1195 964 istiusmodi
1228 904 1667 971 signorum,qnae
1706 895 1770 948 de
1800 904 2011 947 sursum

437 1006 700 1079 apostolis
724 1004 938 1057 fuerant
960 1001 1181 1059 donata,
1212 993 1397 1047 eadem
1425 1004 1543 1058 qua!
1568 989 1620 1041 in
1653 996 1794 1051 terra
1828 982 2016 1035 viden-

441 1114 518 1153 tes
555 1094 841 1158 mirabilia,
894 1090 982 1159 qui
1018 1086 1131 1140 ausi
1179 1083 1395 1135 fuerant
1441 1077 1756 1146 magistrum
1803 1070 2016 1141 afﬁgere

439 1190 609 1254 cruci,
650 1184 843 1241 incerti
876 1189 1030 1236 erant
1077 1178 1204 1245 quid
1246 1174 1491 1227 facerent
1548 1165 1827 1235 discipulis
1870 1164 2012 1229 ejus.

440 1286 553 1350 Qua
582 1252 749 1350 igitur
786 1278 851 1331 de
880 1287 1063 1329 causa,
1096 1270 1194 1323 sub
1219 1261 1509 1335 praesentia
1535 1257 1749 1326 quidem
1782 1252 2015 1314 Domini,

438 1341 493 1428 et
526 1341 755 1443 apostoli
788 1367 1099 1419 dubitantes
1123 1356 1326 1411 fuerint
1354 1350 1643 1419 aliquoties
1668 1345 1883 1399 oblatos
1909 1341 2014 1395 sibi

438 1480 545 1517 non
603 1459 842 1529 potuisse
887 1464 1113 1513 curare;
1162 1453 1285 1516 post
1330 1436 1787 1498 resurrectionem
1840 1442 2018 1485 autem

442 1567 496 1609 et
558 1552 763 1620 majora
816 1559 976 1615 quam
1041 1541 1298 1595 Dominus
1352 1534 1481 1587 fecit
1530 1530 1680 1597 signa
1737 1524 1913 1577 facere
1944 1520 2020 1589 (5)

446 1643 734 1714 discipuli?
767 1640 865 1694 sub
900 1638 1013 1705 ejus
1031 1637 1173 1688 enim
1209 1626 1497 1699 praesentia
1527 1624 1647 1676 ideo
1680 1617 1812 1673 nihil
1844 1616 2021 1668 facere

430 1707 759 1807 potuerunt,
799 1730 923 1800 quia
951 1727 1239 1797 oportebat
1265 1718 1523 1787 ampliora
1568 1714 1721 1781 signa
1754 1709 1820 1761 ad
1858 1707 2021 1761 satis-
2050 1727 2094 1780 Β

447 1828 737 1882 factionem
792 1814 1203 1873 resurrectionis
1256 1808 1482 1864 servari.
1537 1804 1592 1857 Si
1632 1802 1776 1854 enim
1828 1795 2022 1851 antici-

447 1927 637 1989 pantes
665 1915 766 1969 sub
807 1907 1093 1980 praesentia
1144 1901 1356 1956 Domini
1402 1897 1694 1959 fecissent;
1739 1905 1858 1957 quae
1900 1896 2023 1958 post

447 2005 900 2063 resurrectionem
955 1998 1070 2064 ejus
1117 1994 1310 2048 fecisse
1362 1990 1636 2050 videntur,
1674 1982 2025 2037 habebantet

451 2102 554 2156 ista
593 2099 873 2151 destruere
905 2089 1097 2148 Judaei,
1139 2092 1397 2152 quantum
1426 2080 1489 2133 ad
1522 2080 1666 2146 ipsos
1710 2085 1763 2129 et
1797 2073 1914 2126 aliis
1960 2086 2023 2124 ea

446 2190 631 2245 valere
664 2179 1082 2252 suspicionibus.
1114 2174 1270 2228 Nunc
1295 2182 1473 2225 autem
1507 2184 1610 2221 non
1642 2173 1887 2235 possunt.
1912 2162 2026 2216 Sub

448 2278 733 2352 praesentia
768 2272 910 2328 enim
939 2267 1151 2322 Domini
1179 2278 1343 2317 unum
1372 2263 1668 2315 daemonem
1698 2256 1894 2325 ejicere
1920 2266 2023 2305 non

449 2378 702 2443 poterant
735 2362 960 2433 apostoli
1001 2377 1016 2414 :
1048 2366 1168 2427 post
1201 2352 1639 2409 resurrectionen
1670 2357 1849 2400 autem
1886 2342 2025 2411 ejus,

452 2437 558 2519 ὶιοη
590 2459 759 2516 solum
779 2455 875 2519 illi,
903 2452 994 2506 sed
1026 2458 1077 2503 ct
1099 2449 1152 2502 hi
1178 2446 1270 2515 qui
1301 2446 1369 2498 ab
1398 2442 1503 2497 illis
1528 2440 1681 2494 istius
1706 2437 1917 2491 virtutis
1944 2451 2030 2489 se-

450 2569 575 2610 men
608 2554 951 2618 acceperunt,
973 2542 1213 2610 ejiciunt.
1231 2539 1287 2591 Si
1313 2536 1455 2590 enim
1480 2544 1534 2587 et
1550 2532 1712 2586 dubia
1737 2535 1895 2584 erant
1911 2542 2029 2594 qua:

450 2656 581 2703 ante
643 2640 953 2714 passionem
992 2631 1446 2703 przedicabantur,
1510 2624 1914 2697 protensionem
1952 2618 2028 2688 (6)

456 2711 1026 2789 habuit—incredulitas
1057 2721 1315 2789 majorem
1341 2725 1461 2785 post
1483 2716 1815 2785 passionem.
1848 2711 2030 2764 lucre-

458 2825 766 2885 dibilissimi
795 2823 939 2879 enim
969 2817 1165 2877 Judaei,
1188 2821 1450 2882 ponentes
1486 2809 1585 2862 sibi
1624 2804 1935 2862 scandalum
1972 2803 2025 2855 in

458 2922 574 2990 ipsa
603 2916 851 2987 passione
878 2909 1109 2972 Domini,
1139 2906 1392 2961 dicebant
1426 2918 1441 2953 :
1486 2899 1546 2955 Si
1585 2897 1760 2950 Filius
1798 2894 1892 2946 Dei
1932 2901 2030 2956 est,

460 3009 737 3064 descendat
772 3020 907 3057 nunc
929 3003 991 3054 de
1013 3014 1163 3052 cruce
1186 2997 1254 3049 ⁸⁷.
1292 2994 1347 3048 Si
1374 2993 1515 3047 enim
1541 3002 1646 3043 non
1672 2983 2030 3048 descenderit,

465 3100 559 3153 sed
591 3104 834 3151 mortuus
865 3090 1045 3149 fuerit,
1075 3084 1342 3161 inquiunt,
1369 3088 1578 3132 mortua
1619 3076 1726 3129 erit
1746 3081 1801 3127 et
1830 3074 2026 3126 virtus.

460 3191 600 3258 Quia
637 3199 765 3253 ergo
799 3180 978 3249 passio
1013 3174 1278 3245 protendit
1322 3171 1398 3240 (7)
1438 3182 1623 3222 eorum
1678 3164 2030 3219 incredulita-

466 3294 597 3342 tem,
627 3275 836 3342 majora
874 3276 1051 3322 autem
1086 3265 1238 3333 signa
1275 3260 1581 3315 0111οἱ00101
1608 3272 1705 3325 per
1744 3255 2037 3323 discipulos

468 3372 533 3426 ad
569 3363 1034 3423 confirmationem
1064 3358 1325 3411 adventus
1365 3353 1521 3420 ejus;
1551 3350 1723 3418 magis
1760 3358 1937 3401 autem
1974 3350 2040 3401 ad

468 3457 932 3515 confirmationem
1002 3446 1336 3503 incredibilis
1388 3441 1846 3505 resurrectionis,
1902 3437 2045 3492 acci-

468 3553 682 3623 pientes
717 3542 1142 3599 satisfactionem
1190 3552 1253 3590 ex
1308 3536 1539 3589 adventu
1579 3532 1813 3601 Spiritus
1845 3528 2043 3590 sancti,

473 3619 528 3697 et
566 3636 789 3710 apostoli
839 3635 1045 3687 fuerant
1104 3629 1303 3689 vocati,
1358 3626 1543 3681 statim
1589 3621 1845 3690 operibus
1907 3619 2043 3687 ipsis

471 3730 830 3787 ostendebant
887 3732 1146 3793 quantum
1211 3727 1391 3787 posset
1452 3715 1737 3784 prmsentia
1814 3712 2049 3778 Spiritus

464 3820 677 3891 sancti.
704 3817 893 3871 ‘Primo
915 3813 1132 3879 quidem
1158 3810 1280 3876 quia
1306 3808 1430 3859 dum
1467 3810 1649 3855 essent
1684 3798 1860 3861 11111111,
1887 3811 2047 3851 unum

476 3880 631 3964 erant
662 3905 851 3975 spiritu
905 3874 959 3954 et
1006 3874 1187 3952 anima
1228 3912 1239 3945 :
1289 3893 1414 3963 quia
1464 3906 1601 3943 unus
1640 3896 1695 3941 et
1748 3888 1886 3940 idem
1938 3874 2053 3940 erat

478 4000 735 4069 Spiritus,
768 3994 857 4064 qui
896 3994 992 4045 has
1019 3986 1335 4043 efficientias
1380 3982 1676 4037 dividebat.
1716 3977 1867 4033 Sicut
1909 3978 2051 4031 enim

480 4067 686 4157 lapides
721 4095 776 4139 et
822 4085 1018 4136 lateres
1048 4076 1198 4131 multi
1247 4071 1520 4139 conjuncti
1572 4079 1626 4124 et
1670 4067 1952 4137 compositi
2003 4067 2054 4119 in

480 4174 781 4231 aedificatus
816 4170 893 4241 (8)
932 4182 1097 4222 unum
1133 4174 1188 4219 et
1238 4162 1480 4217 membra
1550 4158 1707 4228 plura
1788 4163 2058 4225 praecepto

486 4265 805 4338 9dificantis
834 4264 884 4316 in
911 4275 1071 4314 unam
1107 4255 1480 4325 compaginem
1518 4252 1833 4304 adunantnr
1868 4266 1879 4301 :
1910 4248 1984 4301 ita
2007 4255 2061 4299 et

489 4335 717 4428 apostoli
758 4367 865 4407 uno
913 4347 1170 4417 baptizati
1209 4344 1413 4413 Spiritu
1455 4339 1845 4409 separationem
1877 4335 2059 4389 multi-

1088 236 1364 296 ‘EUSEBII
1406 224 1883 287 CESARIENSIS
1918 220 2083 275 OPP.‘
2110 216 2289 272 PARS
2328 213 2414 266 IV.
2455 238 2519 249 -—
2556 205 2976 263 DOGMATICA.

3552 204 3692 258 me

2106 333 2221 387 Non
2246 330 2389 384 enim
2425 308 2693 383 insomnia
2724 331 2881 378 erant
2913 318 3065 387 regni
3098 331 3222 385 spes
3258 334 3270 369 :
3312 317 3405 371 sed
3438 330 3691 389 suspecta

2112 424 2306 477 fuisset
2357 415 2707 493 111-1011100110,
2749 412 2792 467 si
2847 422 3010 478 regna
3068 407 3287 475 quidem
3334 407 3692 475 praedicarent

2112 514 2371 577 caelestia,
2397 512 2462 565 de
2511 510 2593 564 his
2633 516 2810 561 autem
2859 516 3039 559 essent
3093 502 3307 555 solliciti
3355 517 3472 566 quae
3508 504 3558 556 in
3591 504 3695 557 bac

2111 610 2220 663 vita
2253 607 2524 660 habentur
2570 619 2583 655 :
2623 602 2714 656 sed
2749 599 2933 653 statim
2986 596 3239 664 operibus
3285 595 3585 651 formantes
3613 598 3691 666 (9)

2114 699 2445 758 suasionem,
2478 694 2715 759 undique
2755 691 2819 742 ad
2862 703 3022 741 unam
3053 687 3400 740 concordiam
3450 687 3690 740 confine.

2114 792 2267 845 bant.
2300 786 2543 855 Apostoli
2578 783 2793 851 quidem
2820 794 2916 848 per
2952 776 3219 831 mirabilia
3248 777 3538 830 firmabant
3559 796 3695 845 prae—

2116 880 2438 934 dicationem
2472 894 2486 931 :
2512 875 2793 930 c’redentes
2818 880 3023 933 autem,
3072 883 3138 922 ex
3164 884 3228 923 eo
3259 868 3394 935 quod
3424 868 3696 921 1118110110-

2116 972 2245 1026 bant
2272 985 2363 1022 sua
2390 1009 2405 1033 ,
2437 982 2500 1021 ex
2548 981 2612 1019 eo
2652 963 2793 1033 quod
2822 960 3005 1015 omnia
3040 959 3237 1011 dabant
3276 956 3585 1023 przesentia,
3624 975 3692 1011 ex

2118 1078 2181 1117 eo
2224 1062 2365 1129 quod
2415 1060 2596 1115 omnia
2633 1058 2698 1109 ad
2740 1067 2902 1123 regna
2958 1050 3221 1103 cmlornm
3259 1046 3687 1112 transferebant;

2120 1162 2246 1205 ante
2277 1152 2567 1206 adventum
2600 1146 2767 1214 ipsius
2797 1142 2947 1210 regni
2979 1139 3339 1193 testabantur.
3378 1137 3468 1190 His
3506 1138 3683 1205 itaque

2120 1242 2287 1312 gestis
2336 1249 2645 1309 repetamus
2701 1248 2942 1296 sensum,
2990 1241 3044 1284 et
3100 1229 3383 1282 videamus
3436 1229 3523 1297 qui
3571 1239 3683 1282 erat.

2122 1344 2252 1387 tunc
2278 1331 2416 1399 apud
2447 1325 2880 1394 Hierosolymam
2918 1329 3114 1381 status,
3143 1334 3261 1388 quae
3312 1316 3541 1379 turbela,
3576 1317 3690 1383 quis

2123 1426 2302 1477 fervor
2335 1417 2714 1483 insanientium
2739 1413 3047 1467 Judaaorum
3078 1428 3090 1464 :
3126 1408 3395 1477 siquidem
3442 1417 3498 1459 et
3542 1406 3632 1459 filii
3665 1422 3696 1459 a

2123 1516 2366 1583 patribus
2413 1482 2729 1564 recedentes
2794 1503 3011 1558 sibilant
3064 1502 3129 1554 ad
3185 1500 3369 1563 fidem,
3409 1507 3462 1551 et
3512 1499 3633 1550 filiae
3671 1512 3703 1551 e
3794 1482 3801 1491 Ἃ

2129 1604 2337 1658 sinibus
2370 1610 2601 1654 matrum
2639 1598 2703 1651 ad
2737 1595 2894 1649 fidem
2928 1592 3221 1647 currebant
3251 1589 3478 1647 Christi,
3508 1597 3565 1641 et
3588 1598 3704 1639 tur-

2123 1696 2240 1750 bela
2265 1701 2384 1747 erat
2411 1690 2550 1760 apud
2576 1687 2821 1742 infideles
2852 1684 3072 1751 ubique.
3115 1681 3209 1735 llle
3258 1681 3403 1734 enim
3432 1680 3705 1733 irasceba-

2129 1797 2214 1839 tur
2254 1784 2384 1843 filio.
2429 1781 2551 1849 quia
2607 1776 2906 1847 sapientior
2958 1773 3099 1841 patri
3150 1787 3248 1825 suo
3291 1771 3580 1840 apparuit:
3614 1770 3704 1823 illa

2126 1889 2304 1931 autem
2347 1873 2635 1939 abjiciebal
2688 1870 2877 1930 filium,
2927 1866 3054 1934 quia
3106 1864 3298 1917 matris
3351 1861 3706 1916 incredulitas

2128 1985 2233 2022 non
2288 1963 2661 2023 eonsentiebat
2715 1959 2871 2023 fidei};
2945 1964 2999 2011 et
3030 1956 3198 2009 frater
3231 1954 3542 2007 minabatur
3594 1952 3705 2004 fra-

2130 2070 2195 2114 111
2222 2076 2234 2123 ;
2260 2059 2371 2127 jam
2422 2067 2599 2111 autem
2637 2066 2691 2108 et
2719 2052 2971 2108 dominus
3027 2062 3206 2102 servo.
3243 2046 3391 2115 Ignis
3432 2045 3571 2097 enim
3620 2042 3706 2094 ille

2128 2166 2285 2220 quem
2316 2150 2466 2202 misit
2490 2147 2748 2201 Dominus
2774 2143 2956 2208 Jesus,
3002 2141 3213 2209 aliquos
3257 2138 3474 2205 quidem
3507 2135 3699 2202 tetigit,

2131 2242 2341 2309 aliquos
2376 2248 2554 2290 autem
2585 2235 2852 2302 despexit,
2882 2243 2937 2289 et
2963 2231 3208 2298 implevit
3246 2227 3449 2281 turbela
3502 2226 3696 2277 civita-

2135 2345 2262 2396 tem,
2296 2330 2468 2394 vicos,
2497 2330 2746 2398 regiones
2780 2336 2834 2381 et
2867 2327 3077 2380 domos.
3107 2322 3241 2375 Erat
3284 2329 3457 2375 autem
3497 2316 3707 2371 turbela

2130 2421 2447 2491 quibusdam
2485 2418 2700 2486 quidem
2732 2415 2801 2469 ad
2826 2416 3051 2474 bonum,
3081 2412 3403 2481 quibusdam
3436 2418 3619 2467 autem,
3642 2406 3711 2459 ad

2132 2512 2329 2580 duplex
2356 2509 2576 2564 malum.
2613 2506 2854 2559 lllicnim
2892 2504 2983 2572 qui
3028 2500 3407 2569 figurabantnr,
3444 2505 3495 2548 et
3518 2510 3709 2556 persc-

2133 2606 2400 2659 cntionem
2426 2599 2785 2659 sustinebant,
2812 2604 3001 2651 etcum
3048 2592 3229 2645 laetitia
3267 2588 3441 2642 omnia
3464 2587 3534 2639 ob
3555 2600 3710 2653 spem

2133 2696 2283 2764 regni
2314 2693 2554 2747 cmlestis
2581 2689 2956 2758 patiebantur;
2983 2684 3119 2737 mala
3150 2696 3267 2750 quae
3284 2678 3630 2747 putabantur,
3660 2674 3714 2727 in

2132 2786 2290 2841 bonis
2338 2784 2439 2838 sibi
2479 2779 2749 2834 thesauris
2794 2774 3172 2829 recondebam.
3219 2770 3541 2835 Quicunque
3574 2763 3716 2816 enim

2134 2875 2455 2929 videbantur
2483 2871 2652 2940 legem
2696 2868 2974 2922 vindicare
3018 2860 3247 2930 Moysei,
3278 2859 3409 2926 legis
3443 2866 3718 2907 sermones

2136 2966 2452 3034 ignorantes
2485 2960 2757 3016 contraria
2801 2957 2899 3026 legi
2933 2952 3312 3022 operabantnr.
3350 2949 3451 3001 Per
3473 2960 3537 2999 ea
3575 2942 3715 2995 enim

2061 3056 2101 3112 C
2137 3074 2255 3127 qua:
2286 3054 2670 3126 gloriabantur,
2687 3068 2779 3120 per
2804 3051 2914 3118 ipsa
2940 3049 3391 3115 etargnebantnr.
3413 3042 3540 3092 Erat
3559 3037 3714 3106 igitur

2136 3148 2337 3201 Jndwis
2374 3147 2485 3213 ipsa
2524 3143 2727 3196 veritas
2780 3154 2905 3192 nox.
2956 3135 3350 3190 lnterfecerunt
3374 3132 3519 3186 enim
3543 3140 3595 3183 et
3630 3128 3723 3181 ob-

2135 3240 2446 3309 jurgarnnt,
2477 3243 2531 3289 et
2558 3229 2904 3288 descendenti
2929 3228 2993 3280 de
3022 3239 3185 3279 cruce
3212 3224 3472 3275 dixerunt
3498 3220 3567 3275 ei.
3618 3229 3724 3269 non

2141 3331 2442 3387 descendit.
2488 3325 2776 3381 Descendit
2822 3328 2999 3374 autem
3033 3317 3100 3368 ad
3146 3314 3379 3378 inferos,
3416 3322 3471 3365 et
3519 3309 3725 3376 majora

2142 3434 2229 3479 est
2280 3429 2556 3490 Operatns.
2638 3416 2693 3470 Si
2762 3413 2907 3469 enim
2969 3407 3351 3462 descendisset
3413 3406 3477 3455 de
3540 3408 3723 3459 cruce,

2144 3488 2401 3584 poterant
2431 3510 2612 3563 dicere
2637 3506 2762 3573 quia
2796 3502 3095 3557 moriturus
3126 3508 3215 3551 est
3255 3498 3306 3549 in
3346 3505 3407 3547 eo
3432 3488 3565 3561 (l0),
3598 3501 3721 3539 cum

2148 3620 2253 3658 non
2289 3609 2432 3656 esset
2471 3608 2740 3653 mortuus.
2781 3593 3044 3647 Malitiose
3066 3591 3296 3645 0111111.οι
3332 3585 3573 3640 Iudaica:
3616 3594 3732 3633 ma-

2151 3691 2482 3751 chinationis
2508 3699 2627 3743 erat
2656 3684 2948 3756 suspicari,
2983 3694 3041 3735 ut
3072 3682 3225 3736 etiam
3253 3679 3362 3730 lizec
3388 3674 3656 3740 fingerent
3678 3677 3735 3723 et

2152 3786 2419 3840 audirent.
2452 3780 2603 3833 Nunc
2633 3787 2814 3831 autem
2859 3773 2987 3842 quia
3034 3783 3211 3837 neque
3251 3763 3465 3819 diabolo
3524 3774 3733 3828 propo-

2154 3875 2302 3929 1101111
2352 3870 2629 3940 possibilia
2674 3867 2954 3925 obedinnt,
3003 3874 3174 3929 neque
3201 3856 3318 3923 ejus
3363 3854 3488 3907 filiis
3528 3854 3617 3920 qui
3651 3864 3740 3902 vo-

2155 3965 2361 4018 luntate
2393 3962 2512 4031 ejus
2545 3959 2636 4012 filii
2695 3956 3057 4017 habebantur,
3105 3948 3337 4019 praebuit
3374 3945 3515 4015 quod
3570 3940 3737 3995 locuti

2159 4067 2304 4112 sunt.
2338 4054 2471 4107 Cum
2505 4052 2647 4106 enim
2680 4057 2865 4118 posset
2900 4043 3250 4104 descendere,
3296 4053 3402 4093 non
3436 4033 3739 4096 descendit,

2160 4165 2230 4203 ne
2268 4145 2615 4200 intercideret
2665 4136 3085 4209 dispensationis
3140 4147 3347 4197 curam,
3390 4143 3561 4196 neque
3602 4139 3741 4192 pra:-

2163 4239 2319 4293 bcret
2368 4236 2567 4291 Jndaeis
2623 4243 2680 4287 nt
2716 4232 2902 4285 iisdem
2957 4225 3204 4281 obedisse
3254 4223 3540 4275 videretur.
3595 4213 3739 4280 Quid

2167 4330 2311 4385 enim
2344 4336 2461 4381 erat
2499 4324 2766 4381 dillicilins
2795 4336 2825 4375 e
2868 4333 3028 4374 cruce
3069 4314 3390 4369 descendere
3414 4310 3609 4370 Deum,
3638 4315 3735 4358 aut

489 4398 717 4428 "I’"‘"""
758 4398 862 4407 """
915 4398 1109 4417 "'r"*‘
1140 4398 1168 4399 η
1251 4398 1264 4413 ι
1518 4398 1529 4409 .

489 4447 695 4503 tudinis
731 4447 1118 4512 deposuerunt.
1167 4433 1564 4502 Conjnnctione
1606 4440 1783 4486 autem
1839 4428 2059 4498 spiritus
2094 4398 2136 4457 ῐ)
2166 4423 2235 4476 ab
2277 4420 2467 4476 inferis
2518 4417 2810 4473 ascendere
2857 4409 3165 4467 viventem?
3196 4408 3332 4470 Ergo
3382 4417 3489 4455 11011
3521 4408 3748 4469 propter

2456 4510 2465 4512 ‘
2924 4505 2934 4512 -
3126 4500 3201 4512 -.--
3333 4496 3347 4512 I
3389 4502 3605 4512 ,-.,___.a_
3639 4491 3708 4512 At.

488 4535 709 4601 111-01011,
747 4547 912 4586 nullm
958 4536 1116 4585 erant
1150 4540 1341 4580 omnes
1369 4532 1425 4577 et
1463 4522 1656 4591 spiritu
1693 4528 1749 4574 et
1797 4520 1980 4573 anima
2009 4524 2063 4571 et

490 4626 851 4685 consensione
887 4632 942 4676 et
990 4617 1304 4675 concordia.
1363 4615 1429 4668 Et
1484 4628 1590 4667 non
1653 4610 1824 4666 solum
1876 4609 1931 4662 in
1982 4607 2065 4662 bis

494 4737 614 4789 qua:
643 4717 711 4774 ab
738 4718 881 4771 intus
898 4722 1025 4769 sunt
1053 4724 1245 4775 unum,
1275 4707 1370 4761 sed
1396 4705 1558 4760 etiam
1590 4712 1645 4757 et
1672 4702 1738 4756 ab
1766 4702 1852 4755 his
1881 4715 2000 4769 quae
2034 4713 2063 4753 a

417 4886 420 4889 t
496 4815 632 4869 foris
657 4819 807 4873 sunt,
839 4802 1235 4877 praedicabatur
1257 4812 1445 4853 eorum
1474 4796 1655 4849 anima
1677 4804 1731 4846 et
1754 4791 2066 4847 concordia.

488 4908 819 4973 Quicunque
840 4899 1006 4962 enim,
1038 4895 1238 4963 inquit,
1286 4904 1447 4960 agros
1484 4886 1762 4942 habebant
1811 4891 1905 4938 aut
1937 4882 2070 4937 alias

499 5014 649 5068 opes,
673 4996 783 5065 jam
812 5007 916 5047 non
963 5003 1059 5044 sua
1102 4985 1360 5056 putabant
1411 4994 1531 5051 quae
1577 4975 1865 5046 aliquando
1916 4980 2072 5028 erant

503 5106 629 5156 sua;
659 5063 751 5143 sed
781 5086 835 5139 in
867 5091 1155 5137 commune
1181 5073 1542 5145 proferentes,
1569 5077 1624 5122 et
1655 5066 1787 5135 ipsis
1817 5063 2071 5134 operibus

504 5194 652 5247 spem
703 5176 1109 5233 confirmantes,
1170 5163 1541 5221 distrahebant
1583 5172 1762 5228 agros,
1799 5155 2077 5209 venunda-

508 5245 637 5327 bant
684 5283 833 5336 opes,
890 5260 1263 5317 distrahebant
1306 5254 1484 5310 omnia
1531 5264 1651 5320 qua:
1708 5245 2075 5318 possidebant.

578 5365 623 5395 ⁴⁷
660 5363 845 5416 Matth.
886 5373 1056 5419 xxvii,
1094 5355 1184 5408 40.

581 5456 658 5520 (lt)
692 5450 791 5520 Ne.
828 5449 985 5520 Forte
1006 5464 1164 5500 nunc.

605 5524 660 5583 ες)
697 5519 911 5572 Facere.
947 5518 1130 5582 Forte,
1166 5516 1356 5585 fecere.

605 5594 665 5655 6)
698 5588 995 5642 Ἐπίτασιν.

570 5657 663 5746 ι(⁸1)
707 5660 884 5711 Ἐπιτε
897 5657 1011 5709 [νει.

2168 4510 2661 4582 impossibilitatem
2695 4505 2974 4561 excusatio
3002 4500 3228 4562 exstitit,
3257 4496 3351 4552 sed
3388 4502 3606 4563 propter
3635 4491 3750 4543 dis-

2170 4604 2544 4675 pensationem
2573 4598 2859 4671 permissio
2897 4594 3057 4648 morti
3084 4592 3202 4652 fuit,
3238 4598 3297 4641 ut
3326 4586 3529 4654 majora
3562 4587 3750 4635 osten-

2172 4698 2324 4753 (10101
2350 4710 2513 4765 qnam
2547 4694 2619 4746 illi
2666 4689 2868 4761 precati
2918 4694 3062 4741 sunt.
3129 4684 3241 4752 Ego
3292 4688 3468 4733 autem
3518 4675 3753 4729 libenter

2174 4796 2358 4843 mente
2409 4798 2631 4839 recurro
2682 4781 2747 4835 ad
2797 4778 2949 4843 illud,
2998 4791 3118 4830 cum
3160 4773 3336 4826 adhuc
3388 4782 3577 4823 recens
3635 4774 3754 4820 erat

2175 4879 2359 4950 passio
2386 4876 2617 4937 Christi,
2649 4888 2841 4928 recens
2870 4870 3034 4924 etiam
3075 4875 3129 4920 et
3153 4863 3460 4918 Iudaeorum
3503 4858 3751 4912 audacia.

2178 4970 2375 5025 Petrus
2399 4968 2543 5023 enim
2573 4966 2893 5038 loquebatur
2923 4975 3027 5013 11011
3061 4973 3123 5011 00
3148 4970 3266 5023 (ιοω
3293 4963 3421 5006 ante
3448 4950 3755 5020 passionem

2183 5061 2421 5125 dicebat,
2459 5068 2515 5113 et
2551 5056 2777 5125 apostoli
2812 5053 3174 5110 testabantur,
3206 5044 3451 5099 0110110ξί
3483 5041 3759 5099 dolebant,

2184 5162 2237 5205 et
2272 5151 2381 5219 jam
2434 5163 2540 5202 non
2592 5146 2861 5199 habebant
2914 5141 3001 5194 cui
3050 5142 3341 5205 crogarent
3387 5129 3665 5200 pecunias,
3706 5135 3768 5181 nt

2193 5239 2521 5294 resurrectio
2545 5235 2915 5290 occultaretur
2943 5248 2955 5284 :
2995 5227 3191 5283 milites
3219 5224 3361 5281 enim
3394 5218 3769 5276 custodientes

2258 5426 2333 5482 (81
2368 5422 2489 5481 Ms.,
2510 5418 2768 5484 trdt'ﬁciis.

2258 5494 2331 5559 (9)
2364 5491 2487 5549 Ms.,
2517 5490 2804 5557 ﬁrmantes.

2258 5564 2366 5633 (l0)
2401 5560 2498 5613 Eo.
2540 5559 2696 5611 Forte
2724 5573 2805 5609 ea.
