4050 6206
366 341 480 399 i301

1659 329 1747 382 DE
1787 324 2128 383 OPERIBUS
2168 324 2388 384 BONIS.

3454 328 3604 382 {ibi

274 476 279 483 π
368 457 677 521 acceperant
711 446 834 512 ista,
869 445 1010 499 sicut
1049 453 1100 499 et
1147 436 1388 515 proditor
1435 444 1622 503 ludas.
1659 444 1917 502 Sciebant
1944 449 1996 511 Α
2023 447 2279 503 cedonas.
2311 442 2440 510 Quae
2484 450 2663 497 autem
2693 441 2977 511 probatio?
3005 444 3127 512 quia
3185 443 3421 499 tribulati
3471 460 3579 500 non

367 546 499 602 cnim
541 538 705 595 Judaei
728 538 1009 591 adversum
1036 550 1095 589 se
1130 536 1318 605 duplas
1354 537 1481 591 dare
1510 538 1782 606 pecunias.
1814 538 1913 591 De-

366 635 547 689 derunt
576 638 629 684 et
651 626 1043 694 ad-negandam
1074 626 1485 681 resurrectionis
1512 625 1668 681 ﬁdem
1697 645 1710 681 :
1739 626 1915 681 sciunt

365 727 548 793 quippe
576 732 627 775 et
658 720 789 771 dare
840 717 1002 781 male,
1039 727 1092 771 et
1121 719 1370 783 accipere
1404 733 1508 771 non
1540 720 1698 772 bene.
1733 718 1914 784 Siqui-

366 817 470 869 dem
505 824 556 867 et
585 810 782 876 Ioseph
839 808 1201 862 dislrahentes
1246 820 1571 876 acceperunt
1616 824 1719 862 non
1756 807 1911 875 bene,

362 917 407 961 cl
457 903 732 958 Dominum
781 914 942 953 causa
982 901 1301 967 proditionis
1355 911 1623 962 emerunt,
1657 911 1713 954 et
1750 903 1916 955 abne-

362 1000 557 1064 gnn‘one
609 990 1028 1043 resurrectionis
1081 994 1365 1045 adversmn
1407 1006 1465 1044 se
1510 1001 1911 1057 compararunt.

359 1084 401 1137 la
433 1068 743 1155 mala’enim
775 1082 1092 1134 mercatoria
1118 1083 1380 1143 meditati,
1418 1084 1773 1149 perditionem
1811 1082 1913 1138 sibi

356 1184 701 1244 procurarunt
735 1183 1067 1240 perpetuam.
1099 1174 1202 1227 Sed
1231 1175 1295 1226 ad
1322 1173 1514 1228 Judam
1564 1177 1779 1245 quidem
1832 1177 1915 1228 fu-

360 1283 461 1319 rem
504 1266 609 1318 vim
668 1264 937 1317 habebant
988 1264 1260 1332 pet-unite;
1318 1265 1383 1316 ad
1437 1279 1557 1317 eum
1613 1274 1787 1317 autem
1823 1266 1914 1329 qui

357 1358 574 1413 dicebat.
623 1354 859 1407 Pecunia
904 1365 957 1407 et
1004 1369 1189 1405 aurum
1240 1368 1342 1407 non
1393 1363 1476 1407 est
1526 1355 1677 1417 mihi,
1716 1354 1915 1408 nullam

360 1446 584 1499 habebat
621 1444 821 1498 malitia
872 1444 1148 1507 virtutem,
1205 1446 1299 1497 sed
1363 1447 1791 1514 angustabantur
1822 1461 1911 1499 sa-

359 1537 596 1589 cerdotes
615 1534 935 1600 et-populus.
964 1542 1016 1584 et
1042 1531 1248 1585 turbela
1275 1542 1393 1585 erat
1416 1533 1698 1588 bonorum.
1730 1533 1915 1603 Neque

359 1626 489 1679 enim
520 1639 677 1692 quem
718 1623 1237 1689 comprehenderunt
1260 1624 1371 1688 jam
1404 1624 1700 1688 habebant,
1738 1639 1916 1693 neque

356 1731 502 1784 quem
525 1716 899 1768 detinuerunt:
922 1713 1155 1780 undique
1187 1715 1331 1768 enim
1356 1715 1579 1783 spiritus
1609 1717 1915 1768 scaturriens

2017 546 2301 597 cesserunt
2338 534 2614 591 charitati.
2661 533 2761 600 Qui
2814 534 2959 587 enim
3009 548 3114 587 non
3172 533 3510 599 tribuiatnr,-
3540 536 3589 592 si

2019 630 2533 689 subministraverit,
2584 626 2777 679 similis
2818 637 2901 678 est
2932 625 3005 679 illi
3051 626 3142 694 qui
3181 626 3308 680 dum
3360 628 3589 681 mandu-

2016 733 2127 786 cat,
2158 736 2218 775 ea
2253 734 2371 789 quae
2413 716 2750 785 superaverit
2777 716 2976 769 -donat.
3030 717 3129 784 Qui
3184 729 3361 771 autem
3420 718 3594 772 adhuc

2016 812 2181 869 esurit
2242 818 2295 862 et
2348 808 2671 875 compatitur
2710 824 2740 859 e
2792 820 2929 871 pane
2974 821 3094 870 suo,
3146 805 3233 859 ille
3278 815 3360 859 est
3408 805 3592 859 fratris

2017 911 2223 957 amator
2256 919 2267 954 :
2294 900 2555 966 siquidem
2581 908 2634 952 et
2664 897 2763 949 sub
2800 897 3021 950 Domino
3044 895 3195 961 Iesu,
3226 913 3344 949 cum
3373 897 3590 964 quidam

2019 997 2300 1049 mitterent
2335 991 2497 1044 multa
2542 989 2593 1042 in
2643 990 2840 1057 templo
2888 1004 2952 1041 ex
3002 990 3084 1042 his
3121 1004 3240 1057 qua:
3293 988 3587 1051 habebant,

2018 1086 2175 1138 vidua
2216 1084 2319 1136 duo
2356 1085 2574 1134 mittens
2614 1080 2820 1131 minuta
2859 1094 3046 1132 omnes
3088 1081 3364 1145 superavit
3399 1079 3453 1131 in
3492 1079 3589 1131 do-

2020 1177 2122 1230 nis.
2160 1175 2220 1228 Et
2251 1183 2397 1227 certe
2433 1172 2558 1237 quid
2583 1181 2735 1223 erant
2770 1170 2857 1221 illa
2897 1170 3000 1220 duo
3031 1170 3234 1222 minuta
3277 1182 3395 1238 qua:
3431 1168 3589 1220 vidua

2018 1264 2208 1318 misit?
2239 1262 2506 1328 Quantum
2538 1259 2602 1311 ad
2634 1272 2745 1310 rem
2777 1259 2994 1326 quidem
3028 1261 3160 1311 satis
3191 1275 3353 1327 parva
3384 1277 3398 1311 :
3430 1273 3598 1325 quan-

2020 1365 2131 1409 tum
2169 1355 2232 1407 ad
2267 1353 2598 1405 alacritatem
2641 1357 2821 1401 autem
2867 1349 3022 1401 valde
3052 1366 3264 1417 magna.
3295 1349 3412 1401 Non
3446 1348 3590 1401 enim

2018 1445 2083 1497 ad
2125 1445 2177 1496 id
2240 1442 2507 1509 inspicere
2556 1439 2815 1492 debemus
2862 1440 3006 1506 quod
3059 1439 3242 1490 datum
3278 1449 3382 1500 est,
3418 1440 3509 1495 sed
3546 1439 3592 1494 si

2019 1535 2146 1604 quid
2174 1534 2350 1587 eidem
2398 1532 2710 1586 derelictum
2755 1540 2855 1583 est.
2903 1529 2968 1583 Et
3001 1529 3076 1581 ita
3119 1529 3454 1583 admirabilis
3506 1530 3595 1585 ille

2019 1625 2106 1693 qui
2140 1632 2379 1691 superat.
2408 1622 2525 1675 Non
2551 1622 2747 1688 quippe
2769 1619 3118 1688 quzerendum
3144 1629 3225 1672 est
3250 1620 3294 1672 si
3323 1621 3595 1674 modicum

2019 1724 2100 1769 est
2130 1716 2268 1783 quod
2301 1729 2331 1765 a
2370 1714 2529 1767 vidua
2561 1714 2740 1772 datur,
2774 1712 2867 1765 sed
2900 1711 2943 1763 si
2992 1710 3194 1776 aliquid
3234 1711 3282 1764 ei
3344 1710 3605 1764 relictum-

355 1806 659 1859 lonticahat.
694 1803 758 1855 Et
785 1801 973 1856 Petrus
1000 1803 1215 1870 quidem
1236 1803 1398 1857 istinc
1430 1803 1647 1856 aliunde
1673 1804 1833 1867 alius,
1860 1814 1913 1859 et
1946 1802 1987 1857 Β
2018 1815 2119 1859 est.
2164 1803 2219 1857 Si
2251 1802 2393 1857 enim
2430 1801 2567 1855 facta
2602 1800 2770 1854 fuerit
2796 1800 3133 1867 comparatio
3162 1800 3228 1853 de
3255 1798 3332 1851 eis
3354 1813 3472 1866 qua:
3502 1814 3591 1851 re-

354 1897 483 1950 alter
514 1911 581 1949 ex
608 1894 694 1947 illa
727 1902 898 1961 parte.
924 1904 973 1947 et
1019 1894 1107 1960 qui
1138 1898 1361 1946 necdum
1404 1895 1704 1948 crediderat
1733 1896 1912 1949 initia-

353 1988 438 2041 bat
464 1988 720 2042 clamare.
756 1989 822 2041 Et
842 1986 980 2038 illius
1005 1984 1218 2052 quidem
1244 1983 1403 2047 ﬁlius,
1436 1983 1652 2036 alterius
1678 1984 1807 2045 lilia,
1840 1983 1915 2036 al-

352 2078 517 2133 terius
556 2078 786 2145 conjux;
831 2088 877 2129 et
908 2076 1048 2128 illius
1083 2076 1273 2128 domus
1302 2075 1414 2141 ipse
1445 2074 1831 2139 paterfamilias
1862 2083 1916 2128 et

352 2182 535 2221 servus
605 2180 656 2221 et
699 2167 897 2220 famula
958 2166 1104 2236 (ll);
1148 2165 1382 2232 undique
1422 2162 1653 2231 Spiritus
1706 2162 1916 2216 fructus

351 2259 673 2312 scaturiebat
727 2274 877 2314 suus.
938 2256 1053 2310 Non
1113 2267 1321 2309 tantum
1375 2255 1517 2307 enim
1571 2254 1918 2321 permittebat

348 2326 543 2403 Jitdteis
580 2350 868 2408 visionem,
899 2357 1162 2415 quantum
1202 2345 1558 2413 perditionem
1600 2358 1912 2410 agnoscere.

350 2436 471 2491 Haec
496 2453 615 2490 cum
665 2440 738 2491 ita
787 2438 977 2491 ﬁerent
1026 2439 1163 2503 apud
1202 2435 1474 2497 Judmam;
1519 2442 1735 2501 Oportet
1771 2434 1913 2487 enim

348 2529 628 2582 ostendere
658 2542 756 2581 nos
795 2528 937 2579 unde
966 2528 1031 2578 ad
1072 2527 1171 2578 hos
1200 2540 1387 2577 sumus
1423 2526 1669 2578 conversi
1706 2540 1917 2579 sermo-

350 2633 473 2682 nes;
517 2619 627 2685 jam
679 2633 785 2670 non
833 2626 950 2669 erat
991 2615 1246 2682 possibile
1296 2616 1378 2669 his
1427 2617 1517 2684 qui
1574 2619 1916 2672 crediderant

351 2701 590 2765 Chiis-to.
653 2704 791 2773 apud
845 2703 1082 2758 Judaaam
1139 2706 1282 2773 pasci
1317 2727 1328 2759 :
1361 2706 1623 2773 siquidem
1679 2707 1723 2760 si
1775 2715 1919 2760 esset

351 2797 470 2863 quis
499 2796 660 2857 ﬁlius,
692 2794 1014 2859 ejiciebatnr
1054 2809 1085 2849 e
1130 2797 1290 2849 domo
1340 2796 1465 2864 quia
1513 2796 1685 2850 factus
1744 2797 1920 2852 fuerat

350 2885 523 2939 ﬁdelis
564 2888 650 2940 :si
678 2887 868 2949 frater,
912 2903 1019 2940 non
1074 2888 1305 2941 habebat
1350 2890 1651 2956 portionem
1686 2888 1918 2942 haeredi-

354 2976 503 3041 tatis,
562 2976 684 3045 quia
737 2976 846 3043 jam
898 2977 1131 3032 habebat
1182 2988 1390 3047 partem
1437 2979 1587 3047 regni
1633 2980 1915 3033 ccclesiis:

346 3073 400 3118 et
465 3064 590 3119 ﬁlia:
644 3066 1071 3130 abdicabantur,
1126 3076 1181 3121 et
1246 3066 1386 3120 servi
1456 3068 1918 3131 emcndabantur,

345 3155 674 3211 sustinentes
753 3170 941 3225 pinnas
1002 3157 1127 3225 quia
1196 3156 1402 3210 ﬁdeles.
1465 3156 1589 3210 llaec
1650 3171 1769 3210 cum
1837 3152 1984 3209 itaC

343 3256 653 3311 agerentur,
690 3255 743 3300 et
766 3244 878 3313 jam
908 3261 1013 3298 non
1055 3244 1365 3299 sufﬁcerent
1404 3245 1588 3299 ﬁdeles
1634 3246 1772 3315 apud
1814 3245 1912 3299 .lu-

341 3335 512 3388 daeam
566 3349 790 3401 pascere
842 3334 1241 3389 multitudinem
1292 3336 1626 3388 credentium
1662 3334 1909 3395 Christo;

339 3423 567 3492 apostoli
601 3424 955 3492 praedicantes
977 3427 1219 3493 gentium
1250 3425 1697 3494 complacuerunt
1723 3432 1777 3477 et
1810 3424 1915 3477 hoc

343 3515 549 3568 donare
584 3515 827 3569 ﬁdelibus
847 3516 938 3583 qui
970 3516 1295 3585 iungentibus
1328 3517 1693 3581 habebantur,
1723 3525 1780 3569 ut
1805 3515 1914 3569 col-

341 3605 572 3675 ligerent
607 3607 869 3673 quasdam
905 3608 1157 3674 pecunias
1185 3616 1239 3660 et
1281 3621 1430 3675 opes,
1455 3616 1508 3661 et
1536 3607 1812 3660 mitterent
1847 3608 1915 3659 ad

334 3694 578 3749 Iudaeam
627 3696 977 3749 credentibus
1009 3698 1227 3750 Christo
1259 3716 1273 3751 :
1306 3707 1364 3750 ut
1398 3713 1490 3752 eos
1532 3713 1667 3765 quos
1693 3697 1913 3750 abdica-

337 3796 532 3839 verant
566 3796 820 3853 parentes
851 3786 920 3838 ob
945 3785 1125 3849 ﬁdem,
1164 3801 1257 3838 eos
1295 3796 1582 3853 poscerent
1608 3797 1793 3853 gentes
1821 3802 1917 3842 ne-

334 3876 580 3932 cessaria
601 3875 958 3929 destinantes.
986 3874 1051 3927 Et
1077 3874 1403 3945 colligebant
1438 3878 1699 3944 pecunias
1723 3879 1816 3946 qui
1844 3895 1913 3933 ex

334 3968 590 4035 gentibus
613 3966 681 4020 ob
712 3964 1000 4018 alimonias
1030 3964 1237 4019 scilicet
1273 3975 1587 4019 sanctorum
1638 3967 1732 4034 qui
1769 3969 1913 4034 apud

332 4054 769 4127 Hierosolymam
796 4055 1168 4109 morabantur.
1212 4054 1281 4110 Et
1319 4055 1420 4109 ista
1464 4070 1608 4109 nunc
1654 4071 1778 4125 pars
1831 4064 1915 4109 est

330 4162 457 4216 quae
506 4148 663 4201 hodie
717 4146 853 4199 lecta
901 4145 953 4199 in
1004 4145 1247 4213 Epistola
1294 4145 1467 4210 Pauli,
1514 4146 1767 4200 videtur:
1804 4161 1911 4199 non

327 4238 492 4291 valde
547 4252 671 4291 cara
738 4236 893 4306 (la),
956 4237 1098 4290 sicut
1180 4237 1323 4291 facta
1400 4246 1528 4291 sunt
1594 4253 1711 4307 qua:
1788 4246 1913 4293 ante

325 4328 621 4395 pradicata
671 4338 816 4380 sunt.
874 4326 1265 4395 Evangelizans
1294 4327 1455 4395 igitur
1485 4328 1777 4396 Apostolus
1808 4327 1912 4382 Co-

324 4421 565 4475 :iuthios
623 4435 718 4488 per
784 4418 1011 4472 aliorum
1088 4416 1539 4479 sollicitudinem,
1599 4431 1799 4486 eosque
1845 4418 1911 4471 ad

322 4506 568 4561 similem
623 4479 979 4557 imitationem
1031 4504 1347 4570 adhortans,
1411 4513 1468 4557 ut
1514 4479 1766 4559 alacriter
1804 4506 1909 4559 im-
1943 4479 1987 4534 Β

320 4598 603 4667 pertirent
676 4595 1093 4665 ﬁdelibusqui
1167 4596 1307 4664 apud
1386 4592 1629 4650 Judaeum
1714 4607 1910 4667 erant,

320 4688 535 4761 quique
606 4687 838 4740 abdicati
906 4699 937 4738 a
1002 4686 1117 4739 suis
1180 4687 1502 4740 necessariis
1574 4686 1908 4759 indigebant,

318 4794 433 4832 nec
486 4777 620 4830 ullas
679 4776 1071 4845 promissiones
1114 4775 1365 4830 Judaicas
1413 4789 1505 4832 aut
1562 4778 1910 4837 hzcreditates

316 4867 605 4922 habebant
644 4885 656 4919 :
697 4866 816 4919 ideo
850 4866 1095 4919 scribens
1126 4865 1195 4918 ad
1230 4880 1324 4919 eos
1367 4865 1565 4918 Paulus
1601 4868 1672 4919 ita
1721 4870 1849 4923 dicit
1888 4888 1903 4923 :

316 4958 533 5013 Notam
561 4968 735 5010 autem
770 4956 908 5010 vobis
949 4957 1108 5025 facio,
1144 4956 1357 5023 fratres,
1392 4958 1617 5023 gratiam
1654 4956 1752 5010 Dei
1791 4976 1908 5027 qua:

310 5052 456 5104 data
487 5059 561 5102 est
595 5052 646 5102 in
681 5048 930 5101 Ecelesiis
964 5046 1313 5111 Macedonite,
1357 5046 1481 5115 quia
1525 5047 1578 5098 in
1614 5048 1775 5100 multo
1817 5064 1908 5100 ea:-

308 5143 618 5209 perimeuto
649 5138 1001 5191 tribulationis
1032 5138 1357 5190 abundantia
1392 5137 1573 5206 gaudii
1618 5151 1820 5201 eorum,
1856 5146 1907 5190 et

309 5232 594 5284 altissima
619 5240 899 5299 paupertas
934 5243 1114 5281 eorum
1148 5228 1429 5280 abundavit
1462 5228 1514 5279 in
1543 5226 1754 5280 divitias
1781 5228 1910 5280 sim-

307 5321 580 5390 plicitatis
615 5338 794 5376 eorum
822 5321 889 5378 i“.
926 5319 1183 5375 Scribetts
1220 5318 1514 5375 Corinthiis
1553 5319 1744 5386 probat
1790 5317 1903 5373 Ma-

394 5460 446 5492 “
473 5458 512 5510 ll
539 5460 663 5512 Cor.
703 5476 817 5523 vm,
844 5460 956 5525 1,2.
1032 5460 1075 5490 θ’
1108 5458 1233 5514 ibid.
1262 5459 1315 5512 2.
1392 5460 1435 5491 ‘°
1464 5457 1595 5514 ibid.

394 5597 449 5666 (1
468 5597 516 5647 Η
546 5595 668 5666 Ms,
706 5600 930 5666 familia.

400 5664 520 5733 (12)
552 5664 711 5719 Cara.
751 5665 928 5728 γυναι,
964 5669 1129 5719 clara.

1671 5459 1717 5489 ’ί
1742 5457 1869 5516 ibid.
1896 5458 1947 5514 4'.

2021 1897 2146 1950 l‘icta
2175 1904 2323 1960 sunt,
2363 1893 2608 1948 invenies
2656 1892 2850 1946 divites
2895 1892 3113 1960 quidem
3165 1890 3297 1944 nihil
3340 1891 3591 1956 dedisse;

2017 1988 2173 2053 plura
2209 1990 2353 2041 enim
2398 1996 2523 2040 sunt
2551 1999 2672 2053 quae
2708 1984 2898 2037 relicta
2928 1991 3056 2037 sunt
3102 1983 3210 2046 eis;
3251 1983 3465 2036 viduam
3497 1997 3597 2035 au-

2020 2087 2126 2131 tem
2186 2087 2354 2130 totam
2415 2076 2736 2130 substantia:
2788 2074 3102 2128 facultatem
3160 2074 3392 2130 dedisse.
3454 2074 3596 2142 Ergo

2020 2167 2156 2221 nihil
2195 2169 2365 2236 magis
2401 2176 2502 2228 est,
2538 2168 2581 2220 si
2619 2166 2740 2234 quis
2769 2167 2975 2218 habens
3009 2167 3171 2219 donat
3204 2184 3220 2223 ;
3258 2168 3350 2221 sed
3382 2167 3426 2221 si
3473 2166 3596 2234 quis

2021 2274 2125 2311 non
2177 2259 2359 2320 habet,
2402 2266 2559 2322 urget
2610 2257 2934 2311 charitatem
2982 2266 3041 2310 ut
3093 2258 3273 2310 faciat.
3317 2256 3391 2310 ita
3420 2268 3475 2311 et
3505 2256 3595 2310 illa

2018 2349 2199 2410 vidua,
2245 2360 2371 2413 quae
2397 2344 2633 2410 suscepit
2668 2343 2834 2395 Eliam
2866 2343 3116 2396 infamem
3159 2345 3298 2415 (15),
3334 2360 3363 2397 a
3396 2344 3596 2415 pugilio

2020 2441 2235 2511 pollinis
2270 2438 2538 2506 primitias
2576 2436 2808 2489 offerens
2846 2437 3145 2503 prophetae,
3187 2447 3242 2491 et
3287 2439 3402 2507 ipsa
3442 2450 3593 2507 pasta

2019 2542 2097 2586 est
2127 2539 2178 2584 et
2211 2529 2328 2598 plus
2357 2527 2568 2580 caeteris
2597 2525 2801 2578 habuit.
2829 2525 2903 2578 lta
2940 2533 2995 2579 et
3027 2524 3371 2592 Macedones,
3405 2527 3497 2596 qui
3535 2527 3603 2580 in

2021 2620 2186 2674 multo
2229 2619 2597 2683 experimento
2635 2615 2998 2669 tribulationis
3030 2614 3195 2683 :qnia
3238 2615 3385 2669 enim
3422 2617 3596 2671 multa

2021 2717 2137 2765 erat
2160 2709 2296 2777 apud
2325 2708 2440 2761 illos
2466 2706 2742 2759 tribulatio
2775 2706 3075 2759 inediarnm
3100 2722 3114 2771 ;
3141 2704 3425 2759 incurrunt
3445 2706 3590 2758 enim

2020 2812 2405 2865 nonnunquam
2456 2796 2586 2849 tales
2629 2794 2936 2847 hominibus
2977 2792 3387 2857 tribulationes;
3437 2791 3592 2845 altis.-

2020 2891 2154 2944 sima
2179 2888 2457 2943 tribulatio
2486 2900 2751 2939 summam
2785 2884 3104 2938 charitatem
3138 2884 3373 2937 ostendit
3402 2902 3418 2937 :
3464 2886 3601 2950 quia»

2021 2979 2075 3030 in
2107 2976 2269 3029 multo
2295 2975 2668 3042 experimento,
2702 2972 2902 3040 inquit,
2932 2972 3293 3025 tribulationis
3316 2972 3594 3026 abundau-

2024 3069 2096 3119 tia
2114 3067 2295 3135 gaudii
2316 3081 2494 3118 eorum
2514 3065 2583 3115 ‘9.
2623 3062 2894 3128 Quantum
2930 3063 3074 3117 enim
3102 3063 3170 3117 ad
3205 3078 3336 3131 opes
3360 3071 3599 3130 spectat,

2025 3156 2299 3210 tribulatio
2332 3164 2449 3208 erat
2471 3155 2551 3209 eis
2588 3172 2602 3206 :
2634 3162 2894 3222 quantum
2928 3163 3104 3206 autem
3146 3154 3212 3205 ad
3243 3154 3590 3218 charitatem,

2016 3249 2290 3317 gaudium.
2329 3248 2467 3300 Dare
2508 3248 2652 3301 enim
2684 3262 2750 3300 ex
2785 3247 2867 3300 his
2896 3262 3015 3315 quae
3043 3246 3158 3315 ipse
3190 3261 3293 3299 non
3324 3246 3504 3309 habet,
3537 3259 3591 3300 et

2018 3354 2137 3391 cum
2162 3339 2357 3407 gaudio
2381 3339 2532 3405 dare,
2561 3342 2674 3394 inec
2713 3349 2794 3393 est
2818 3356 3028 3393 summa
3066 3341 3360 3396 credulitas
3387 3341 3453 3395 de
3476 3355 3589 3397 etn-

2018 3426 2246 3482 lestibns
2284 3427 2488 3497 regnis.
2538 3430 2773 3499 Cupiens
2803 3443 2931 3499 ergo
2968 3431 3254 3484 ostendere
3301 3432 3595 3500 Apostolus

2017 3525 2219 3585 quanta
2267 3518 2345 3572 eis
2385 3526 2502 3572 erat
2552 3520 2839 3588 angustia,
2891 3526 2945 3570 et
2991 3529 3250 3587 quantum
3286 3519 3594 3587 gaudebant

2018 3608 2207 3662 dantes
2257 3623 2322 3662 ex
2358 3623 2423 3664 eo
2452 3609 2592 3676 quod
2646 3624 2750 3662 non
2780 3606 3090 3672 habebant;
3143 3608 3198 3660 in
3247 3609 3414 3662 nmlto
3460 3609 3593 3664 dicit

2017 3701 2386 3768 experimento
2418 3700 2783 3754 tribulationis
2813 3699 3144 3752 abundantia
3170 3698 3350 3769 gaudii
3375 3714 3587 3763 eorum,

2019 3800 2072 3845 et
2103 3790 2364 3845 altissima
2415 3799 2705 3859 paupertas
2733 3804 2949 3844 eorum.
2988 3789 3265 3843 Altissima
3299 3800 3590 3858 paupertas

2020 3882 2277 3935 radicitus
2310 3897 2403 3935 eos
2436 3882 2567 3934 nihil
2592 3881 2794 3935 habere
2821 3880 3111 3947 signiﬁcat.
3158 3881 3477 3943 Abnndauit,
3504 3880 3589 3933 in-

2020 3973 2158 4040 quit,
2192 3974 2243 4023 in
2273 3973 2469 4025 divitiis
2509 3973 2869 4041 simplicitatis
2915 3989 3113 4026 eorum.
3143 3972 3307 4026 Multa
3346 3971 3590 4041 probatio

2021 4060 2381 4122 tribulationis
2413 4079 2425 4113 :
2458 4063 2553 4116 sed
2603 4064 2885 4118 abundans
2908 4104 2922 4127 ,
2966 4064 3158 4131 inquit,
3191 4062 3443 4132 gaudium
3496 4076 3590 4118 eo-

2019 4159 2229 4216 rum,et
2260 4150 2521 4205 altissima
2559 4162 2848 4221 paupertas
2880 4168 3065 4207 eorum
3102 4172 3115 4206 :
3149 4161 3204 4206 et
3235 4152 3591 4215 abundantia,

2019 4241 2228 4311 inquit,
2267 4242 2578 4296 divitiarum
2612 4244 2977 4312 simplicitatis
3010 4258 3215 4297 eorum.
3241 4244 3321 4296 Ab
3350 4244 3593 4298 adversis

2018 4333 2224 4401 accepit
2270 4334 2747 4400 comparationem,
2797 4334 3087 4389 ostendens
3116 4334 3239 4402 quia
3274 4334 3437 4387 multa
3471 4334 3593 4402 qui-

2018 4421 2138 4475 dem
2169 4422 2449 4477 tribulatio
2473 4434 2592 4478 erat
2622 4425 2765 4493 apud
2806 4440 2900 4479 eos
2933 4423 3254 4486 inediarum,
3298 4438 3403 4478 non
3442 4432 3590 4476 tanta

2018 4523 2195 4567 autem
2229 4523 2492 4582 quantum
2542 4524 2597 4569 et
2644 4515 2919 4586 gaudium.
2972 4513 3039 4567 Et
3082 4512 3345 4568 altissima
3373 4514 3606 4582 quidem.

2018 4617 2342 4675 paupertas,
2390 4607 2483 4661 sed
2513 4607 2713 4662 divitia:
2740 4604 3126 4672 simplicitatis,
3155 4607 3279 4672 quia
3304 4603 3589 4657 sectmdum

2020 4698 2263 4750 virtutem
2294 4697 2657 4750 testimonium
2686 4696 2949 4766 perhibeo,
2980 4703 3028 4748 et
3061 4711 3217 4762 super
3240 4696 3369 4747 vires
3393 4695 3460 4747 ⁸ο.
3484 4694 3592 4747 Ηοιτ

2017 4790 2163 4844 enim
2213 4797 2334 4854 est,
2384 4797 2437 4843 et
2463 4788 2814 4843 tribulatione
2851 4786 3139 4840 voluntarii
3190 4784 3450 4838 fuerunt:
3489 4798 3591 4835 n0n

2016 4880 2124 4931 vim
2172 4878 2360 4946 passi,
2397 4879 2489 4932 sed
2520 4893 2639 4932 cum
2687 4875 2851 4930 multa
2886 4874 3271 4927 exhortatione
3300 4874 3593 4926 obsecran-

2016 4975 2120 5020 tes.
2152 4966 2267 5021 Non
2305 4968 2476 5022 solum
2510 4968 2654 5021 enim
2699 4980 2729 5018 a
2782 4964 2940 5018 nobis
2975 4978 3081 5018 non
3111 4972 3235 5016 sunt
3281 4961 3591 5024 obsecrati,

2016 5058 2109 5110 sed
2141 5066 2195 5110 et
2229 5058 2327 5125 ipsi
2355 5061 2732 5112 ohsecrarunt.
2776 5055 2880 5108 Sed
2913 5071 3031 5106 cum
3064 5054 3251 5117 multa,
3276 5052 3469 5120 inquit,
3503 5067 3594 5103 ea:-

2016 5145 2311 5198 hortatione
2362 5146 2689 5199 obsecrantes
2740 5154 2983 5214 rogantes
3017 5160 3108 5196 nos
3131 5142 3197 5195 ⁸¹.
3255 5141 3390 5207 Quia
3446 5142 3590 5195 enim

2015 5250 2138 5289 cum
2191 5235 2355 5288 multa
2400 5235 2774 5288 obsecratione
2810 5234 3056 5299 dictum,
3091 5232 3311 5287 dubiqu
3367 5232 3590 5284 vidcba~

2018 5335 2126 5390 tur,
2163 5333 2344 5379 utrum
2376 5324 2692 5379 Macedones
2724 5333 3007 5395 rogassent
3043 5323 3318 5393 apostolos
3345 5322 3595 5391 suscipe-

2092 5599 2201 5667 (l5)
2234 5596 2517 5666 Infamem.
2548 5598 2731 5668 Forte,
2764 5602 2814 5654 in
2844 5600 3004 5669 fama.
