4050 6206
400 337 538 394 1905

1069 332 1335 391 sussnu
1376 331 1847 394 cessaremus
1887 334 2036 394 opp.
2078 304 2273 396 bans
2298 334 2389 394 tv.
2429 365 2498 379 μ-
2536 333 2953 396 DOGMATICA.

3519 333 3656 406 reos
3708 315 3710 318 ’

396 469 459 512 re
487 455 554 510 ab
583 450 713 523 ipsis
747 465 866 522 qua:
886 450 1209 516 oﬂ’erebant,
1245 460 1338 506 aut
1371 451 1598 522 apostoli
1624 451 1972 518 Macedonas,
2013 457 2058 518 Α
2087 456 2446 521 manducans,
2467 454 2748 511 nobiscum
2768 452 3062 510 dormiens.
3081 454 3157 510 Ex
3199 458 3358 515 nobis
3385 473 3655 536 sputatus,

395 555 457 602 ut
477 558 598 600 sese
618 542 917 614 panderent
947 542 1014 595 ad
1049 542 1307 608 dandum,
1326 543 1446 598 ideo
1463 543 1622 598 dicit:
1649 543 1782 597 Cum
1805 543 1972 597 multa

394 635 762 691 exhortatione
806 633 1135 687 obsecrantes
1163 649 1278 697 nos,
1325 634 1602 702 offerentes
1629 635 1882 704 gaudium
1923 642 1971 686 et

393 724 816 778 communionem
869 723 1149 776 ministerii
1181 723 1319 792 quod
1349 723 1408 792 ﬁt
1459 725 1513 777 in
1561 735 1790 778 sanctos.
1854 723 1970 776 Non

393 815 538 868 enim
564 813 738 884 rogari
765 813 889 882 quis
920 813 1079 869 debet
1110 816 1177 868 ad
1211 814 1670 878 misericordiam,
1695 815 1786 870 sed
1815 829 1974 884 rcga-

396 920 455 959 re
484 905 664 974 potius
694 912 753 958 ut
784 904 1151 959 communicet
1184 903 1306 958 aliis
1348 923 1360 958 :
1394 915 1445 958 et
1477 923 1579 959 non
1625 909 1759 959 sicut
1792 923 1975 976 spera-

395 999 559 1049 vimus
585 996 668 1060 ⁶⁹;
707 1003 1031 1064 superarunt
1069 995 1216 1048 enim
1249 1005 1303 1050 et
1333 1005 1572 1050 nostram
1607 998 1974 1066 exspectatio-

397 1101 541 1141 nem.
579 1085 715 1152 Quid
743 1102 872 1157 ergo
897 1087 921 1140 't
949 1086 1250 1141 Senserunt
1284 1087 1509 1156 apostoli
1543 1087 1776 1156 inopiam
1796 1087 1975 1144 Mace-

398 1177 616 1243 donum,
659 1187 711 1232 et
741 1178 956 1248 pigebat
987 1192 1081 1232 eos
1110 1179 1291 1232 dicere
1317 1178 1516 1248 aliquid
1543 1196 1558 1244 ;
1587 1180 1848 1246 apostolis
1872 1194 1972 1233 au-

401 1277 506 1320 tem
547 1267 848 1321 tacentibus
871 1282 974 1321 non
1005 1266 1260 1320 tacebant
1283 1267 1374 1335 qui
1401 1268 1850 1333 obsecrabantur,
1882 1270 1975 1322 sed

397 1359 698 1428 semetipsos
721 1399 734 1421 ,
770 1359 944 1427 inquit
987 1398 1002 1423 ,
1047 1358 1303 1411 dederunt
1339 1359 1508 1426 primo
1565 1358 1821 1422 Domino,
1857 1359 1974 1412 dein

396 1450 452 1501 et
473 1449 617 1500 nobis
665 1464 758 1516 per
784 1447 1102 1502 voluntatem
1149 1447 1289 1501 Dei:
1323 1449 1428 1501 hoc
1475 1457 1595 1510 est,
1630 1450 1828 1503 donum
1880 1449 1973 1502 Dei

395 1540 544 1593 venit
573 1539 638 1592 ad
673 1553 785 1602 eos,
817 1539 1039 1593 hortans
1083 1553 1177 1594 eos
1199 1539 1263 1592 ad
1296 1554 1459 1609 Opera
1495 1540 1658 1606 bona,
1689 1550 1748 1593 ut
1782 1541 1974 1594 exhor-

397 1639 566 1680 temur
593 1627 790 1692 Titum,
819 1638 874 1681 ut
906 1629 1348 1698 quemadmodum
1367 1632 1542 1699 capit,
1567 1632 1642 1684 ita
1665 1639 1716 1684 et
1735 1631 1973 1698 perﬁciat

394 1721 448 1772 in
469 1735 556 1773 vos
598 1719 823 1788 gratiam
846 1719 1000 1774 istam
1026 1719 1091 1770 ⁸³.
1124 1719 1260 1785 Quid
1277 1721 1379 1774 sibi
1411 1721 1525 1774 vult
1556 1729 1611 1774 ut
1645 1722 1978 1774 exhortemur

2077 564 2106 603 a
2150 547 2304 602 nobis
2327 555 2410 602 est
2442 556 2642 609 tentus,
2686 560 2714 599 a
2747 544 2902 599 nobis
2947 542 3361 615 condemnatus,
3389 565 3648 622 quantum

2071 637 2138 691 ad
2173 644 2422 690 naturam
2472 634 2791 688 humanam.
2836 631 3093 688 Proliciat
3141 644 3322 691 autem
3375 656 3555 701 sermo
3584 649 3650 703 ad

2073 736 2291 782 caatera.
2324 723 2580 794 lnjuriam
2608 738 2801 793 passus
2829 732 2931 789 est,
2980 739 3155 780 caesus
3179 735 3279 790 est,
3304 742 3523 798 sputum
3557 753 3648 792 ac-

2073 820 2458 890 cepit,-illusus
2482 828 2586 881 est,
2614 816 2802 872 aﬂixus
2825 826 2908 872 est
2935 818 3108 882 cruci,
3138 818 3206 874 l'el
3237 831 3287 875 et
3317 835 3533 881 acetum
3569 829 3650 884 bi-
3738 873 3754 885 ,

2075 913 2176 966 bit.
2208 911 2345 976 Quid
2365 911 2668 965 invenietur
2697 909 3199 983 incommutatione
3229 921 3384 966 tautae
3413 918 3646 983 gratiae?

2074 1000 2238 1054 Istam
2268 999 2433 1070 igitur
2463 999 2692 1068 gratiam
2735 1012 2835 1052 nos
2859 999 3157 1053 admonens
3187 1002 3493 1070 Apostolus,
3513 1007 3649 1062 bor-

2077 1101 2222 1145 tatur
2268 1091 2334 1144 ad
2369 1104 2529 1158 opera
2577 1089 2740 1143 bona.
2777 1089 2939 1142 Scitis
2968 1092 3129 1153 enim,
3172 1092 3364 1160 inquit,
3416 1100 3637 1164 gratiam

2074 1180 2288 1234 Domini
2315 1180 2481 1233 nostri
2507 1178 2636 1232 lcsu
2667 1177 2889 1246 Christi,
2922 1183 3043 1248 quia
3085 1195 3298 1249 propter
3334 1200 3440 1249 eos,
3463 1197 3637 1245 etnon

2074 1281 2296 1340 propter
2327 1286 2406 1336 se,
2441 1270 2588 1336 inops
2638 1269 2813 1337 factus
2859 1282 2932 1324 est
2969 1287 3088 1324 cum
3113 1285 3244 1326 esset
3282 1275 3448 1341 dices,
3481 1289 3532 1330 ut
3558 1297 3642 1334 vos

2073 1361 2217 1415 illius
2251 1363 2432 1430 inopia
2458 1363 2644 1414 divites
2670 1361 2851 1414 essetis
2884 1361 3030 1416 ".-Si
3064 1365 3178 1418 haec
3213 1363 3337 1418 fecit
3371 1370 3646 1436 magister,

2077 1452 2177 1506 ista
2227 1454 2544 1507 condiscant
2582 1452 2873 1520 discipuli,
2915 1463 2960 1506 et
3006 1454 3308 1520 consilium,
3341 1457 3537 1526 inquit,
3603 1464 3653 1515 in

2076 1541 2174 1594 isto
2203 1541 2269 1593 do
2300 1540 2347 1572 ⁸⁸
2383 1559 2395 1594 :
2430 1541 2531 1594 hoc
2557 1549 2658 1604 est,
2693 1540 2760 1592 ad
2782 1539 3139 1593 imitationem
3165 1541 3368 1596 Christi
3397 1560 3654 1612 provoco.

2079 1634 2194 1689 Hoc
2223 1636 2359 1687 enim
2401 1634 2543 1688 vobis
2581 1642 2654 1686 est
2702 1633 2850 1686 utile.
2907 1631 3037 1684 Illud
3087 1633 3232 1684 enim
3279 1649 3384 1687 non
3439 1635 3657 1691 Christo

2035 1731 2196 1780 ‘erat
2249 1725 2399 1786 utile,
2440 1725 2630 1794 quique
2666 1741 2768 1778 non
2823 1725 2993 1777 solum
3035 1723 3250 1790 facere,
3306 1731 3394 1777 sed
3435 1736 3482 1778 et
3529 1728 3657 1781 uelle

398 1809 631 1865 Titum?
677 1811 810 1878 Quia
851 1811 994 1866 enim
1024 1852 1038 1876 ,
1085 1813 1295 1880 inquit,
1341 1813 1575 1868 vidimus
1627 1811 1976 1867 Macedonum
2008 1802 2050 1856 Β
2079 1817 2305 1883 εωρὶειὲε
2350 1816 2414 1869 ub
2453 1831 2592 1869 anno
2621 1815 2812 1883 priore.
2867 1814 3070 1868 Facere
3110 1829 3214 1866 non
3249 1826 3332 1868 est
3366 1818 3541 1885 majus
3564 1828 3657 1871 aut

397 1901 611 1955 divitias
645 1901 1049 1970 simplicitatis;
1084 1913 1142 1956 ut
1177 1918 1280 1957 non
1314 1903 1662 1959 viuceremini
1715 1903 1767 1957 in
1799 1901 1973 1965 bonis,

399 1992 706 2063 rogavimus
746 1993 929 2047 Titum
960 1995 1143 2048 venire
1194 1995 1260 2048 ad
1293 2009 1388 2049 vos
1413 2034 1427 2059 ,
1469 2005 1523 2050 et
1554 2011 1712 2064 pares
1738 2009 1832 2050 vos
1864 1993 1976 2048 elli-

397 2100 523 2140 cere
556 2086 619 2140 ad
655 2086 1004 2148 Macedonas,
1037 2095 1091 2137 et
1125 2087 1402 2138 exhortari
1437 2101 1504 2138 ne
1536 2085 1918 2153 relinquamini
1946 2100 1974 2138 a

397 2177 601 2232 divitiis
633 2177 820 2246 gratiae
871 2176 1070 2244 hujus:
1102 2173 1172 2226 Et
1214 2176 1352 2227 sicut
1401 2179 1454 2227 in
1501 2177 1642 2228 omni
1691 2176 1975 2230 abundatis

395 2269 525 2336 ﬁde,
551 2279 595 2321 et
621 2265 876 2332 sermone,
897 2270 950 2319 et
975 2265 1191 2319 scientia
1211 2308 1225 2331 ,
1255 2276 1300 2319 et
1328 2267 1469 2318 omni
1496 2265 1852 2318 sollicitudine
1876 2308 1890 2331 ,
1928 2278 1974 2320 et

366 2363 612 2428 'iusuper
637 2367 805 2412 vestra
840 2359 895 2411 in
940 2374 1033 2411 nos
1063 2357 1339 2421 charitate,
1393 2367 1522 2410 utet
1575 2359 1628 2409 in
1670 2359 1770 2410 hac
1805 2360 1975 2426 gratia

398 2450 676 2504 abundetis
707 2449 773 2502 “.
808 2448 861 2502 In
895 2449 1036 2512 aliis,
1082 2449 1276 2518 inquit,
1319 2449 1573 2502 omnibus
1615 2449 1978 2502 circumveni-

401 2543 510 2596 tis:
548 2551 606 2595 ut
645 2557 750 2595 non
787 2550 967 2594 autem
1001 2540 1492 2594 circumvenientes
1546 2538 1598 2591 iu
1639 2538 1784 2601 aliis,
1819 2539 1975 2593 dere-

400 2633 716 2703 linquamini
754 2631 808 2685 in
845 2631 1193 2698 quibusdam,
1223 2628 1597 2694 etexuamiui,
1644 2629 1826 2697 rogavi
1880 2630 1974 2683 Ti-

403 2737 535 2791 tum,
571 2724 707 2778 utin
742 2723 996 2778 omnibus
1042 2722 1334 2790 primatum
1371 2723 1600 2777 teneatis
1631 2741 1642 2776 :
1681 2721 1803 2774 Non
1824 2722 1976 2790 quasi

399 2819 662 2885 imperans
691 2815 830 2880 dico,
858 2815 948 2868 sed
974 2824 1184 2882 propter
1217 2813 1445 2866 aliorum
1473 2813 1886 2866 sollicitudinem
1904 2815 1974 2877 ⁵⁸,

403 2911 505 2962 hoc
535 2917 616 2961 est
657 2905 1006 2960 Macedonum
1056 2907 1289 2961 alienum
1323 2921 1338 2960 :
1370 2907 1414 2961 si
1463 2907 1760 2960 secundum
1803 2906 1975 2974 impe-

404 2998 542 3056 rium
577 2998 728 3067 liuut,
761 2997 1084 3054 videbuntur
1119 3013 1183 3051 ex
1237 2997 1559 3051 necessitate
1589 2996 1744 3060 ﬁeri,
1773 3005 1824 3050 et
1870 3009 1975 3048 non

404 3092 607 3146 habent
648 3093 882 3146 fructum
935 3109 946 3142 :
995 3089 1087 3143 sed
1121 3098 1335 3156 propter
1385 3088 1610 3140 aliorum
1651 3087 1974 3143 sollicitudi-

341 3239 346 3244 _
401 3199 522 3238 nem
553 3224 568 3249 ,
595 3193 642 3236 et
674 3192 857 3238 vestra:
885 3180 1158 3232 charitatis
1203 3179 1472 3246 ingenium
1510 3180 1792 3248 probamus
1827 3193 1844 3230 :
1873 3180 1976 3232 hoc

398 3283 514 3334 est,
549 3255 1031 3325 admonemus-vos
1082 3268 1437 3324 Macedonum
1488 3271 1791 3324 claritatem
1837 3268 1973 3339 (14),

403 3373 461 3416 ιιι
489 3362 770 3415 audientes
799 3362 864 3414 ad
903 3360 1133 3414 similem
1181 3360 1416 3415 veniatis
1445 3361 1642 3414 zelum.
1678 3360 1812 3426 Quia
1846 3375 1975 3430 ergo

307 3479 316 3484 -
405 3453 469 3506 de
501 3450 742 3520 pecuniis
771 3449 1068 3519 propositio
1111 3459 1267 3514 erat,
1302 3460 1357 3503 et
1389 3451 1455 3504 de
1498 3451 1751 3520 operibus
1780 3452 1971 3514 bonis;

403 3543 628 3612 cupiens
671 3556 764 3596 eos
802 3542 998 3596 docere
1028 3542 1318 3611 Apostolus
1365 3543 1490 3613 quia
1525 3543 1655 3596 nihil
1691 3541 1838 3610 digni
1892 3551 1974 3593 at-

401 3647 507 3699 que
538 3632 649 3700 (15)
689 3633 957 3702 recepturi
1011 3634 1181 3698 estis,
1219 3643 1273 3686 et
1323 3634 1447 3700 quia
1497 3635 1548 3686 in
1600 3633 1684 3687 bis
1722 3633 1977 3687 Dominus

402 3724 547 3788 prior
578 3724 782 3792 etrapit,
812 3732 865 3777 et
899 3723 1140 3778 debitum
1185 3723 1459 3778 reddimus
1513 3733 1566 3777 et
1603 3738 1705 3777 non
1743 3723 1974 3793 gratiam

401 3814 869 3881 praesetninamus,
900 3812 1032 3866 dicit
1066 3830 1078 3863 :
1113 3811 1278 3866 Scitis
1317 3814 1456 3866 enim
1483 3814 1712 3880 gratiam
1759 3813 1974 3866 Domini

403 3905 567 3960 nostri
609 3905 737 3960 Jesu
785 3902 1019 3968 Christi,
1054 3904 1179 3972 quin
1229 3913 1446 3970 propter
1494 3920 1587 3958 nos
1618 3904 1765 3970 inops
1804 3903 1977 3972 factus

401 4005 498 4060 est,
524 4011 639 4048 cum
668 3995 810 4049 dives
837 4002 965 4048 esset
999 3993 1065 4050 ".
1093 3992 1227 4059 Quia
1257 3995 1397 4048 enim
1424 3995 1488 4049 de
1518 3995 1764 4064 pecuniis
1788 3996 1978 4051 dandis

399 4095 519 4142 erat
550 4086 598 4140 ei
635 4101 812 4142 sermo
838 4125 852 4150 ,
887 4085 1101 4155 pigebat
1137 4095 1315 4140 autem
1357 4085 1552 4141 divites
1600 4085 1718 4156 (16)
1745 4087 1975 4155 aperiri;

399 4176 648 4244 opposuit
677 4176 984 4242 Dominum,
1012 4176 1105 4244 qui
1138 4191 1266 4231 vere
1300 4177 1468 4240 dives,
1505 4178 1658 4245 inops
1688 4191 1786 4246 pro
1821 4179 1977 4232 nobis

401 4268 580 4325 lactus
618 4279 722 4333 est,
749 4279 808 4325 ut
842 4268 906 4322 ad
940 4269 1295 4323 imitationem
1351 4269 1442 4322 Dei
1477 4270 1768 4324 suscitaret
1800 4270 1975 4324 homi-

403 4377 520 4415 nes.
545 4361 710 4425 Scitis
734 4362 890 4427 enim,
918 4362 1112 4439 inquit,
1150 4363 1382 4432 gratiam
1418 4361 1631 4415 Domini
1659 4363 1823 4415 nostri
1850 4360 1978 4416 Jesu

2078 1911 2215 1966 velle
2248 1909 2357 1980 (l8)
2389 1907 2524 1963 ?llle
2548 1917 2728 1961 autem
2755 1907 2926 1974 majus
2958 1921 3080 1961 esse
3109 1907 3293 1961 dicens
3319 1908 3456 1962 velle
3490 1925 3655 1977 quam

2075 2001 2277 2062 facere.
2319 2001 2392 2054 ita
2420 2015 2543 2054 cum
2604 1999 2685 2052 eis
2741 1998 2980 2066 loquitur
3011 2014 3110 2064 per
3158 1998 3466 2067 epistolam.
3520 2001 3656 2066 Quid

2074 2097 2157 2142 est
2180 2102 2309 2156 ergo
2337 2086 2479 2154 quod
2506 2085 2702 2138 dicitur
2725 2085 2790 2138 ad
2820 2099 2936 2148 eos,
2969 2101 3103 2152 quos
3124 2087 3376 2139 hortatur
3399 2090 3464 2140 ad
3493 2103 3652 2155 opera

2074 2177 2257 2232 bona?
2303 2178 2439 2250 Quia
2485 2176 2629 2229 enim
2660 2175 2934 2229 faciebant
2969 2177 3211 2244 quidem,
3249 2193 3350 2232 non
3380 2177 3648 2232 habebant

2076 2277 2254 2320 autem
2281 2282 2310 2320 e
2351 2282 2444 2318 sua
2499 2266 2760 2322 electione
2793 2277 2850 2322 ut
2902 2268 3040 2322 ultro
3077 2268 3352 2335 facerent;
3401 2261 3651 2322 hortatur

2075 2372 2168 2412 eos
2204 2367 2260 2408 ut
2295 2356 2436 2412 ultro
2485 2369 2873 2426 proponerent,
2909 2360 3008 2413 hoc
3051 2371 3133 2414 est
3169 2371 3228 2414 ut
3260 2377 3363 2416 non
3393 2362 3657 2415 admoue-

2077 2459 2282 2513 rentur,
2316 2451 2406 2503 sed
2440 2458 2497 2502 ut
2519 2448 2660 2504 ultro
2714 2450 3079 2517 complerent.
3106 2453 3210 2514 Qui
3239 2469 3342 2506 non
3373 2453 3542 2506 solum
3571 2453 3655 2520 fa-

2076 2557 2208 2601 cere,
2235 2540 2426 2609 inquit,
2455 2541 2546 2593 sed
2573 2550 2618 2594 et
2645 2540 2770 2594 uelle
2811 2543 3046 2609 cwpistis
3081 2542 3141 2594 ab
3185 2557 3319 2594 anno
3349 2542 3524 2609 priore
3551 2543 3597 2572 ”
3632 2556 3648 2592 :

2079 2631 2236 2685 Nunc
2285 2647 2406 2684 vero
2461 2640 2508 2683 et
2561 2631 2704 2704 [acto
2740 2633 2972 2700 per/icite
3027 2649 3044 2686 :
3103 2642 3158 2684 ut
3210 2633 3655 2701 quemadmodum

2076 2730 2347 2788 promptus
2375 2721 2583 2774 animus
2614 2732 2688 2774 est
2717 2723 2998 2776 voluntatis
3027 2763 3041 2786 ,
3091 2725 3166 2776 ita
3194 2734 3241 2776 et
3269 2722 3529 2789 ρει-[ξεί.ῖεὶ
3593 2737 3656 2775 ιτ

2078 2825 2137 2864 eo
2181 2810 2319 2878 quod
2345 2809 2542 2863 habetis
2575 2811 2642 2864 ⁸ο.
2673 2811 2941 2866 Prmccdit
2967 2821 3249 2882 promptus
3277 2814 3495 2866 animus
3530 2828 3659 2880 per-

2080 2903 2391 2958 lectionem.
2424 2903 2526 2969 Qui
2576 2904 2718 2958 enim
2753 2905 2968 2957 nolebat
3009 2905 3138 2956 dare
3187 2918 3329 2974 sua,
3359 2904 3657 2956 uecessita~

2083 3007 2188 3050 tem
2232 3012 2335 3049 non
2367 2996 2600 3050 habebat
2655 2997 3045 3066 compulsionis
3075 2995 3383 3063 :siquidem
3422 3011 3526 3048 non
3560 3011 3658 3048 cx-

2083 3089 2223 3142 actio
2249 3087 2341 3142 sed
2377 3087 2674 3142 admonitio
2708 3097 2845 3150 erat,
2877 3097 2933 3140 ut
2961 3071 3416 3156 quemadnimlum
3473 3102 3654 3154 prom-

2081 3191 2204 3252 ptus
2239 3181 2449 3234 animus
2485 3191 2568 3234 est
2599 3179 2917 3244 voluntatis,
2971 3179 3041 3232 ita
3071 3187 3125 3232 et
3160 3178 3455 3247 perﬁciatis
3485 3192 3550 3232 ex
3593 3193 3659 3232 eo

2079 3272 2221 3342 quod
2256 3272 2484 3325 habetis.
2528 3269 2680 3338 Quod
2710 3271 2850 3325 enim
2893 3271 2936 3324 si
2971 3280 3255 3338 promptus
3299 3279 3378 3323 est
3407 3253 3652 3338 quidem,

2080 3380 2183 3418 non
2217 3363 2415 3417 habeat
2447 3372 2653 3426 autem,
2679 3371 2732 3415 et
2767 3360 2938 3414 defuit
2967 3371 3021 3413 ut
3061 3361 3385 3427 perliceret;
3423 3375 3524 3412 non
3557 3359 3658 3414 de-

2081 3458 2266 3512 relicta
2315 3466 2399 3510 est
2442 3456 2558 3525 ejus
2588 3456 2861 3508 voluntas.
2916 3452 3193 3518 Quaeritur
3233 3453 3372 3505 cnim
3405 3451 3655 3517 nonquia

2079 3549 2206 3618 quid
2242 3548 2459 3612 habeat,
2493 3545 2586 3599 sed
2615 3547 2737 3612 quis
2769 3543 2894 3611 quid
2924 3543 3074 3596 velit.
3107 3542 3243 3607 Quid
3267 3550 3445 3594 autem
3474 3541 3516 3593 si
3547 3546 3652 3593 non

2079 3640 2236 3694 habet
2267 3639 2410 3707 quis,
2435 3636 2776 3704 descripserit
2805 3644 2983 3687 autem
3031 3635 3128 3688 sibi
3155 3643 3206 3687 ct
3253 3634 3471 3696 dixerit,
3508 3632 3661 3701 quia,

2079 3732 2123 3787 si
2151 3731 2478 3800 possiderem
2517 3735 2723 3780 tantum
2753 3765 2768 3790 ,
2805 3733 2979 3780 totum
3033 3727 3212 3780 darem
3267 3723 3600 3794 pauperibus
3635 3723 3664 3777 2

2081 3831 2340 3891 quantum
2372 3822 2439 3873 ad
2470 3819 2806 3873 alacritatem
2854 3816 3066 3885 quidem
3099 3825 3306 3883 spectat
3336 3857 3350 3880 ,
3398 3824 3454 3868 et
3483 3814 3663 3883 possi-

2081 3913 2171 3966 det
2196 3920 2252 3964 et
2302 3911 2467 3965 dedit.
2521 3909 2710 3965 Omnis
2743 3911 2886 3964 enim
2913 3909 3116 3962 fructus
3149 3907 3201 3960 in
3235 3907 3517 3961 alacritate
3579 3915 3660 3958 cst

2081 4003 2308 4072 positus.
2346 4001 2741 4070 Nonnunquam
2799 4000 2942 4055 enim
2996 3999 3087 4069 qui
3123 3997 3296 4063 dant,
3351 3996 3667 4051 mercedem

2082 4106 2188 4144 non
2219 4091 2419 4144 habent
2447 4130 2463 4156 ,
2516 4100 2771 4160 tanquam
2803 4090 3048 4144 dederint
3083 4109 3093 4142 :
3127 4089 3219 4160 qui
3251 4097 3424 4140 autem
3461 4101 3661 4154 propo-

2081 4190 2332 4246 suerunt,
2363 4196 2526 4249 super
2555 4181 2764 4235 dantes.
2795 4180 2934 4246 Quid
2962 4180 3106 4232 enim
3151 4178 3196 4231 si
3248 4179 3338 4231 dat
3362 4178 3557 4246 aliquis
3606 4186 3658 4229 et

2083 4269 2438 4325 murmurat?
2477 4271 2603 4338 quid
2680 4270 2723 4322 si
2776 4270 3016 4337 praebet,
3067 4267 3267 4336 pigrior
3299 4277 3474 4318 autem
3527 4263 3663 4317 est?

2083 4359 2219 4425 Quid
2257 4371 2436 4414 autem
2470 4361 2514 4415 si
2571 4376 2677 4413 nun
2740 4360 2905 4414 habet
2958 4358 3118 4426 quis,
3173 4357 3283 4409 vult
3335 4354 3560 4408 tamen?
3604 4363 3661 4407 ut

403 4453 619 4518 Christi,
642 4455 768 4523 quia
811 4463 1022 4521 propter
1052 4470 1144 4507 nos
1172 4453 1318 4521 inops
1353 4452 1522 4522 [actus
1561 4461 1634 4505 est
1669 4468 1785 4505 cum
1837 4461 1975 4505 esset
2013 4475 2055 4530 ο
2083 4453 2540 4520 quemadmodum
2581 4460 2861 4520 promptus
2910 4457 2994 4502 est.
3019 4489 3033 4513 ,
3072 4448 3240 4516 inquit
3269 4487 3283 4510 ,
3316 4445 3534 4498 animus
3565 4456 3661 4496 vo-

405 4546 565 4609 dives,
599 4553 653 4596 ut
687 4542 1032 4611 illiusinopia
1057 4560 1142 4600 vos
1165 4544 1348 4595 divites
1370 4543 1565 4598 essetis.
1600 4541 1655 4596 Si
1695 4543 1808 4597 haec
1843 4542 1981 4597 Deus

404 4644 624 4703 propter
655 4634 922 4701 homines,
951 4649 1052 4687 nec
1078 4632 1334 4701 aequalia;
1379 4633 1422 4686 si
1455 4643 1631 4687 tamen
1668 4642 1753 4686 est
1782 4633 1985 4701 aliquid

403 4726 633 4801 aequale.
671 4725 803 4792 Quis
829 4727 971 4780 enim
1003 4734 1245 4779 nostrum
1277 4734 1453 4796 potest
1486 4740 1513 4781 a
1541 4725 1648 4779 Deo
1684 4724 1794 4795 (l7)
1827 4727 1986 4781 homo

405 4819 519 4873 lteri
549 4817 574 4874 ἲ
606 4818 682 4873 Ita
713 4817 854 4871 enim
887 4816 1041 4870 licret
1081 4815 1304 4883 aequale,
1357 4817 1400 4869 si
1441 4825 1620 4872 tamen
1651 4825 1704 4870 et
1735 4831 1867 4870 crux
1900 4832 1987 4872 sc-

403 4919 665 4977 queretur
723 4908 813 4964 tali
857 4916 1070 4962 natura.
1126 4906 1192 4960 Et
1244 4906 1414 4960 teneri
1447 4907 1588 4960 enim
1621 4946 1636 4971 ,
1667 4917 1720 4961 et
1769 4916 1983 4976 sputum

407 5000 674 5068 accipere.
700 5007 755 5052 et
789 4996 960 5065 illudi,
992 5006 1046 5050 et
1075 4996 1453 5062 condemnari,
1479 4997 1712 5059 etmori,
1745 4996 1984 5050 debitum

405 5091 624 5158 quidem
664 5099 876 5149 tantum
929 5096 1144 5158 poterat
1197 5101 1321 5142 esse
1357 5103 1372 5144 :
1415 5087 1530 5141 haec
1584 5095 1764 5141 autem
1809 5088 1989 5151 dimit-

410 5192 549 5245 tens,
581 5190 637 5234 et
687 5197 841 5236 suam
875 5179 1101 5251 gloriam
1143 5179 1480 5234 abscondens
1508 5219 1523 5243 ,
1551 5180 1846 5248 assumpsit
1891 5195 1990 5233 no-

409 5277 576 5324 stram
610 5271 1032 5342 ignobilitatem,
1063 5271 1346 5326 nobiscum
1381 5270 1682 5336 ambulans,
1713 5271 1990 5326 nobiscum

479 5453 523 5483 δ’
553 5452 736 5508 llCor.
770 5471 886 5522 vttt,
907 5457 960 5509 5.
1026 5457 1072 5488 ⁸³
1115 5456 1245 5510 ibid.
1273 5454 1326 5508 6.
1402 5455 1448 5486 "‘
1475 5455 1602 5510 ibid.
1625 5456 1676 5510 7.
1742 5456 1784 5487 ⁵⁵
1808 5454 1932 5509 ibid.
1955 5455 2007 5509 8.

411 5521 454 5554 "
490 5522 622 5579 ibid.
662 5523 748 5578 12.

484 5615 596 5680 (14)
629 5613 954 5668 Claritatem.
985 5616 1150 5671 Forte
1171 5617 1502 5670 charitatem.

485 5682 598 5756 (15)
627 5685 810 5756 Atque.
847 5684 1004 5756 Forte
1035 5687 1101 5736 ad
1129 5702 1188 5739 ea
1215 5703 1354 5756 qute.

491 5753 601 5828 (16)
625 5753 969 5826 Ανοίγεσοαὶ,
1000 5756 1054 5812 id
1085 5765 1186 5823 est,
1220 5755 1420 5811 locum
1452 5753 1680 5824 aperiret

2087 4543 2309 4597 luutatis
2333 4583 2348 4608 ,
2399 4543 2472 4596 ita
2508 4551 2563 4596 et
2595 4541 2894 4610 perﬁciatis
2928 4555 2993 4592 ex
3034 4554 3099 4591 eo
3149 4538 3290 4604 quod
3341 4535 3571 4589 habetis.
3606 4530 3664 4586 Si

2086 4634 2223 4688 enim
2273 4633 2524 4686 alacritas
2555 4632 2822 4700 proposita
2856 4639 2971 4694 est;
3024 4639 3077 4681 ut
3129 4644 3194 4681 ea:
3233 4645 3291 4681 eo
3339 4627 3477 4694 quod
3513 4627 3662 4679 habet

2090 4725 2198 4790 det,
2227 4734 2437 4793 accepta
2465 4734 2539 4777 est
2569 4724 2612 4753 ⁶¹
2642 4741 2656 4776 :
2685 4733 2893 4776 tantum
2943 4728 3222 4789 promptus
3253 4720 3464 4772 animus
3485 4719 3575 4780 sit,
3611 4723 3668 4770 et

2091 4823 2285 4868 cietera
2318 4822 2614 4880 sequuntur
2642 4827 2747 4864 non
2776 4826 2841 4865 ex
2872 4826 2936 4865 eo
2969 4813 3109 4877 quod
3145 4823 3251 4861 non
3285 4809 3464 4862 habet.
3499 4807 3668 4861 Nemo

2093 4905 2257 4970 enim,
2316 4903 2511 4972 inquit,
2547 4903 2742 4971 qmerit
2771 4902 2912 4971 quod
2961 4917 3064 4956 nou
3114 4901 3283 4954 babes
3307 4940 3323 4963 ,
3384 4898 3478 4951 sed
3506 4912 3570 4950 ex
3603 4911 3677 4948 eo

2095 4998 2236 5068 quod
2265 4997 2455 5051 babes.
2489 4994 2603 5050 Non
2639 4997 2780 5050 enim
2804 4995 2906 5048 hoc
2928 5004 3033 5056 est,
3070 4992 3266 5060 inquit,
3297 4989 3438 5059 quod
3469 4988 3671 5057 quaeri-

2097 5097 2236 5143 tura
2275 5087 2451 5152 nobis,
2483 5098 2544 5140 ut
2571 5102 2669 5140 vos
2709 5087 2923 5155 quidem
2953 5082 3313 5144 evacuemiui,
3348 5080 3436 5132 alii
3488 5086 3670 5130 autem

2097 5178 2357 5232 ditentur.
2386 5176 2509 5232 Non
2531 5177 2669 5232 enim
2701 5188 2755 5228 ut
2791 5177 2910 5229 aliis
2941 5174 3299 5243 refrigerium,
3327 5169 3464 5223 vobis
3493 5177 3677 5222 autem

2098 5268 2368 5323 tribulatio
2403 5268 2469 5321 sit
2499 5283 2517 5320 :
2547 5267 2638 5320 sed
2673 5266 2960 5322 secundum
2985 5262 3364 5334 aequalitatem,
3397 5256 3595 5325 inquit,
3618 5257 3680 5308 in

2084 5455 2128 5487 “
2161 5449 2290 5505 ibid.
2321 5449 2374 5502 9.
2452 5447 2496 5477 "
2528 5445 2656 5499 ibid.
2717 5445 2764 5476 ⁸⁸
2794 5442 2923 5496 ibid.
2956 5440 3037 5494 l0.
3093 5437 3138 5470 ⁸³
3175 5435 3303 5491 ibid.
3350 5435 3395 5466 ⁵⁸
3423 5432 3555 5514 ibid.
3586 5429 3681 5484 11.

2182 5607 2292 5678 (17)
2325 5607 2380 5661 ld
2402 5614 2596 5678 est,_ex
2635 5605 2765 5678 Qeo,
2797 5602 2905 5656 ἀπὸ
2943 5603 3102 5678 Θεοῦ.

2181 5666 2292 5750 (18)
2329 5666 2602 5733 Aut-velle.
2636 5666 2798 5762 Forte
2829 5687 2990 5739 quam
3016 5670 3165 5737 velte,
3200 5669 3231 5739 ἧ
3257 5666 3449 5720 θέλειν.
