4050 6206
362 290 497 356 1203

1597 294 1684 354 DE
1725 299 2066 360 OPEltlllUS
2106 307 2326 367 BONtS.

3476 333 3613 390 l206

356 410 603 483 prasenti
630 419 859 477 tempore
890 409 951 461 ".
992 404 1103 459 Non
1135 446 1149 470 ,
1205 404 1380 475 inquit
1412 448 1425 473 ,
1459 409 1563 465 hoc
1600 413 1723 470 dico
1747 456 1763 481 ,
1800 419 1934 473 Date
1966 424 2010 479 Α
2040 420 2216 474 dinem
2248 434 2485 478 nostrant
2512 427 2576 480 ⁸⁷.
2602 425 2657 480 Ιιι
2704 443 2805 497 qua
2839 445 2895 485 re
2922 431 3000 487 sic
3027 448 3124 489 nos
3151 440 3499 509 arctavimus,
3532 464 3603 503 ne

356 506 540 560 omnia
567 517 688 571 qua:
722 501 922 556 habetis
950 537 966 562 ,
1013 508 1066 551 et
1096 514 1192 554 vos
1224 500 1494 557 elIicimini
1534 521 1802 575 pauperes
1829 550 1843 572 ,
1884 522 1939 565 et

357 596 496 650 alios
520 598 708 650 ditate.
749 593 846 648 Sed
888 593 1017 659 quid
1051 594 1185 647 aio?
1215 596 1312 660 Qui
1344 595 1506 649 habet
1539 599 1671 654 duas
1704 601 1934 669 tunicas,

358 690 554 745 habeat
603 703 757 745 unam
784 727 799 751 ,
828 684 919 738 det
954 695 1133 739 autem
1169 703 1274 740 non
1312 689 1532 742 habenti
1579 705 1763 753 unam,
1799 705 1848 746 et
1878 693 1938 747 lit

356 782 656 848 aquatius.
710 774 813 827 Sed
845 791 910 828 ex
949 778 1273 843 aequalitate.
1317 779 1529 847 inquit,
1582 782 1635 834 in
1689 784 1935 849 praesenti

359 878 601 937 tempore.
652 864 710 918 in
774 866 1049 933 prtesenti,
1112 868 1301 934 inquit,
1339 869 1440 924 vita
1483 864 1657 925 reatra
1695 874 1935 927 abundat

356 961 424 1015 ad
457 962 657 1014 illorum
694 957 952 1025 inopiam.
981 956 1081 1024 Qui
1117 958 1300 1024 habet,
1352 961 1565 1031 inquit,
1615 963 1747 1018 duas
1780 966 1928 1018 tuni-

312 1102 321 1105 _
358 1069 466 1117 cas,
489 1068 649 1105 unam
698 1052 1022 1121 superﬂuam
1046 1094 1062 1117 ,
1108 1054 1155 1107 is
1186 1057 1276 1123 qui
1313 1073 1411 1110 nec
1443 1074 1601 1111 unam
1633 1058 1792 1115 habet
1824 1079 1929 1116 non

357 1143 596 1203 iraudet;
629 1154 684 1194 ut
717 1159 820 1195 una
863 1154 947 1195 tua
1000 1144 1267 1212 superﬂua
1322 1164 1424 1201 non
1465 1149 1537 1203 sit
1566 1150 1659 1202 tibi
1706 1152 1927 1218 inutilis,

350 1229 443 1284 sed
481 1231 569 1284 liat
600 1232 706 1284 alio
740 1232 883 1286 utilis
924 1232 1023 1287 Sea
1049 1251 1111 1287 ex
1130 1238 1427 1304 a'qttalt'tale
1460 1240 1513 1291 in
1534 1244 1777 1306 pra'senti
1807 1255 1931 1297 tem-

347 1336 476 1388 pore
499 1330 670 1373 vestra
714 1324 1038 1376 abundantia
1060 1326 1297 1392 suppleat
1338 1327 1550 1380 illorum
1587 1332 1814 1397 inopiam
1850 1334 1931 1386 ⁶³;

352 1409 456 1463 hoc
485 1420 567 1462 est
592 1449 607 1472 ,
645 1412 881 1464 abundat
928 1414 1010 1466 his
1044 1416 1132 1482 qui
1164 1432 1228 1468 ex
1261 1419 1511 1486 gentibus
1538 1432 1662 1475 sunt
1699 1442 1712 1475 :
1749 1425 1928 1478 mitta-

316 1538 323 1545 ,
350 1510 440 1552 tttr
472 1500 556 1554 his
580 1502 669 1568 qui
712 1514 838 1557 sunt
882 1504 1021 1572 apud
1052 1503 1293 1560 Judzeam
1322 1550 1336 1571 ,
1369 1512 1460 1578 qui
1509 1523 1732 1582 propter
1759 1515 1919 1571 Chri-

349 1600 489 1645 sutm
523 1593 948 1660 persecutionem
979 1597 1248 1651 sustinent
1277 1620 1287 1651 ε
1324 1612 1377 1653 ιιι
1426 1614 1473 1654 et
1511 1604 1724 1658 illorum
1759 1609 1926 1661 abun-

348 1682 554 1744 dantia,
586 1683 809 1751 spiritus
844 1694 1029 1752 utpote
1060 1690 1252 1757 gratia,
1285 1690 1352 1743 sit
1378 1694 1442 1746 ad
1474 1705 1665 1747 vestra:
1687 1696 1921 1763 inopiam

2044 510 2170 577 quis
2204 527 2303 567 nos
2336 514 2606 580 vituperet
2636 517 2691 571 in
2737 519 2838 574 hac
2881 524 3234 592 amplitudine
3284 545 3403 598 qua:
3454 535 3613 590 mini-

2040 607 2246 653 stratur
2300 617 2395 671 per
2444 621 2565 661 nos.
2614 609 2747 675 Quia
2787 610 2929 665 enim
2991 614 3243 684 colligere
3292 623 3550 686 pecunias
3583 643 3614 679 a

2038 686 2299 746 fratribus
2320 706 2571 767 acceptas
2600 698 2886 753 videbatur
2903 702 3056 755 malis
3083 707 3611 775 suspicionemdare,

2037 774 2170 828 dicit
2195 778 2316 831 ideo
2355 783 2476 847 quia
2508 786 2851 841 sollicitiores
2882 788 3142 857 eligentes
3174 796 3415 852 misimus
3443 817 3456 852 :
3488 774 3611 868 quia

2035 866 2415 937 circumspecti
2444 872 2645 929 luimus
2683 892 2746 930 ne
2785 878 2906 947 quis
2934 884 3353 946 reprehemleret
3386 888 3437 941 id
3469 866 3611 958 quod

2035 958 2237 1024 liebat;
2279 977 2347 1015 ne
2373 965 2494 1031 quis
2517 964 2683 1022 .lndas
2710 970 2964 1024 inventus
2988 972 3284 1043 iuraretur,
3314 987 3369 1032 et
3400 982 3610 1050 vitupe-

2033 1060 2180 1103 raret
2229 1055 2585 1110 ministerium
2631 1071 2895 1116 nostrum.
2946 1063 3287 1120 Proridemus
3322 1071 3455 1121 enim
3491 1088 3608 1140 qua:

2034 1141 2167 1194 bona
2197 1156 2341 1208 sunt,
2384 1162 2486 1199 non
2531 1160 2736 1202 tantum
2771 1171 2947 1207 coram
3005 1156 3109 1209 Deo
3159 1159 3247 1225 qni
3277 1161 3426 1213 novit
3477 1178 3607 1215 con-

2030 1237 2336 1299 scientiam,
2378 1240 2469 1291 sed
2511 1250 2558 1291 et
2584 1258 2765 1295 coram
2818 1245 3114 1302 hominibus
3146 1251 3189 1281 ⁸⁸
3223 1270 3237 1304 :
3273 1260 3329 1303 ut
3364 1268 3431 1304 ne
3462 1255 3603 1320 quis.

2032 1324 2225 1389 inquit,
2256 1331 2595 1381 occasionem
2642 1335 2915 1399 acciperet
2947 1336 3313 1401 vituperandi.
3359 1340 3603 1394 Misimus

2030 1424 2202 1465 autem
2245 1430 2363 1467 cum
2398 1416 2505 1469 illis
2537 1427 2583 1469 et
2619 1418 2840 1486 fratrem
2874 1436 3137 1488 nostrum,
3171 1444 3326 1496 quem
3361 1434 3605 1498 probavi-

2028 1522 2143 1559 mus
2171 1507 2224 1558 in
2258 1509 2437 1562 multis
2486 1528 2621 1580 sa’pe
2668 1515 2956 1568 sollicitum
2989 1534 3100 1571 esse
3131 1521 3195 1573 ".
3229 1521 3421 1574 Statim
3459 1525 3599 1579 enim

2030 1594 2119 1660 qui
2166 1596 2399 1650 dedisset
2430 1603 2687 1667 pecunias
2727 1614 2938 1672 poterat
2998 1621 3116 1662 esse
3162 1621 3444 1678 suspectus
3477 1615 3601 1681 quia

2029 1686 2119 1751 qui
2155 1686 2349 1755 accipit
2385 1688 2644 1750 literatur.
2675 1704 2727 1747 et
2757 1710 2861 1748 non
2898 1696 3103 1766 perfert
3136 1704 3199 1753 ad
3243 1716 3353 1755 rem
3386 1705 3452 1757 ad
3480 1721 3602 1773 quae

348 1770 493 1836 πάθε,
522 1781 579 1825 υι
606 1773 698 1826 [ειη
736 1776 1016 1843 aequalitas
1044 1796 1055 1830 ε
1084 1792 1180 1832 νος,
1208 1795 1274 1855 ρχ
1306 1782 1391 1835 ms
1421 1799 1539 1850 ηυειε
1572 1786 1784 1840 habetis
1826 1802 1911 1854 pe.
1958 1779 1997 1838 Β
2028 1776 2193 1841 dedit,
2219 1792 2271 1833 et
2300 1780 2503 1849 pigrior
2534 1782 2868 1840 ellieiehatnr
2889 1790 2953 1841 ad
2988 1790 3220 1844 dandum
3253 1811 3268 1847 :
3300 1794 3418 1848 ideo
3452 1770 3601 1850 com-
3636 1830 3639 1839 ι

346 1866 540 1931 cuniis,
567 1867 640 1921 illi
671 1882 737 1939 ex
764 1869 963 1937 quibus
984 1870 1180 1925 habent
1212 1874 1388 1928 doais.
1414 1874 1477 1929 Et
1496 1877 1709 1932 illorum
1740 1881 1919 1950 inopia

345 1957 643 2024 replebitur
683 1968 863 2013 vestra
891 1962 1264 2029 abundantia;
1298 1978 1473 2021 ves1ra
1522 1980 1700 2023 autem
1739 1973 1918 2043 inopia

345 2042 671 2098 abundantia
714 2045 782 2101 sit
808 2048 1047 2114 illorum,
1084 2064 1138 2103 ιιι
1176 2054 1265 2106 liat
1292 2056 1609 2125 aequalitas;
1664 2042 1920 2129 pecunia-

342 2148 462 2187 rum
496 2136 710 2204 quidem
740 2153 767 2190 a
808 2141 961 2194 vobis
992 2142 1044 2195 in
1074 2142 1210 2210 illos,
1245 2147 1599 2203 donationnm
1642 2162 1819 2207 autem
1850 2158 1918 2211 ab

340 2220 447 2274 illis
481 2222 532 2276 in
568 2240 661 2278 vos
685 2266 701 2289 ,
740 2229 873 2280 sicut
928 2233 1179 2297 scriptum
1214 2246 1289 2288 est
1331 2252 1349 2290 :
1385 2237 1487 2301 Qui
1525 2238 1783 2305 multum,
1815 2262 1916 2298 non

341 2314 663 2376 abundavit;
703 2326 749 2367 et
780 2318 869 2384 qui
906 2320 1191 2382 modicum,
1227 2339 1329 2375 non
1360 2326 1530 2390 defuit
1553 2329 1636 2380 illi
1667 2329 1731 2383 ⁸³⁵.
1771 2332 1916 2386 Scri-

340 2408 488 2467 ptum
522 2412 626 2466 est,
655 2407 777 2473 quia
816 2409 1066 2474 populus,
1102 2412 1227 2463 dum
1270 2415 1549 2468 transisset
1584 2435 1751 2482 mare,
1777 2432 1917 2476 esset

337 2487 393 2541 in
429 2491 685 2555 deserto,
734 2502 789 2546 et
840 2510 1013 2562 neque
1069 2499 1364 2552 seminaret
1422 2517 1599 2570 neque
1650 2518 1911 2576 meteret;

338 2576 483 2630 Deus
530 2581 762 2635 reddens
805 2585 974 2636 vicem
1028 2587 1167 2652 patri
1215 2604 1400 2644 eorum
1434 2594 1759 2663 Abraham,
1816 2618 1914 2671 pro

338 2682 535 2722 mensa
555 2670 759 2724 scilicet
792 2672 879 2726 illa
921 2690 1040 2743 quae
1068 2690 1350 2748 susceptos
1376 2685 1597 2753 angelos
1623 2690 1785 2754 pavit.
1814 2707 1914 2761 pro

338 2771 476 2825 pane
519 2759 661 2826 quod
690 2764 893 2831 angelis
916 2769 1184 2834 apposuit,
1216 2784 1408 2837 panem
1442 2777 1753 2842 angelorum
1773 2759 1911 2851 prte-

338 2848 455 2901 buit
486 2850 609 2904 ﬁliis
633 2853 867 2908 Abrahae
893 2896 907 2921 ,
945 2872 1043 2925 pro
1072 2873 1135 2912 eo
1164 2866 1307 2930 quod
1341 2866 1452 2934 ipse
1482 2870 1687 2937 angelis
1719 2848 1910 2939 panem

336 2941 613 2995 hominum
662 2946 714 2997 in
774 2952 1116 3017 susceptione
1178 2970 1527 3023 apposueral.
1591 2961 1694 3017 Isto
1749 2952 1912 3034 igitur

336 3029 512 3097 fructu
563 3050 770 3090 mannae
820 3038 1127 3095 advenienti
1175 3044 1241 3097 de
1279 3048 1419 3101 caalo
1463 3051 1647 3105 exibat
1682 3029 1910 3123 populus

334 3122 591 3190 colligens
613 3137 803 3192 parata
848 3144 945 3197 pro
978 3145 1138 3185 cursu
1164 3132 1396 3189 Mirabar
1426 3150 1477 3190 et
1497 3142 1711 3196 sudore.
1748 3122 1908 3198 Colli-

333 3223 521 3280 gentes
550 3226 728 3268 autem
773 3227 829 3270 ut
856 3218 1025 3273 Judaei
1059 3237 1161 3274 non
1200 3223 1538 3294 subiciebant
1571 3231 1621 3282 in
1656 3250 1905 3289 mensura

332 3316 451 3365 quae
505 3302 718 3358 fuerant
751 3321 1020 3376 praecepta
1050 3313 1308 3382 colligere
1336 3356 1350 3379 ,
1394 3320 1487 3370 sed
1542 3321 1759 3387 quidam
1788 3339 1905 3376 am-

333 3391 496 3458 plius,
525 3393 613 3446 alii
656 3399 833 3451 minus
860 3401 1188 3465 colligebant
1217 3420 1450 3474 manna;
1502 3411 1779 3465 venientes
1806 3429 1902 3466 au-

332 3491 435 3531 tem
460 3492 517 3534 ut
544 3500 942 3555 mensurarent,
976 3495 1040 3544 ad
1075 3497 1446 3563 aequalitatem
1494 3501 1907 3558 adducebantur

328 3569 505 3624 inviti.
540 3573 637 3639 Qui
674 3578 816 3630 enim
848 3583 999 3648 plura
1034 3585 1325 3655 collegerat
1370 3590 1422 3643 in
1466 3608 1737 3657 mensura,
1784 3611 1902 3647 am-

329 3660 467 3727 plius
491 3678 593 3717 non
625 3667 857 3723 habebat
886 3688 899 3736 ;
931 3676 1019 3739 qui
1068 3688 1246 3729 autem
1296 3681 1495 3744 minus,
1531 3684 1665 3735 nihil
1695 3685 1903 3736 minue-

326 3750 486 3803 batur
516 3768 634 3805 cum
675 3770 1075 3813 mensurarent.
1136 3764 1241 3816 Ista
1296 3768 1458 3835 igitur
1493 3774 1904 3838 comparatione

322 3851 624 3909 opportune
653 3859 781 3898 usus
812 3856 895 3899 est
925 3848 1217 3917 Apostolus
1246 3854 1456 3919 dicens,
1488 3858 1620 3910 sicut
1650 3863 1903 3929 scriptum

322 3940 399 3986 ut
429 3947 448 3984 :
484 3932 589 3997 Qui
628 3935 873 4000 multum,
911 3955 1013 3992 non
1062 3943 1386 4009 abundavit;
1430 3956 1480 3999 et
1503 3950 1593 4016 qui
1618 3951 1902 4015 modicum,

322 4037 427 4075 non
469 4026 635 4091 defuit
671 4026 770 4080 illi.
802 4029 903 4093 Qui
956 4032 1099 4084 enim
1153 4036 1376 4088 multmn
1431 4038 1646 4106 collegit
1684 4055 1900 4106 manna,

321 4128 429 4167 non
466 4115 797 4182 abundavit;
835 4126 1197 4178 mensurando
1228 4128 1370 4180 enim
1426 4128 1491 4181 ad
1541 4129 1899 4197 aequalitatem

321 4205 471 4257 venit
506 4217 598 4260 :et
630 4210 721 4277 qui
772 4213 1043 4266 modicum
1100 4216 1359 4285 collegit,
1408 4234 1511 4272 non
1552 4220 1721 4273 defuit
1771 4221 1845 4275 illi
1883 4240 1895 4285 ;

322 4296 445 4349 dum
476 4313 888 4357 mensuraretur
912 4305 1078 4367 enim,
1107 4308 1414 4376 replebalur
1444 4312 1491 4364 ei
1521 4314 1666 4381 quod
1694 4314 1897 4369 deerat.

2025 1869 2243 1920 mendat
2275 1884 2371 1924 eos
2395 1870 2484 1938 qui
2520 1874 2670 1929 missi
2695 1885 2840 1940 sunt,
2878 1887 2935 1931 ut
2970 1890 3074 1932 non
3100 1881 3470 1944 destrueretur
3500 1885 3599 1940 do-

2023 1957 2266 2011 nantium
2312 1962 2587 2018 alacritas.
2633 1965 2880 2021 Misimus
2931 1980 3105 2022 autem
3132 2011 3147 2032 ,
3192 1973 3309 2036 ait,
3341 1991 3457 2026 cum
3490 1976 3598 2030 illis

2020 2050 2237 2118 fratrem
2283 2065 2517 2107 nostrum
2558 2072 2710 2123 quem
2754 2058 3086 2123 probavimus
3142 2063 3194 2113 in
3247 2064 3423 2115 multis
3463 2080 3600 2130 sirpe

2019 2138 2309 2191 sollicitum
2347 2158 2479 2203 esse,
2514 2159 2654 2195 nunc
2689 2156 2861 2197 autent
2889 2145 3253 2200 sollicitiorem
3284 2150 3597 2216 confidentia

2021 2231 2184 2284 multa
2214 2232 2267 2283 in
2302 2249 2410 2293 vos,
2436 2234 2541 2286 sive
2564 2250 2657 2300 pro
2692 2234 2811 2289 Tito
2842 2238 2933 2297 qui
2956 2246 3033 2291 est
3069 2239 3245 2292 socius
3276 2256 3418 2292 meus
3465 2250 3512 2293 et
3546 2241 3597 2292 in

2020 2322 2158 2373 vobis
2190 2322 2404 2391 adjutor
2446 2326 2511 2377 ad
2553 2340 2788 2391 pra’sens
2818 2331 3177 2384 ministerium
3204 2373 3219 2395 ,
3245 2336 3351 2387 sive
3404 2336 3598 2400 fratres

2019 2411 2183 2461 nostri
2215 2412 2435 2475 apostoli
2467 2410 2825 2466 Erclesiaram
2852 2416 3037 2484 gloria:
3073 2416 3292 2472 Christi.
3324 2421 3461 2487 Ergo
3488 2439 3593 2476 non

2018 2516 2114 2555 vos
2142 2502 2317 2572 pigeat
2352 2505 2416 2557 ad
2443 2508 2884 2570 ostentationem,
2912 2524 3031 2577 quae
3051 2512 3122 2562 sit
3148 2510 3387 2566 charitas
3417 2524 3593 2569 vestra

2015 2600 2069 2645 et
2100 2602 2279 2645 nostra
2311 2593 2481 2660 gloria
2510 2611 2606 2663 pro
2654 2599 2826 2652 vobis.
2862 2598 3267 2657 Przevenientes
3300 2604 3468 2671 enim,
3511 2605 3593 2659 in-

2015 2683 2156 2750 quit,
2194 2682 2407 2751 gloriati
2456 2701 2645 2740 simius
2680 2690 2731 2741 in
2766 2690 2887 2745 illos
2912 2695 3263 2748 ostendentes
3314 2695 3363 2748 in
3399 2694 3591 2750 faciem

2016 2773 2383 2828 Ecclesiarnm
2426 2799 2437 2830 :
2465 2786 2519 2830 et
2550 2781 2794 2834 homines
2817 2782 3032 2849 quidem
3062 2786 3482 2839 commendavit.
3520 2787 3595 2841 De

2019 2862 2137 2929 ipso
2192 2873 2372 2917 autem
2427 2866 2641 2931 negotio
2671 2868 2965 2923 exhortans
3007 2885 3100 2923 eos
3128 2873 3300 2927 dicit:
3338 2874 3477 2927 Nam
3530 2877 3597 2929 de

2015 2951 2305 3004 ministerio
2336 2955 2476 3021 quod
2505 2956 2563 3021 ﬁt
2598 2955 2652 3008 iu
2694 2966 2907 3009 sanctos
2945 2959 3091 3025 ipsos
3126 2961 3217 3029 qui
3270 2971 3424 3014 erant
3452 2964 3592 3031 apud

2014 3039 2444 3111 Hierosolymam
2470 3083 2484 3108 ,
2516 3060 2581 3097 ca:
2610 3046 2905 3098 abundanti
2950 3057 3025 3100 est
3072 3050 3201 3101 mihi
3246 3052 3472 3104 scribere
3502 3069 3595 3104 vo-

2012 3132 2092 3183 bis
2123 3131 2188 3185 7°.
2212 3132 2323 3186 Cur
2350 3148 2413 3186 ex
2451 3133 2793 3189 abundanti?
2827 3134 2952 3189 Scio
2989 3140 3123 3191 enim
3158 3153 3451 3204 promptum
3469 3145 3590 3196 ani-

2011 3237 2151 3273 mum
2181 3236 2423 3276 vestrum.
2458 3224 2627 3290 Quem
2659 3242 2762 3278 non
2799 3225 2971 3279 solum
3001 3229 3134 3293 scio,
3168 3232 3260 3283 sed
3298 3243 3346 3283 et
3392 3236 3456 3285 de
3488 3248 3591 3300 quo

2008 3309 2207 3376 glorior
2225 3311 2287 3362 de
2308 3312 2445 3363 vobis
2470 3321 2609 3376 apud
2639 3312 2980 3377 Macedonas,
3003 3318 3130 3386 quia
3150 3320 3352 3372 Achaia
3376 3337 3590 3389 pra‘pa-

2011 3409 2126 3451 rnla
2154 3410 2227 3452 est
2258 3400 2320 3451 ab
2349 3417 2486 3453 anno
2516 3403 2711 3469 priore.
2749 3403 2815 3455 Et
2848 3418 2953 3456 non
2982 3406 3103 3458 dico
3132 3411 3258 3475 quia
3290 3411 3590 3465 secundum

2007 3490 2405 3542 (etimlationem
2457 3490 2810 3544 Macedonum
2866 3495 3075 3548 debetis
3114 3511 3211 3548 vos
3260 3499 3588 3567 adhortari;

2008 3582 2101 3634 sed
2138 3579 2409 3632 a’mulatio
2445 3592 2615 3633 vestra
2659 3594 2906 3648 provocat
2934 3585 3214 3651 plurimos.
3254 3586 3396 3653 Ergo
3423 3590 3591 3646 nolite

2010 3671 2122 3723 licri
2158 3670 2382 3724 secundi
2414 3672 2505 3726 sed
2536 3672 2701 3739 primi
2735 3713 2748 3738 ,
2802 3673 3063 3727 habentes
3104 3675 3476 3731 secundarios.
3530 3680 3588 3734 Si

2008 3762 2174 3832 igitur
2209 3777 2313 3815 non
2357 3770 2441 3815 est
2470 3777 2694 3817 necesse
2740 3764 3005 3828 scribere,
3042 3766 3170 3835 quid
3207 3766 3378 3820 mittis
3411 3768 3435 3821 ?
3466 3769 3591 3824 Misi

2009 3864 2182 3907 autem
2209 3852 2438 3921 fratres,
2470 3870 2535 3913 ne
2562 3854 2614 3907 in
2638 3870 2697 3907 eo
2721 3857 2857 3923 quod
2885 3856 3180 3924 gloriamur
3200 3856 3264 3909 de
3292 3858 3591 3919 vobis,eva-

2006 3954 2188 3997 euetur
2213 3947 2265 3997 in
2295 3943 2394 3996 hac
2417 3953 2607 4011 parte;
2640 3955 2715 4007 ut,
2740 3947 3181 4014 quemadmodum
3208 3948 3467 4015 dixeram,
3494 3966 3589 4018 pa.

2005 4036 2107 4088 rati
2133 4036 2245 4088 sitis
2267 4036 2333 4088 τί.
2364 4035 2617 4089 Dubietas
2664 4037 2807 4090 etiim
2842 4054 2856 4090 :
2886 4036 2989 4103 Ne,
3026 4040 3070 4090 si
3094 4040 3325 4091 venerint
3350 4078 3363 4101 ,
3393 4040 3586 4108 inquit,

2006 4142 2205 4180 mecum
2231 4126 2565 4191 Macedones,
2593 4138 2640 4180 et
2675 4127 2961 4181 invenerint
2996 4146 3083 4182 vos
3118 4131 3427 4197 imparatos,
3454 4149 3585 4186 con-
3636 4134 3660 4162 ⁸

2006 4218 2293 4285 fundantur
2340 4234 2477 4279 nos;
2510 4219 2780 4285 quomodo
2816 4234 2913 4271 nos
2943 4221 3033 4288 qui
3091 4221 3254 4274 fuerit
3300 4221 3584 4290 gloriatus,

2003 4321 2095 4363 aut
2124 4312 2335 4365 dicatur
2362 4310 2434 4362 ita
2464 4321 2517 4362 ut
2546 4326 2648 4362 non
2676 4311 2915 4364 dicamus
2943 4328 3029 4364 vos
3066 4313 3119 4364 in
3152 4315 3447 4367 substantia
3480 4316 3584 4368 ista

320 4385 397 4439 Ita
438 4396 491 4440 et
538 4404 681 4444 nunc
711 4392 804 4445 ﬁat
852 4396 1132 4463 mqualitas
1172 4416 1237 4452 ρχ
1269 4415 1462 4454 manna
1494 4403 1595 4458 isto
1635 4405 1754 4458 ﬁdei
1794 4425 1805 4459 ς
1843 4415 1898 4462 et
1930 4429 1974 4483 υ
2004 4402 2414 4471 gloriﬁcationis
2471 4400 2613 4454 dico.
2673 4400 3047 4455 Necessarium
3100 4418 3221 4469 ergo
3290 4406 3584 4457 existimavi

319 4477 518 4543 quibus
566 4479 843 4535 abundant
890 4499 1020 4551 opes
1052 4526 1066 4550 ,
1099 4487 1320 4541 mittant
1353 4491 1436 4544 his
1465 4493 1553 4559 qui
1605 4494 1845 4561 indigent
1879 4512 1894 4549 :

320 4567 514 4633 quibus
538 4578 717 4623 autem
747 4574 988 4627 abundat
1020 4581 1217 4646 gratia,
1245 4584 1651 4636 communicent
1688 4584 1771 4638 his
1804 4586 1896 4653 qui

321 4673 422 4710 non
446 4661 641 4715 habent
658 4666 904 4732 gratiam.
932 4665 1146 4724 Gratias
1165 4682 1336 4725 autem
1360 4673 1463 4726 Deo
1489 4676 1579 4743 qui
1605 4676 1747 4728 dedit
1763 4694 1899 4730 eant-

318 4754 432 4802 dem
470 4753 878 4809 sollicitudinem
918 4776 1013 4827 pro
1045 4764 1185 4815 vobis
1224 4768 1274 4817 in
1306 4769 1460 4819 corde
1500 4766 1606 4819 Titi
1639 4770 1681 4798 ε’
1720 4788 1731 4819 ;
1765 4785 1896 4834 ᾳιιίισ·

320 4843 458 4894 niam
495 4846 906 4901 exhortationem
933 4853 1143 4919 quidem
1187 4859 1412 4923 suscepit
1438 4874 1455 4920 ;
1484 4860 1572 4910 sed
1603 4874 1717 4909 cum
1746 4855 1902 4911 soltt's'

317 4933 472 4984 citior
498 4946 629 4987 esset
670 4939 733 4990 de
769 4941 911 4992 vobis
934 4981 948 5004 ,
1000 4945 1136 4997 ultro
1185 4948 1450 5014 profectus
1490 4961 1564 4999 est
1619 4949 1686 4999 ad
1717 4965 1801 5001 vos
1827 4948 1889 5002 ⁸⁸.

316 5017 506 5074 Omnia
549 5024 708 5087 ultro,
767 5026 1089 5084 Macedones
1121 5033 1282 5097 ultro,
1317 5034 1469 5089 Titus
1506 5036 1665 5090 ultro.
1717 5036 1895 5089 Eﬂici-

318 5110 469 5176 mini,
520 5114 718 5183 inquit,
749 5127 803 5171 et
840 5134 936 5173 vos
966 5121 1128 5177 ultro.
1170 5123 1300 5179 Post
1329 5127 1442 5182 lucc
1468 5137 1646 5183 autem
1682 5129 1811 5183 dicit
1837 5139 1891 5183 et

318 5212 475 5262 quem
501 5218 622 5259 cum
669 5208 858 5261 eodem
896 5212 1128 5276 miserit,
1170 5225 1222 5268 et
1256 5215 1480 5273 laudans
1503 5234 1598 5273 eos
1647 5222 1891 5275 testimo-

317 5290 424 5341 niis
455 5301 838 5358 commendans
862 5320 998 5374 quos
1033 5308 1276 5372 miserat,
1305 5311 1450 5365 addit
1485 5325 1500 5364 :
1532 5311 1598 5363 In
1633 5314 1730 5364 hac
1767 5328 1891 5379 gra-

314 5382 391 5431 tia
424 5384 758 5446 ministratur
780 5412 873 5464 per
908 5414 1001 5454 nos
1031 5403 1084 5455 in
1128 5404 1355 5473 gloriam
1380 5403 1499 5470 Dei,
1541 5414 1589 5458 et
1624 5404 1889 5459 sollicitu-

1100 5605 1144 5636 ⁸³
1186 5605 1315 5660 ibid.
1342 5606 1431 5659 22.
1538 5606 1582 5636 ⁸⁸
1616 5608 1740 5661 ibid.
1778 5608 1860 5662 l5.

720 5670 763 5701 το
793 5670 835 5727 ιι
886 5676 1008 5731 Cor.
1048 5690 1126 5742 ιι,
1162 5675 1291 5745 1,2.
1369 5676 1567 5733 “ibid.
1614 5679 1665 5733 τ’).

386 5596 430 5625 ⁶²
457 5594 783 5661 llCor.vttt,
818 5603 902 5665 15,
940 5605 1020 5658 ιι.

297 5663 362 5745 ,σθ
392 5666 519 5721 una.
557 5666 639 5722 tt.

1970 5611 2012 5641 ⁶⁵
2048 5611 2170 5663 ibid.
2218 5611 2299 5667 l6.

1746 5680 1785 5711 ⁷³
1809 5678 1939 5734 ibid.
1975 5680 2028 5735 5.

2006 4510 2192 4560 rogare
2216 4492 2405 4556 fratres
2430 4502 2484 4543 ut
2511 4504 2727 4559 pergant
2764 4492 2833 4545 ad
2861 4510 2969 4559 vos,
3023 4504 3069 4546 et
3115 4503 3411 4562 prwparent
3460 4504 3584 4547 ante

2004 4585 2317 4654 promissam
2375 4582 2783 4635 benedictionem
2843 4600 2944 4636 non
2994 4584 3144 4652 quasi
3201 4585 3479 4637 avaritiam
3511 4586 3577 4637 ⁷³.

2006 4676 2106 4740 Qui
2143 4675 2287 4729 enim
2326 4676 2439 4738 dat,
2482 4676 2679 4744 accipit
2709 4675 2914 4743 magis;
2949 4684 3001 4729 et
3048 4676 3136 4743 qui
3164 4675 3379 4728 videtur
3412 4674 3582 4729 dona-

1977 4782 2083 4832 .re,
2118 4766 2476 4820 benedicitur.
2508 4765 2870 4835 Praeparatam
2905 4776 3087 4819 autem
3113 4782 3251 4827 esse,
3286 4766 3482 4834 inquit,
3504 4767 3578 4820 ita

2001 4867 2058 4912 ut
2084 4858 2514 4913 benedictionem
2546 4876 2650 4913 non
2682 4860 2836 4928 quasi
2885 4860 3190 4913 avaritiam.
3220 4856 3297 4911 Ne
3333 4859 3454 4926 quis
3481 4873 3579 4926 pu-

2002 4958 2095 5016 tet,
2130 4949 2226 5013 ait,
2258 4952 2537 5004 avaritiam
2566 4964 2685 5004 esse
2708 4951 2847 5017 quo-l
2872 4952 3134 5020 accipitur
3173 4951 3237 5003 ad
3265 4951 3569 5004 necessita-

2006 5048 2111 5093 tem
2145 5048 2478 5094 sanetorum.
2510 5040 2627 5093 Iloc
2656 5050 2833 5093 autem
2863 5041 2981 5094 dico
3016 5042 3263 5111 quoniam
3288 5043 3376 5110 qui
3422 5056 3577 5109 parce
3628 5118 3631 5125 _

2001 5131 2244 5195 seminat,
2279 5147 2438 5199 parce
2460 5142 2508 5185 et
2529 5142 2680 5185 metet
2705 5145 2723 5182 :
2760 5133 2852 5195 qui
2883 5133 3102 5185 seminat
3136 5132 3568 5193 benedictionem,

2000 5222 2405 5276 benedictionem
2446 5233 2492 5276 et
2527 5233 2698 5275 metet.
2732 5221 3098 5292 Unusquisque
3136 5224 3270 5275 sicut
3302 5224 3574 5291 proposuit

2002 5316 2158 5368 corde
2187 5315 2349 5383 faciat
2376 5314 2442 5366 ⁷³.
2499 5312 2613 5367 Non
2643 5315 2787 5367 enim
2818 5315 2988 5368 virtus
3038 5329 3172 5382 opus
3197 5324 3308 5380 est,
3337 5316 3431 5368 sed
3462 5314 3576 5367 ani-

2004 5422 2122 5461 mus
2178 5415 2481 5475 promptus.
2540 5404 3003 5471 Quemadmodum
3059 5420 3187 5476 ergo
3234 5406 3393 5461 debet
3451 5405 3574 5473 quis

2410 5613 2453 5643 ⁸⁵
2496 5611 2621 5667 ibid.
2652 5612 2733 5665 l7.
2812 5611 2855 5642 ⁸⁷
2881 5610 3012 5666 ibid.
3052 5613 3131 5667 l9.
3244 5610 3286 5641 "
3312 5609 3439 5665 ibid.
3478 5608 3567 5663 2|.

2108 5679 2153 5713 ⁷⁸
2185 5682 2315 5736 ibid.
2349 5682 2400 5735 6.
